ISA*00*          *00*          *ZZ*COMEDASSISTPROG*ZZ*6769489        *200217*0229*^*00501*200012397*0*P*:~GS*HP*COMEDASSISTPROG*6769489*20200217*022928*200012397*X*005010X221A1~ST*835*000010012~BPR*I*26995.46*C*CHK************20200217~TRN*1*000025253*1811725341~REF*EV*1508250911~DTM*405*20200214~N1*PR*CO_TXIX*XV*7912900843~N3*P.O. BOX 30~N4*DENVER*CO*80201~PER*CX*MEDICAID PROVIDER SERVICES*TE*8442352387~PER*BL*MEDICAID PROVIDER SERVICES*TE*8442352387~N1*PE*HEALTH SOLUTIONS MED CENTER*XX*1508250911~REF*TJ*841158933~LX*1~CLP*000100028332*2*1986*340.69**MC*2020045003719~NM1*QC*1*BARNELL*SHANNA*V***MR*R948166~NM1*82*1*SEARLES*DENISE*A***XX*1396971230~REF*EA*CF7C3BDC189E4C719CB438E968F4690A~DTM*232*20200116~DTM*233*20200116~SVC*HC:99214:25*134*95.01**1~DTM*472*20200116~CAS*CO*45*38.99~REF*6R*CPM222M5H2GV~AMT*B6*95.01~LQ*HE*N381~LQ*HE*N381~SVC*HC:96372*32*12.46**1~DTM*472*20200116~CAS*CO*45*19.54~REF*6R*CPM25AEFF2GH~AMT*B6*12.46~LQ*HE*N381~LQ*HE*N381~SVC*HC:J2315*1805*233.22**380~DTM*472*20200116~CAS*CO*45*1571.78~REF*6R*CPM2EO4JYXU1~AMT*B6*233.22~LQ*HE*N381~LQ*HE*N381~SVC*HC:81025*15*0**1~DTM*472*20200116~CAS*CO*45*15~REF*6R*CPM2IHYLX02D~LQ*HE*N381~CLP*000100028238*2*90*13.11**MC*2020043043241~NM1*QC*1*COOK*DAVID*T***MR*M267307~NM1*82*1*CADDALI*ESTRELLA*A***XX*1164974580~REF*EA*DC19F6607E3F45EE86A19DED7D06AA62~DTM*232*20200115~DTM*233*20200115~SVC*HC:99213*90*13.11**1~DTM*472*20200115~CAS*CO*45*76.89~REF*6R*CPVECP7G6JUH~AMT*B6*13.11~LQ*HE*N381~LQ*HE*N381~CLP*000100028224*2*265*34.97**MC*2020045003735~NM1*QC*1*ESQUIBEL*DELILAH*M***MR*Q578881~NM1*82*1*LUCAS*PEGGI*S***XX*1366419582~REF*EA*ACCD4AB9E09D45C2BA20CF0C37CF48D7~DTM*232*20200115~DTM*233*20200115~SVC*HC:99204:25*205*28.68**1~DTM*472*20200115~CAS*CO*45*176.32~REF*6R*CPM21C8305I1~AMT*B6*28.68~LQ*HE*N381~LQ*HE*N381~SVC*HC:G0444*20*0**1~DTM*472*20200115~CAS*CO*45*20~REF*6R*CPM2N6JF0TBS~SVC*HC:G0396*40*6.29**1~DTM*472*20200115~CAS*OA*P22*33.71~REF*6R*CPM2VOFM8NOB~AMT*B6*6.29~LQ*HE*MA125~LQ*HE*MA125~CLP*000100028280*2*134*41.17**MC*2020045003740~NM1*QC*1*FORTUNE*CATHERINE*M***MR*O812250~NM1*82*1*HOOSHMAND-PARSI*KAYHOSROW****XX*1447291851~REF*EA*4CFC92E8022F409E98508775080E6BDF~DTM*232*20200115~DTM*233*20200115~SVC*HC:99214*134*41.17**1~DTM*472*20200115~CAS*CO*45*92.83~REF*6R*CPM22KMHB2K1~AMT*B6*41.17~LQ*HE*N381~LQ*HE*N381~CLP*000100027905*2*134*95.01**MC*2020043043176~NM1*QC*1*LOVE*DORIS*J***MR*D733937~NM1*82*1*GRONEMEYER*LEANNE*R***XX*1659521045~REF*EA*16220CE4DEC64901983A4B6633ED66EF~DTM*232*20200109~DTM*233*20200109~SVC*HC:99214*134*95.01**1~DTM*472*20200109~CAS*CO*45*38.99~REF*6R*CPVE9SSNSJ2W~AMT*B6*95.01~LQ*HE*N381~LQ*HE*N381~CLP*000100028143*2*90*55.14**MC*2020039002263~NM1*QC*1*MARRONE*JOHN*H***MR*G491256~NM1*82*1*LUCAS*PEGGI*S***XX*1366419582~REF*EA*24FA7ED2EAD14F3FBD45BE568A7992AB~DTM*232*20200114~DTM*233*20200114~SVC*HC:99213*90*55.14**1~DTM*472*20200114~CAS*CO*45*34.86~REF*6R*CPM6LLEFFOW9~AMT*B6*55.14~LQ*HE*N381~LQ*HE*N381~CLP*000100028329*2*261*126.48**MC*2020045003731~NM1*QC*1*MARTINEZ FOOS*CHRISTINA*M***MR*H925604~NM1*74*1*MARTINEZ~NM1*82*1*GRONEMEYER*LEANNE*R***XX*1659521045~REF*EA*D0A0F656B2F14F6C96783871DF514BC3~DTM*232*20200116~DTM*233*20200116~SVC*HC:99214:25*134*95.01**1~DTM*472*20200116~CAS*CO*45*38.99~REF*6R*CPM26V4BJ7YL~AMT*B6*95.01~LQ*HE*N381~LQ*HE*N381~SVC*HC:G0008*32*0**1~DTM*472*20200116~CAS*OA*P22*32~REF*6R*CPM2L3T1VDQ6~LQ*HE*MA125~SVC*HC:90674*35*0**1~DTM*472*20200116~CAS*CO*45*35~REF*6R*CPM28083OTF0~LQ*HE*N381~SVC*HC:G0444*20*0**1~DTM*472*20200116~CAS*CO*45*20~REF*6R*CPM2PAWAMVYM~SVC*HC:G0396*40*31.47**1~DTM*472*20200116~CAS*OA*P22*8.53~REF*6R*CPM2CKY60EW0~AMT*B6*31.47~LQ*HE*MA125~CLP*000100028533*2*134*19**MC*2020045003710~NM1*QC*1*MATTHEWS*MICHAEL*P***MR*L679106~NM1*82*1*CADDALI*ESTRELLA*A***XX*1164974580~REF*EA*0DC67B6139954BD5AD1A605E68975BF4~DTM*232*20200121~DTM*233*20200121~SVC*HC:99214*134*19**1~DTM*472*20200121~CAS*CO*45*115~REF*6R*CPM2RMUO5IGY~AMT*B6*19~LQ*HE*N381~LQ*HE*N381~CLP*000100027455*2*1927*397.72**MC*2020043043189~NM1*QC*1*MOORE*HOLLY****MR*G690959~NM1*82*1*GRONEMEYER*LEANNE*R***XX*1659521045~REF*EA*5EC5BAA17B8D4E8B9009565E996D6E7F~DTM*232*20200102~DTM*233*20200102~SVC*HC:99213:25*90*65.57**1~DTM*472*20200102~CAS*CO*45*24.43~REF*6R*CPVEO1N9P0KZ~AMT*B6*65.57~LQ*HE*N77~LQ*HE*N381~LQ*HE*N381~SVC*HC:96372*32*12.46**1~DTM*472*20200102~CAS*CO*45*19.54~REF*6R*CPVEJOJ6OV3I~AMT*B6*12.46~LQ*HE*N77~LQ*HE*N381~LQ*HE*N381~SVC*HC:J2315*1805*319.69**380~DTM*472*20200102~CAS*CO*45*1485.31~REF*6R*CPVEHRDGDG1Y~AMT*B6*319.69~LQ*HE*N77~LQ*HE*N381~LQ*HE*N381~CLP*000100028323*2*158*13**MC*2020045003707~NM1*QC*1*MURPHY*JAMES*P***MR*O503555~NM1*82*1*HOOSHMAND-PARSI*KAYHOSROW****XX*1447291851~REF*EA*CFD683A2888A43138A30DB2D59CACFAF~DTM*232*20200116~DTM*233*20200116~SVC*HC:99214:25*134*9.48**1~DTM*472*20200116~CAS*CO*45*124.52~REF*6R*CPM2BLC8Y29G~AMT*B6*9.48~LQ*HE*N381~LQ*HE*N381~SVC*HC:93000*24*3.52**1~DTM*472*20200116~CAS*CO*45*20.48~REF*6R*CPM2UMWXICFS~AMT*B6*3.52~LQ*HE*N381~LQ*HE*N381~CLP*000100028876*2*134*95.01**MC*2020045003745~NM1*QC*1*STROIK*GARY*M***MR*P331121~NM1*82*1*GRONEMEYER*LEANNE*R***XX*1659521045~REF*EA*2D319DAE57024B0BBB46AE1FF0773095~DTM*232*20200127~DTM*233*20200127~SVC*HC:99214*134*95.01**1~DTM*472*20200127~CAS*CO*45*38.99~REF*6R*CPUY9A5ULY8O~AMT*B6*95.01~LQ*HE*N381~LQ*HE*N381~CLP*000100028058*2*134*19**MC*2020039002271~NM1*QC*1*TAVAREZ*BALBINAQ****MR*O311216~NM1*82*1*GRONEMEYER*LEANNE*R***XX*1659521045~REF*EA*F516A2A949234FE7BAC50D25D452CDDF~DTM*232*20200113~DTM*233*20200113~SVC*HC:99214*134*19**1~DTM*472*20200113~CAS*CO*45*115~REF*6R*CPM6GYUFK21N~AMT*B6*19~LQ*HE*N381~LQ*HE*N381~CLP*000100028805*2*134*95.01**MC*2020044004027~NM1*QC*1*TREVINO CRUZ*ELVA*A***MR*N194567~NM1*74*1*TREVINOCRUZ~NM1*82*1*LUCAS*PEGGI*S***XX*1366419582~REF*EA*ECE0D19A64EA41728B1644964C16B6D7~DTM*232*20200124~DTM*233*20200124~SVC*HC:99214*134*95.01**1~DTM*472*20200124~CAS*CO*45*38.99~REF*6R*CPUYM5DYLH7X~AMT*B6*95.01~LQ*HE*N381~LQ*HE*N381~CLP*000100027874*2*205*125.54**MC*2020039002266~NM1*QC*1*TRUJILLO*YVONNE*D***MR*C027869~NM1*82*1*SEARLES*DENISE*A***XX*1396971230~REF*EA*FB6575053368430A8C9566310C896067~DTM*232*20200108~DTM*233*20200108~SVC*HC:99203:25*145*94.07**1~DTM*472*20200108~CAS*CO*45*50.93~REF*6R*CPM6JIA3JZW5~AMT*B6*94.07~LQ*HE*N381~LQ*HE*N381~SVC*HC:G0444*20*0**1~DTM*472*20200108~CAS*CO*45*20~REF*6R*CPM6U4DWZ5YM~SVC*HC:G0396*40*31.47**1~DTM*472*20200108~CAS*OA*P22*8.53~REF*6R*CPM6EFBAJUTS~AMT*B6*31.47~LQ*HE*MA125~LQ*HE*MA125~CLP*000100027983*2*134*19**MC*2020039002291~NM1*QC*1*WAGNER*DOROTHY*J***MR*P790476~NM1*82*1*CADDALI*ESTRELLA*A***XX*1164974580~REF*EA*DD59B81A4448475197303757459D42E0~DTM*232*20200110~DTM*233*20200110~SVC*HC:99214*134*19**1~DTM*472*20200110~CAS*CO*45*115~REF*6R*CPM6RYFQ2NOK~AMT*B6*19~LQ*HE*N381~LQ*HE*N381~CLP*000100028362*2*134*19**MC*2020045003742~NM1*QC*1*WAGNER*DOROTHY*J***MR*P790476~NM1*82*1*CADDALI*ESTRELLA*A***XX*1164974580~REF*EA*86B46D8840D748AD9A200727FC2FF361~DTM*232*20200116~DTM*233*20200116~SVC*HC:99214*134*19**1~DTM*472*20200116~CAS*CO*45*115~REF*6R*CPM2JQ6RMEGL~AMT*B6*19~LQ*HE*N381~LQ*HE*N381~CLP*000100028196*2*134*36.03**MC*2020039002280~NM1*QC*1*ZAMORA*KATHERINE*M***MR*Q701830~NM1*82*1*LUCAS*PEGGI*S***XX*1366419582~REF*EA*BC7566E9510C431E89A1B76DB9A68E16~DTM*232*20200115~DTM*233*20200115~SVC*HC:99214*134*36.03**1~DTM*472*20200115~CAS*CO*45*97.97~REF*6R*CPM6ZZBMPWSU~AMT*B6*36.03~LQ*HE*N381~LQ*HE*N381~CLP*000100027656*4*174*0**MC*2020043043280~NM1*QC*1*POWELL*CHRISTINE*L***MR*P635957~NM1*82*1*GRONEMEYER*LEANNE*R***XX*1659521045~REF*EA*9D124B5B8F1E4286A92B6B2463D08355~DTM*232*20200106~DTM*233*20200106~SVC*HC:99214:25*134*0**0**1~DTM*472*20200106~CAS*PI*96*134~REF*6R*CPVED7BQEELY~LQ*HE*N56~SVC*HC:G0396*40*0**0**1~DTM*472*20200106~CAS*CO*56*40~REF*6R*CPVE7DV7C0J6~LQ*HE*N130~CLP*000100029118*1*134*97.11**MC*2020043044310~NM1*QC*1*AMES*STACY*L***MR*K978061~NM1*82*1*CADDALI*ESTRELLA*A***XX*1164974580~REF*EA*CC576F2E7A0D4C11AEDABA210B9AD73A~DTM*232*20200130~DTM*233*20200130~SVC*HC:99214*134*97.11**1~DTM*472*20200130~CAS*CO*45*36.89~REF*6R*CPVE1URNHC2B~AMT*B6*97.11~LQ*HE*N381~CLP*000100028235*1*165.86*105.68**MC*2020043043601~NM1*QC*1*ARAGON*NESTOR****MR*R427575~NM1*82*1*LUCAS*PEGGI*S***XX*1366419582~REF*EA*199C2A5E225949E09EBB5B30E2148CDE~DTM*232*20200115~DTM*233*20200115~SVC*HC:20610:50*61.93*61.93**1~DTM*472*20200115~REF*6R*CPVEJ2FHWPF5~AMT*B6*61.93~LQ*HE*N381~SVC*HC:J3301:RT*14*6.04**4~DTM*472*20200115~CAS*CO*45*7.96~REF*6R*CPVEXLAGRSP3~AMT*B6*6.04~LQ*HE*N381~SVC*HC:J3301:LT*14*6.04**4~DTM*472*20200115~CAS*CO*45*7.96~REF*6R*CPVE7NJKG5ZN~AMT*B6*6.04~LQ*HE*N381~SVC*HC:20610:RT*61.93*25.63**1~DTM*472*20200115~CAS*CO*45*36.3~REF*6R*CPVESETIOJPV~AMT*B6*25.63~LQ*HE*N381~LQ*HE*N381~SVC*HC:J3301*14*6.04**4~DTM*472*20200115~CAS*CO*45*7.96~REF*6R*CPVEJNBPMPMV~AMT*B6*6.04~LQ*HE*N381~CLP*000100028968*1*134*97.11**MC*2020045063306~NM1*QC*1*ARAGON*NESTOR****MR*R427575~NM1*82*1*LUCAS*PEGGI*S***XX*1366419582~REF*EA*4234E671E3984BD2B89E333991C3CCE9~DTM*232*20200128~DTM*233*20200128~SVC*HC:99214*134*97.11**1~DTM*472*20200128~CAS*CO*45*36.89~REF*6R*CPVYHJ95VXCP~AMT*B6*97.11~LQ*HE*N381~CLP*000100028910*1*134*95.11*2*MC*2020043043656~NM1*QC*1*ARCHULETA*MATTHEW****MR*Y421943~NM1*82*1*LUCAS*PEGGI*S***XX*1366419582~REF*EA*5B8C43B248EC46209DBA201674206D18~DTM*232*20200127~DTM*233*20200127~SVC*HC:99214*134*95.11**1~DTM*472*20200127~CAS*PR*3*2~CAS*CO*45*36.89~REF*6R*CPVENH4H8D3S~AMT*B6*97.11~LQ*HE*N381~LQ*HE*N381~CLP*000100029112*1*165*107.82**MC*2020043043759~NM1*QC*1*ARELLANO*JOSHUA****MR*Q668955~NM1*82*1*GRONEMEYER*LEANNE*R***XX*1659521045~REF*EA*D1746D1E441E4CACA105EA5A5EDFA500~DTM*232*20200130~DTM*233*20200130~SVC*HC:99395*165*107.82**1~DTM*472*20200130~CAS*CO*45*57.18~REF*6R*CPVERCSPX5HU~AMT*B6*107.82~LQ*HE*N381~CLP*000100028928*1*134*97.11**MC*2020043043834~NM1*QC*1*AYERS*ADRIAN****MR*P567582~NM1*82*1*SEARLES*DENISE*A***XX*1396971230~REF*EA*6B3360338D874CD0A2AF3484248374D8~DTM*232*20200128~DTM*233*20200128~SVC*HC:99214*134*97.11**1~DTM*472*20200128~CAS*CO*45*36.89~REF*6R*CPVEAUDZP2N6~AMT*B6*97.11~LQ*HE*N381~CLP*000100029189*1*90*63.81*2*MC*2020043044181~NM1*QC*1*AZZAM*KELLI*J***MR*T224226~NM1*82*1*CADDALI*ESTRELLA*A***XX*1164974580~REF*EA*555C0C57D85B4C53881BBE84C0932BCB~DTM*232*20200131~DTM*233*20200131~SVC*HC:99213*90*63.81**1~DTM*472*20200131~CAS*PR*3*2~CAS*CO*45*24.19~REF*6R*CPVE18MFL3XN~AMT*B6*65.81~LQ*HE*N381~LQ*HE*N381~CLP*000100029181*1*134*97.11**MC*2020043044364~NM1*QC*1*BACA*RUBEN*A***MR*Y047437~NM1*82*1*SEARLES*DENISE*A***XX*1396971230~REF*EA*D91A036A7E0C49DC8A2515D3F84B6253~DTM*232*20200130~DTM*233*20200130~SVC*HC:99214*134*97.11**1~DTM*472*20200130~CAS*CO*45*36.89~REF*6R*CPVE2GV201RN~AMT*B6*97.11~LQ*HE*N381~CLP*000100028879*1*149*105.53**MC*2020045063398~NM1*QC*1*BAROS*MELANIE*A***MR*L096798~NM1*82*1*HOOSHMAND-PARSI*KAYHOSROW****XX*1447291851~REF*EA*38FFB1616350480FBA761F113F490567~DTM*232*20200127~DTM*233*20200127~SVC*HC:99214:25*134*97.11**1~DTM*472*20200127~CAS*CO*45*36.89~REF*6R*CPVYD1PNXYPG~AMT*B6*97.11~LQ*HE*N77~LQ*HE*N381~SVC*HC:81025*15*8.42**1~DTM*472*20200127~CAS*CO*45*6.58~REF*6R*CPVYQ4ZGXN0J~AMT*B6*8.42~LQ*HE*N77~LQ*HE*N381~CLP*000100029323*1*90*65.81**MC*2020043044108~NM1*QC*1*BOGGS*HEATHER****MR*O946071~NM1*82*1*GRONEMEYER*LEANNE*R***XX*1659521045~REF*EA*70440486D3AE49B29D441EC614FDBC62~DTM*232*20200203~DTM*233*20200203~SVC*HC:99213*90*65.81**1~DTM*472*20200203~CAS*CO*45*24.19~REF*6R*CPVEL3DAPT86~AMT*B6*65.81~LQ*HE*N381~CLP*000100025786*2*134*5.91**MC*2020043043688~NM1*QC*1*BROWN*SAMANTHA*L***MR*U792619~NM1*82*1*HOOSHMAND-PARSI*KAYHOSROW****XX*1447291851~REF*EA*D2D8A3CED3D945E6BE0CD9BF613A946A~DTM*232*20191126~DTM*233*20191126~SVC*HC:99214:25*134*5.91**1~DTM*472*20191126~CAS*CO*45*36.89~CAS*OA*23*91.2~REF*6R*CPVEQ8IVZKZE~AMT*B6*97.11~LQ*HE*N77~LQ*HE*MA125~LQ*HE*N381~CLP*000100029061*1*2018*1283.55*2*MC*2020045063360~NM1*QC*1*PORTER*ASHLEY*C***MR*G299091~NM1*74*1*BURCH~NM1*82*1*GRONEMEYER*LEANNE*R***XX*1659521045~REF*EA*36A8DC0301EA4CA4AA31A901AF5B7804~DTM*232*20200129~DTM*233*20200129~SVC*HC:99213:25*90*63.81**1~DTM*472*20200129~CAS*PR*3*2~CAS*CO*45*24.19~REF*6R*CPVY79ZKGK63~AMT*B6*65.81~LQ*HE*N77~LQ*HE*N381~LQ*HE*N381~SVC*HC:96372*32*0**0**1~DTM*472*20200129~CAS*CO*109*32~REF*6R*CPVYFHGRXSDP~LQ*HE*N77~LQ*HE*N381~SVC*HC:J2315*1805*1189.4**380~DTM*472*20200129~CAS*CO*45*615.6~REF*6R*CPVYSKZC7FB3~AMT*B6*1189.4~LQ*HE*N77~LQ*HE*N381~SVC*HC:H0049*36*10.92**1~DTM*472*20200129~CAS*CO*45*25.08~REF*6R*CPVYYBKMVOUT~AMT*B6*10.92~LQ*HE*N77~LQ*HE*N381~SVC*HC:G8510*40*11**1~DTM*472*20200129~CAS*CO*45*29~REF*6R*CPVYIMIULB9S~AMT*B6*11~LQ*HE*N77~LQ*HE*N381~SVC*HC:81025*15*8.42**1~DTM*472*20200129~CAS*CO*45*6.58~REF*6R*CPVY1ROI08RL~AMT*B6*8.42~LQ*HE*N77~LQ*HE*N381~CLP*000100025978*1*167*81**MC*2020045063476~NM1*QC*1*BURNS*KYRA*J***MR*O410409~NM1*82*1*GRONEMEYER*LEANNE*R***XX*1659521045~REF*EA*78F4684844A0490689C9B440D33F6547~DTM*232*20191202~DTM*233*20191202~SVC*HC:96372:FP*32*0**0**1~DTM*472*20191202~CAS*PI*96*32~REF*6R*CPVY7H5NBV5L~LQ*HE*N30~LQ*HE*N56~LQ*HE*N381~SVC*HC:J1050:FP*135*81**150~DTM*472*20191202~CAS*CO*45*54~REF*6R*CPVYETL15LSM~AMT*B6*81~LQ*HE*N381~CLP*000100029047*1*149*105.53**MC*2020045063248~NM1*QC*1*BUSTILLOS*DESIREE****MR*Y193127~NM1*82*1*LANE*DELLA*J***XX*1417151630~REF*EA*388F3666A34644698A9F06803F82D3AC~DTM*232*20200129~DTM*233*20200129~SVC*HC:99214:25*134*97.11**1~DTM*472*20200129~CAS*CO*45*36.89~REF*6R*CPVYVDOPV3XB~AMT*B6*97.11~LQ*HE*N77~LQ*HE*N381~SVC*HC:81025*15*8.42**1~DTM*472*20200129~CAS*CO*45*6.58~REF*6R*CPVYVWP58MP0~AMT*B6*8.42~LQ*HE*N77~LQ*HE*N381~CLP*000100029353*1*54*39.39**MC*2020043044194~NM1*QC*1*CABELLO*ANNE*L***MR*J047769~NM1*82*1*CADDALI*ESTRELLA*A***XX*1164974580~REF*EA*7D91E12751DA4A4BAB2FE9CD3D449524~DTM*232*20200204~DTM*233*20200204~SVC*HC:99212*54*39.39**1~DTM*472*20200204~CAS*CO*45*14.61~REF*6R*CPVENDU3YLQK~AMT*B6*39.39~LQ*HE*N381~CLP*000100028468*1*134*95.11*2*MC*2020043043248~NM1*QC*1*CABELLO*JOSHUA****MR*W859481~NM1*82*1*GRONEMEYER*LEANNE*R***XX*1659521045~REF*EA*C75CBEE2DFC645C697AA6E0B4DF76299~DTM*232*20200120~DTM*233*20200120~SVC*HC:99214*134*95.11**1~DTM*472*20200120~CAS*PR*3*2~CAS*CO*45*36.89~REF*6R*CPVE9QC051BG~AMT*B6*97.11~LQ*HE*N381~LQ*HE*N381~CLP*000100028884*1*149*104.53*1*MC*2020045063593~NM1*QC*1*CALDERON*DAVINA*R***MR*J450070~NM1*82*1*HOOSHMAND-PARSI*KAYHOSROW****XX*1447291851~REF*EA*87AA97AFA54C4A7D9102602E0997586C~DTM*232*20200127~DTM*233*20200127~SVC*HC:99214:25*134*96.11**1~DTM*472*20200127~CAS*PR*3*1~CAS*CO*45*36.89~REF*6R*CPVYPU63W20N~AMT*B6*97.11~LQ*HE*N77~LQ*HE*N381~LQ*HE*N381~SVC*HC:81025*15*8.42**1~DTM*472*20200127~CAS*CO*45*6.58~REF*6R*CPVYLJWSJXGO~AMT*B6*8.42~LQ*HE*N77~LQ*HE*N381~CLP*000100029190*1*105*74.23**MC*2020045063374~NM1*QC*1*CAMPBELL*TAMMY*L***MR*Y574975~NM1*82*1*SEARLES*DENISE*A***XX*1396971230~REF*EA*E5BF43866D0A4BE28963F2AC4D242119~DTM*232*20200131~DTM*233*20200131~SVC*HC:99213:25*90*65.81**1~DTM*472*20200131~CAS*CO*45*24.19~REF*6R*CPVYZGZZXPO6~AMT*B6*65.81~LQ*HE*N77~LQ*HE*N381~SVC*HC:81025*15*8.42**1~DTM*472*20200131~CAS*CO*45*6.58~REF*6R*CPVY4ADBDBDP~AMT*B6*8.42~LQ*HE*N77~LQ*HE*N381~CLP*000100028838*1*2217*1395.16*2*MC*2020043043996~NM1*QC*1*CANDELARIA*JIMMY*L***MR*K552023~NM1*82*1*LUCAS*PEGGI*S***XX*1366419582~REF*EA*9CCDF84B2FC14EBBA17D3145B358C60D~DTM*232*20200127~DTM*233*20200127~SVC*HC:99205:25*255*184.33**1~DTM*472*20200127~CAS*PR*3*2~CAS*CO*45*68.67~REF*6R*CPVEQCYU56PT~AMT*B6*186.33~LQ*HE*N77~LQ*HE*N381~LQ*HE*N381~SVC*HC:99415*45*7.11**1~DTM*472*20200127~CAS*CO*45*37.89~REF*6R*CPVERLT4WQ7P~AMT*B6*7.11~LQ*HE*N77~LQ*HE*N381~SVC*HC:96372*32*0**0**1~DTM*472*20200127~CAS*CO*109*32~REF*6R*CPVE7TWNA514~LQ*HE*N77~LQ*HE*N381~SVC*HC:J2315*1805*1189.4**380~DTM*472*20200127~CAS*CO*45*615.6~REF*6R*CPVE4TD8I8R1~AMT*B6*1189.4~LQ*HE*N77~LQ*HE*N381~SVC*HC:H0049*36*10.92**1~DTM*472*20200127~CAS*CO*45*25.08~REF*6R*CPVEL8OX7RFP~AMT*B6*10.92~LQ*HE*N77~LQ*HE*N381~SVC*HC:G8510*40*0**0**1~DTM*472*20200127~CAS*PI*119*40~REF*6R*CPVE7FVKHCAZ~LQ*HE*N77~LQ*HE*N362~LQ*HE*N56~LQ*HE*N381~SVC*HC:81002*4*3.4**1~DTM*472*20200127~CAS*CO*45*.6~REF*6R*CPVESY7U60QV~AMT*B6*3.4~LQ*HE*N77~LQ*HE*N381~CLP*000100029311*1*134*95.11*2*MC*2020045063584~NM1*QC*1*CANDELARIA*JIMMY*L***MR*K552023~NM1*82*1*LUCAS*PEGGI*S***XX*1366419582~REF*EA*B4D1A7CFCA1E41A89508337CF207D7A8~DTM*232*20200203~DTM*233*20200203~SVC*HC:99214*134*95.11**1~DTM*472*20200203~CAS*PR*3*2~CAS*CO*45*36.89~REF*6R*CPVYJIFTQO60~AMT*B6*97.11~LQ*HE*N77~LQ*HE*N381~LQ*HE*N381~CLP*000100028943*1*221*138.87**MC*2020043044207~NM1*QC*1*CAROTHERS*NOAH****MR*Y987861~NM1*82*1*CADDALI*ESTRELLA*A***XX*1164974580~REF*EA*FCE3AABF9E794CF984967D8F1AEF9A52~DTM*232*20200128~DTM*233*20200128~SVC*HC:99203:25*145*97.43**1~DTM*472*20200128~CAS*CO*45*47.57~REF*6R*CPVEOGD9WJAT~AMT*B6*97.43~LQ*HE*N381~SVC*HC:H0049*36*10.92**1~DTM*472*20200128~CAS*CO*45*25.08~REF*6R*CPVECDGP6JSA~AMT*B6*10.92~LQ*HE*N381~SVC*HC:G8431*40*30.52**1~DTM*472*20200128~CAS*CO*45*9.48~REF*6R*CPVEL7DN5VDO~AMT*B6*30.52~LQ*HE*N381~CLP*000100028952*1*65*55.35**MC*2020043044213~NM1*QC*1*CAROTHERS*NOAH****MR*Y987861~NM1*82*1*LEWIS*HOLLY*G***XX*1295234128~REF*EA*1E9C5EAB62D844FC9FC1DFFDBE4D72AF~DTM*232*20200128~DTM*233*20200128~SVC*HC:90832*65*55.35**1~DTM*472*20200128~CAS*CO*45*9.65~REF*6R*CPVE8BAN5LF4~AMT*B6*55.35~LQ*HE*N381~CLP*000100028964*1*134*97.11**MC*2020045063559~NM1*QC*1*CASACK*JACOB****MR*Y190717~NM1*82*1*HOOSHMAND-PARSI*KAYHOSROW****XX*1447291851~REF*EA*39C43B0A8F0F40E78E43F911D46A5C51~DTM*232*20200128~DTM*233*20200128~SVC*HC:99214*134*97.11**1~DTM*472*20200128~CAS*CO*45*36.89~REF*6R*CPVY2LDRW82J~AMT*B6*97.11~LQ*HE*N77~LQ*HE*N381~CLP*000100028859*1*149*105.53**MC*2020043043764~NM1*QC*1*CHAVEZ*CELINA*A***MR*I557323~NM1*82*1*LUCAS*PEGGI*S***XX*1366419582~REF*EA*8B87DCBE579844E0910C603BAE1CDB41~DTM*232*20200127~DTM*233*20200127~SVC*HC:99214:25*134*97.11**1~DTM*472*20200127~CAS*CO*45*36.89~REF*6R*CPVEWNP7IMTI~AMT*B6*97.11~LQ*HE*N77~LQ*HE*N381~SVC*HC:81025*15*8.42**1~DTM*472*20200127~CAS*CO*45*6.58~REF*6R*CPVEHPF1N0HX~AMT*B6*8.42~LQ*HE*N77~LQ*HE*N381~CLP*000100029358*1*149*105.53**MC*2020045063458~NM1*QC*1*CHAVEZ*CELINA*A***MR*I557323~NM1*82*1*LUCAS*PEGGI*S***XX*1366419582~REF*EA*6EECA99B2D2D48E780272C59BE1CC38B~DTM*232*20200204~DTM*233*20200204~SVC*HC:99214:25*134*97.11**1~DTM*472*20200204~CAS*CO*45*36.89~REF*6R*CPVYZ3C108QJ~AMT*B6*97.11~LQ*HE*N77~LQ*HE*N381~SVC*HC:81025*15*8.42**1~DTM*472*20200204~CAS*CO*45*6.58~REF*6R*CPVY4XFHWZB1~AMT*B6*8.42~LQ*HE*N77~LQ*HE*N381~CLP*000100029392*1*274*148.72*2*MC*2020043043663~NM1*QC*1*CHILO*DONALD****MR*O822591~NM1*82*1*CADDALI*ESTRELLA*A***XX*1164974580~REF*EA*58F01B75FC7141849F5D1A4A1FC3D7AE~DTM*232*20200204~DTM*233*20200204~SVC*HC:99203:25*145*95.43**1~DTM*472*20200204~CAS*PR*3*2~CAS*CO*45*47.57~REF*6R*CPVEEFLZA11U~AMT*B6*97.43~LQ*HE*N381~LQ*HE*N381~SVC*HC:96372*32*15.67**1~DTM*472*20200204~CAS*CO*45*16.33~REF*6R*CPVENZ1DRKS9~AMT*B6*15.67~LQ*HE*N381~SVC*HC:J1885*5*0**0**2~DTM*472*20200204~CAS*PI*16*5~REF*6R*CPVEKS1PJFCO~LQ*HE*M119~LQ*HE*N381~SVC*HC:H0049*36*10.92**1~DTM*472*20200204~CAS*CO*45*25.08~REF*6R*CPVEU2YXOO6O~AMT*B6*10.92~LQ*HE*N381~SVC*HC:G8510*40*11**1~DTM*472*20200204~CAS*CO*45*29~REF*6R*CPVE9P6AJ0GD~AMT*B6*11~LQ*HE*N381~SVC*HC:87804:QW*16*15.7**1~DTM*472*20200204~CAS*CO*45*.3~REF*6R*CPVEONQDDWTW~AMT*B6*15.7~LQ*HE*N381~CLP*000100029152*1*153*106.93*2*MC*2020043043283~NM1*QC*1*CHRISTOPHER*CHEYENNE****MR*G660293~NM1*82*1*GRONEMEYER*LEANNE*R***XX*1659521045~REF*EA*1D9A7730E98246BFB58A1AEDD12A28B0~DTM*232*20200130~DTM*233*20200130~SVC*HC:99214:25*134*95.11**1~DTM*472*20200130~CAS*PR*3*2~CAS*CO*45*36.89~REF*6R*CPVEQN1SXGLC~AMT*B6*97.11~LQ*HE*N381~LQ*HE*N381~SVC*HC:81025*15*8.42**1~DTM*472*20200130~CAS*CO*45*6.58~REF*6R*CPVEVIQZ4DS1~AMT*B6*8.42~LQ*HE*N381~SVC*HC:81002*4*3.4**1~DTM*472*20200130~CAS*CO*45*.6~REF*6R*CPVE4CVK1DC1~AMT*B6*3.4~LQ*HE*N381~CLP*000100029040*1*180*127.99*2*MC*2020043044135~NM1*QC*1*COFFEE*TALITHA*F***MR*M798889~NM1*82*1*SEARLES*DENISE*A***XX*1396971230~REF*EA*2E86D132C12E4202BBA7E71DAEDE4A65~DTM*232*20200129~DTM*233*20200129~SVC*HC:99215*180*127.99**1~DTM*472*20200129~CAS*PR*3*2~CAS*CO*45*50.01~REF*6R*CPVECHWPWX4P~AMT*B6*129.99~LQ*HE*N381~LQ*HE*N381~CLP*000100029206*1*263*177.75**MC*2020045063631~NM1*QC*1*COLEMAN*AUDREY****MR*P886618~NM1*82*1*LUCAS*PEGGI*S***XX*1366419582~REF*EA*92A5487B57AA4859B504C55682A14314~DTM*232*20200131~DTM*233*20200131~SVC*HC:99396:25*175*114.94**1~DTM*472*20200131~CAS*CO*45*60.06~REF*6R*CPVYXDS96DX0~AMT*B6*114.94~LQ*HE*N381~SVC*HC:90471*35*19.46**1~DTM*472*20200131~CAS*CO*45*15.54~REF*6R*CPVYE9DQVDH4~AMT*B6*19.46~LQ*HE*N381~SVC*HC:90715*53*43.35**1~DTM*472*20200131~CAS*CO*45*9.65~REF*6R*CPVY5XK1W9X0~AMT*B6*43.35~LQ*HE*N381~CLP*000100028475*1*134*97.11**MC*2020043043273~NM1*QC*1*CORDOVA*ANDREA****MR*D732228~NM1*82*1*GRONEMEYER*LEANNE*R***XX*1659521045~REF*EA*0A490C182B30479B8C88DB3724F22F04~DTM*232*20200120~DTM*233*20200120~SVC*HC:99214*134*97.11**1~DTM*472*20200120~CAS*CO*45*36.89~REF*6R*CPVEFW31OJB3~AMT*B6*97.11~LQ*HE*N381~CLP*000100029312*1*149*103.53*2*MC*2020045063190~NM1*QC*1*CRAMER*CHELSEA*C***MR*G314138~NM1*82*1*LUCAS*PEGGI*S***XX*1366419582~REF*EA*74DE7BC0E9364F61B00F85263BE06EF0~DTM*232*20200203~DTM*233*20200203~SVC*HC:99214:25*134*95.11**1~DTM*472*20200203~CAS*PR*3*2~CAS*CO*45*36.89~REF*6R*CPVY0OQUFAU8~AMT*B6*97.11~LQ*HE*N77~LQ*HE*N381~LQ*HE*N381~SVC*HC:81025*15*8.42**1~DTM*472*20200203~CAS*CO*45*6.58~REF*6R*CPVYBJAMQ004~AMT*B6*8.42~LQ*HE*N77~LQ*HE*N381~CLP*000100029193*1*134*95.11*2*MC*2020043044347~NM1*QC*1*CRAWFORD*SHAYNE****MR*P770390~NM1*82*1*LUCAS*PEGGI*S***XX*1366419582~REF*EA*4B6AF945C5194D2694B92F68A5EC947B~DTM*232*20200131~DTM*233*20200131~SVC*HC:99214*134*95.11**1~DTM*472*20200131~CAS*PR*3*2~CAS*CO*45*36.89~REF*6R*CPVEYALNGSV9~AMT*B6*97.11~LQ*HE*N381~LQ*HE*N381~CLP*000100028974*1*134*97.11**MC*2020043043786~NM1*QC*1*CUMMINGS*TASHA****MR*R438911~NM1*82*1*SEARLES*DENISE*A***XX*1396971230~REF*EA*18739D97CB614BF884C03F1164C3E8E6~DTM*232*20200128~DTM*233*20200128~SVC*HC:99214*134*97.11**1~DTM*472*20200128~CAS*CO*45*36.89~REF*6R*CPVEZYQZIB8M~AMT*B6*97.11~LQ*HE*N381~CLP*000100028690*1*171*112.78**MC*2020043043260~NM1*QC*1*DEEHAN*TRISTAN*J***MR*P615922~NM1*82*1*GRONEMEYER*LEANNE*R***XX*1659521045~REF*EA*53D8E0D701034FDFB2761104C9FA7FED~DTM*232*20200123~DTM*233*20200123~SVC*HC:99214:25*134*97.11**1~DTM*472*20200123~CAS*CO*45*36.89~REF*6R*CPVE5P67AO0V~AMT*B6*97.11~LQ*HE*N381~SVC*HC:96372*32*15.67**1~DTM*472*20200123~CAS*CO*45*16.33~REF*6R*CPVEG47W9QSN~AMT*B6*15.67~LQ*HE*N381~SVC*HC:J1885*5*0**0**2~DTM*472*20200123~CAS*PI*16*5~REF*6R*CPVERF0DOV5J~LQ*HE*M119~LQ*HE*N381~CLP*000100029002*1*90*65.81**MC*2020043043749~NM1*QC*1*DEJOY*ANTHONY****MR*W988017~NM1*82*1*LUCAS*PEGGI*S***XX*1366419582~REF*EA*6A3FB277125B4D16BBCBE2AA1C81DFED~DTM*232*20200128~DTM*233*20200128~SVC*HC:99213*90*65.81**1~DTM*472*20200128~CAS*CO*45*24.19~REF*6R*CPVEHQN5S1M3~AMT*B6*65.81~LQ*HE*N381~CLP*000100028830*1*134*97.11**MC*2020043044289~NM1*QC*1*DIAZ*DOMINIC*M***MR*U857412~NM1*82*1*LUCAS*PEGGI*S***XX*1366419582~REF*EA*55EA798CFDD64319B9B12829BB129F30~DTM*232*20200127~DTM*233*20200127~SVC*HC:99214*134*97.11**1~DTM*472*20200127~CAS*CO*45*36.89~REF*6R*CPVETR78HQ1J~AMT*B6*97.11~LQ*HE*N77~LQ*HE*N381~CLP*000100029308*1*134*97.11**MC*2020045063628~NM1*QC*1*DIAZ*DOMINIC*M***MR*U857412~NM1*82*1*LUCAS*PEGGI*S***XX*1366419582~REF*EA*BA782B1EFBA048DFA7A90A2CE2B2F1A9~DTM*232*20200203~DTM*233*20200203~SVC*HC:99214*134*97.11**1~DTM*472*20200203~CAS*CO*45*36.89~REF*6R*CPVYLC6WSUN3~AMT*B6*97.11~LQ*HE*N77~LQ*HE*N381~CLP*000100028955*1*134*95.11*2*MC*2020045063391~NM1*QC*1*DONOHUE*DENNIS****MR*I666454~NM1*82*1*GRONEMEYER*LEANNE*R***XX*1659521045~REF*EA*5A462546799F4A8C99AB94DEE5F68411~DTM*232*20200128~DTM*233*20200128~SVC*HC:99214*134*95.11**1~DTM*472*20200128~CAS*PR*3*2~CAS*CO*45*36.89~REF*6R*CPVYX3B9N020~AMT*B6*97.11~LQ*HE*N77~LQ*HE*N381~LQ*HE*N381~CLP*000100029043*1*158*118.61**MC*2020043044143~NM1*QC*1*DOUGLAS*AMANDA****MR*J877181~NM1*82*1*CADDALI*ESTRELLA*A***XX*1164974580~REF*EA*B6B3D1C2A54B4D5BB9FB36A7E1F75A9F~DTM*232*20200129~DTM*233*20200129~SVC*HC:99214:25*134*97.11**1~DTM*472*20200129~CAS*CO*45*36.89~REF*6R*CPVEZKKGDKSC~AMT*B6*97.11~LQ*HE*N381~SVC*HC:93000*24*21.5**1~DTM*472*20200129~CAS*CO*45*2.5~REF*6R*CPVELCKI72R2~AMT*B6*21.5~LQ*HE*N381~CLP*000100029372*1*134*97.11**MC*2020043043463~NM1*QC*1*DUMAS*NYAH*L***MR*G529608~NM1*82*1*LUCAS*PEGGI*S***XX*1366419582~REF*EA*2774F71E9C9B4822949E420EDEC4E37E~DTM*232*20200204~DTM*233*20200204~SVC*HC:99214*134*97.11**1~DTM*472*20200204~CAS*CO*45*36.89~REF*6R*CPVEZBTNMROY~AMT*B6*97.11~LQ*HE*N381~CLP*000100028913*1*180*127.99*2*MC*2020043043954~NM1*QC*1*DURAN*CLIFFORD*R***MR*P500498~NM1*82*1*LUCAS*PEGGI*S***XX*1366419582~REF*EA*1554361A52904ED69FAED8139151FA69~DTM*232*20200127~DTM*233*20200127~SVC*HC:99215*180*127.99**1~DTM*472*20200127~CAS*PR*3*2~CAS*CO*45*50.01~REF*6R*CPVEVH5M26JG~AMT*B6*129.99~LQ*HE*N381~LQ*HE*N381~CLP*000100028934*1*149*105.53**MC*2020045063566~NM1*QC*1*EARP*SAMANTHA*J***MR*G171512~NM1*82*1*LUCAS*PEGGI*S***XX*1366419582~REF*EA*66FD31F8CED94C89BC9526B42242E9BE~DTM*232*20200128~DTM*233*20200128~SVC*HC:99214:25*134*97.11**1~DTM*472*20200128~CAS*CO*45*36.89~REF*6R*CPVYJEHS5L15~AMT*B6*97.11~LQ*HE*N77~LQ*HE*N381~SVC*HC:81025*15*8.42**1~DTM*472*20200128~CAS*CO*45*6.58~REF*6R*CPVYPWC7VV9K~AMT*B6*8.42~LQ*HE*N77~LQ*HE*N381~CLP*000100029351*1*149*105.53**MC*2020045063571~NM1*QC*1*EARP*SAMANTHA*J***MR*G171512~NM1*82*1*LUCAS*PEGGI*S***XX*1366419582~REF*EA*45C58533DD5548D8939D8817216C4DCE~DTM*232*20200204~DTM*233*20200204~SVC*HC:99214:25*134*97.11**1~DTM*472*20200204~CAS*CO*45*36.89~REF*6R*CPVYXB2T7UOK~AMT*B6*97.11~LQ*HE*N77~LQ*HE*N381~SVC*HC:81025*15*8.42**1~DTM*472*20200204~CAS*CO*45*6.58~REF*6R*CPVY2BXNDF68~AMT*B6*8.42~LQ*HE*N77~LQ*HE*N381~CLP*000100028846*1*2217*1427.68**MC*2020043044228~NM1*QC*1*EDWARDS*ODALE****MR*A536465~NM1*82*1*LUCAS*PEGGI*S***XX*1366419582~REF*EA*7C24CD42850948CEBE67C4D360AB28F2~DTM*232*20200127~DTM*233*20200127~SVC*HC:99205:25*255*186.33**1~DTM*472*20200127~CAS*CO*45*68.67~REF*6R*CPVE77ULE0WB~AMT*B6*186.33~LQ*HE*N77~LQ*HE*N381~SVC*HC:99415*45*7.11**1~DTM*472*20200127~CAS*CO*45*37.89~REF*6R*CPVEIUMRQ1KU~AMT*B6*7.11~LQ*HE*N77~LQ*HE*N381~SVC*HC:96372*32*0**0**1~DTM*472*20200127~CAS*CO*109*32~REF*6R*CPVERC23AQ36~LQ*HE*N77~LQ*HE*N381~SVC*HC:J2315*1805*1189.4**380~DTM*472*20200127~CAS*CO*45*615.6~REF*6R*CPVE5YJSBSKR~AMT*B6*1189.4~LQ*HE*N77~LQ*HE*N381~SVC*HC:H0049*36*10.92**1~DTM*472*20200127~CAS*CO*45*25.08~REF*6R*CPVEX88GWLUT~AMT*B6*10.92~LQ*HE*N77~LQ*HE*N381~SVC*HC:G8431*40*30.52**1~DTM*472*20200127~CAS*CO*45*9.48~REF*6R*CPVEPRFXAZHH~AMT*B6*30.52~LQ*HE*N77~LQ*HE*N381~SVC*HC:81002*4*3.4**1~DTM*472*20200127~CAS*CO*45*.6~REF*6R*CPVENVA24WHZ~AMT*B6*3.4~LQ*HE*N77~LQ*HE*N381~CLP*000100029336*1*149*103.53*2*MC*2020045063220~NM1*QC*1*EHLERS*DESIREE*F***MR*P131523~NM1*82*1*LUCAS*PEGGI*S***XX*1366419582~REF*EA*58B8485B9A4643C88E90A44D84D05B60~DTM*232*20200204~DTM*233*20200204~SVC*HC:99214:25*134*95.11**1~DTM*472*20200204~CAS*PR*3*2~CAS*CO*45*36.89~REF*6R*CPVYBK8S5238~AMT*B6*97.11~LQ*HE*N77~LQ*HE*N381~LQ*HE*N381~SVC*HC:81025*15*8.42**1~DTM*472*20200204~CAS*CO*45*6.58~REF*6R*CPVY2P03NPLG~AMT*B6*8.42~LQ*HE*N77~LQ*HE*N381~CLP*000100028134*1*149*105.53**MC*2020045063234~NM1*QC*1*EHLERS*DESIREE*F***MR*P131523~NM1*82*1*LUCAS*PEGGI*S***XX*1366419582~REF*EA*8E562DE2C4BD41629A917AC4506377BC~DTM*232*20200114~DTM*233*20200114~SVC*HC:99214:25*134*97.11**1~DTM*472*20200114~CAS*CO*45*36.89~REF*6R*CPVYNWNV1S2Q~AMT*B6*97.11~LQ*HE*N77~LQ*HE*N381~SVC*HC:81025*15*8.42**1~DTM*472*20200114~CAS*CO*45*6.58~REF*6R*CPVYA37VYCEC~AMT*B6*8.42~LQ*HE*N77~LQ*HE*N381~CLP*000100028958*1*105*74.23**MC*2020045063242~NM1*QC*1*EHLERS*DESIREE*F***MR*P131523~NM1*82*1*LUCAS*PEGGI*S***XX*1366419582~REF*EA*67CAA406359645AE894A002E92F4DEEA~DTM*232*20200128~DTM*233*20200128~SVC*HC:99213:25*90*65.81**1~DTM*472*20200128~CAS*CO*45*24.19~REF*6R*CPVYN1X7R2HK~AMT*B6*65.81~LQ*HE*N77~LQ*HE*N381~SVC*HC:81025*15*8.42**1~DTM*472*20200128~CAS*CO*45*6.58~REF*6R*CPVYXSP0718M~AMT*B6*8.42~LQ*HE*N77~LQ*HE*N381~CLP*000100029299*1*134*97.11**MC*2020043043703~NM1*QC*1*ELLISON*CHASE****MR*G509814~NM1*82*1*GRONEMEYER*LEANNE*R***XX*1659521045~REF*EA*B70B50151E1042908CDE834B40AE90F2~DTM*232*20200203~DTM*233*20200203~SVC*HC:99214*134*97.11**1~DTM*472*20200203~CAS*CO*45*36.89~REF*6R*CPVEQHT3ARZV~AMT*B6*97.11~LQ*HE*N381~CLP*000100029162*1*149*105.53**MC*2020045063090~NM1*QC*1*ELZY*BETHANY****MR*U829312~NM1*82*1*SEARLES*DENISE*A***XX*1396971230~REF*EA*AE7710DBF96D45B8B489366F6807BE68~DTM*232*20200130~DTM*233*20200130~SVC*HC:99214:25*134*97.11**1~DTM*472*20200130~CAS*CO*45*36.89~REF*6R*CPVY8BXL30TC~AMT*B6*97.11~LQ*HE*N77~LQ*HE*N381~SVC*HC:81025*15*8.42**1~DTM*472*20200130~CAS*CO*45*6.58~REF*6R*CPVY8593LB2N~AMT*B6*8.42~LQ*HE*N77~LQ*HE*N381~CLP*000100029068*1*134*97.11**MC*2020045063625~NM1*QC*1*ESQUIBEL*JASON*K***MR*Y927579~NM1*82*1*LANE*DELLA*J***XX*1417151630~REF*EA*6894821A4C574FE9881E08772E9D3C16~DTM*232*20200129~DTM*233*20200129~SVC*HC:99214*134*97.11**1~DTM*472*20200129~CAS*CO*45*36.89~REF*6R*CPVY8LPDKE6E~AMT*B6*97.11~LQ*HE*N77~LQ*HE*N381~CLP*000100029037*1*134*97.11**MC*2020045063599~NM1*QC*1*FERRIS*JOSHUA*R***MR*U655766~NM1*82*1*LANE*DELLA*J***XX*1417151630~REF*EA*1E12BB567D6B4D23AA5B6302AB8551B7~DTM*232*20200129~DTM*233*20200129~SVC*HC:99214*134*97.11**1~DTM*472*20200129~CAS*CO*45*36.89~REF*6R*CPVYVMQYYZB2~AMT*B6*97.11~LQ*HE*N77~LQ*HE*N381~CLP*000100029071*1*105*74.23**MC*2020045063069~NM1*QC*1*FIORINI*CHRISTENA*E***MR*Y109693~NM1*82*1*GRONEMEYER*LEANNE*R***XX*1659521045~REF*EA*220919E42E0942008A95EA5568DA75EC~DTM*232*20200129~DTM*233*20200129~SVC*HC:99213:25*90*65.81**1~DTM*472*20200129~CAS*CO*45*24.19~REF*6R*CPVYAVD213LN~AMT*B6*65.81~LQ*HE*N77~LQ*HE*N381~SVC*HC:81025*15*8.42**1~DTM*472*20200129~CAS*CO*45*6.58~REF*6R*CPVYBT7XHWDP~AMT*B6*8.42~LQ*HE*N77~LQ*HE*N381~CLP*000100028935*1*90*65.81**MC*2020043044220~NM1*QC*1*FLOOD*ELIJAH*A***MR*P458786~NM1*82*1*CADDALI*ESTRELLA*A***XX*1164974580~REF*EA*D98B6370DA824ADD87E05B2E8D3CA0AC~DTM*232*20200128~DTM*233*20200128~SVC*HC:99213*90*65.81**1~DTM*472*20200128~CAS*CO*45*24.19~REF*6R*CPVENXWYSP9H~AMT*B6*65.81~LQ*HE*N381~CLP*000100029123*1*148*96.78**MC*2020043044216~NM1*QC*1*FLORES*VIOLET****MR*O921035~NM1*82*1*GRONEMEYER*LEANNE*R***XX*1659521045~REF*EA*D40F6EFFA37147FEBB19CC1263EE7949~DTM*232*20200130~DTM*233*20200130~SVC*HC:99392*148*96.78**1~DTM*472*20200130~CAS*CO*45*51.22~REF*6R*CPVE446UPZZ9~AMT*B6*96.78~LQ*HE*N381~CLP*000100028848*1*1942*1263.63**MC*2020045063624~NM1*QC*1*FLUETT*SARAH****MR*O578292~NM1*82*1*HOOSHMAND-PARSI*KAYHOSROW****XX*1447291851~REF*EA*0E442EC8D5B24DED8ACAE040F9591EB6~DTM*232*20200127~DTM*233*20200127~SVC*HC:99213:25*90*65.81**1~DTM*472*20200127~CAS*CO*45*24.19~REF*6R*CPVYSGM0JNCV~AMT*B6*65.81~LQ*HE*N77~LQ*HE*N381~SVC*HC:96372*32*0**0**1~DTM*472*20200127~CAS*CO*109*32~REF*6R*CPVY1M5OT05X~LQ*HE*N77~LQ*HE*N381~SVC*HC:J2315*1805*1189.4**380~DTM*472*20200127~CAS*CO*45*615.6~REF*6R*CPVYTN0BI3OW~AMT*B6*1189.4~LQ*HE*N77~LQ*HE*N381~SVC*HC:81025*15*8.42**1~DTM*472*20200127~CAS*CO*45*6.58~REF*6R*CPVY4UHPFLGE~AMT*B6*8.42~LQ*HE*N77~LQ*HE*N381~CLP*000100029041*1*90*65.81**MC*2020045063613~NM1*QC*1*FRANKMORE*CONNER****MR*G888118~NM1*82*1*GRONEMEYER*LEANNE*R***XX*1659521045~REF*EA*4F6331DAF10A4CDF955A4428177B743A~DTM*232*20200129~DTM*233*20200129~SVC*HC:99213*90*65.81**1~DTM*472*20200129~CAS*CO*45*24.19~REF*6R*CPVYAZCBXC8E~AMT*B6*65.81~LQ*HE*N77~LQ*HE*N381~CLP*000100029105*1*90*65.81**MC*2020043043343~NM1*QC*1*FRASER*WILLIAM****MR*P773944~NM1*82*1*CADDALI*ESTRELLA*A***XX*1164974580~REF*EA*62C3B27863284C2A928D4B181F3D9A0C~DTM*232*20200130~DTM*233*20200130~SVC*HC:99213*90*65.81**1~DTM*472*20200130~CAS*CO*45*24.19~REF*6R*CPVEW7USTM9L~AMT*B6*65.81~LQ*HE*N381~CLP*000100029054*1*211*89.05**MC*2020043044084~NM1*QC*1*GALLAGHER*DAKOTA*K***MR*Y924968~NM1*82*1*SEARLES*DENISE*A***XX*1396971230~REF*EA*D78C83354C3142A2BD72AD463EB4483F~DTM*232*20200129~DTM*233*20200129~SVC*HC:99202:25*135*67.13**1~DTM*472*20200129~CAS*CO*45*67.87~REF*6R*CPVEJSHRTNJZ~AMT*B6*67.13~LQ*HE*N381~SVC*HC:H0049*36*10.92**1~DTM*472*20200129~CAS*CO*45*25.08~REF*6R*CPVE8NYGO96C~AMT*B6*10.92~LQ*HE*N381~SVC*HC:G8510*40*11**1~DTM*472*20200129~CAS*CO*45*29~REF*6R*CPVEPKGUEIAS~AMT*B6*11~LQ*HE*N381~CLP*000100029277*1*134*97.11**MC*2020045063166~NM1*QC*1*GARCIA*MARIO****MR*D425963~NM1*82*1*LUCAS*PEGGI*S***XX*1366419582~REF*EA*7A9871CA91EF4BD094970713F200A11D~DTM*232*20200203~DTM*233*20200203~SVC*HC:99214*134*97.11**1~DTM*472*20200203~CAS*CO*45*36.89~REF*6R*CPVY362WMZQL~AMT*B6*97.11~LQ*HE*N77~LQ*HE*N381~CLP*000100028862*1*1975*1289.91**MC*2020043044016~NM1*QC*1*GOIN*JOSHUA****MR*G127292~NM1*82*1*LUCAS*PEGGI*S***XX*1366419582~REF*EA*D64F8E93E8374E01AE0E42340BC2E7BF~DTM*232*20200127~DTM*233*20200127~SVC*HC:99214:25*134*97.11**1~DTM*472*20200127~CAS*CO*45*36.89~REF*6R*CPVEDPWUZ2PU~AMT*B6*97.11~LQ*HE*N77~LQ*HE*N381~SVC*HC:96372*32*0**0**1~DTM*472*20200127~CAS*CO*109*32~REF*6R*CPVEKI1XB8PN~LQ*HE*N77~LQ*HE*N381~SVC*HC:J2315*1805*1189.4**380~DTM*472*20200127~CAS*CO*45*615.6~REF*6R*CPVEGTR6HTD8~AMT*B6*1189.4~LQ*HE*N77~LQ*HE*N381~SVC*HC:81002*4*3.4**1~DTM*472*20200127~CAS*CO*45*.6~REF*6R*CPVEGXXN914E~AMT*B6*3.4~LQ*HE*N77~LQ*HE*N381~CLP*000100029170*1*90*65.81**MC*2020045063504~NM1*QC*1*GONZALEZ*GLORIA*K***MR*P854556~NM1*82*1*HOOSHMAND-PARSI*KAYHOSROW****XX*1447291851~REF*EA*9F0182FBED224BD2B3C036204A24C57F~DTM*232*20200130~DTM*233*20200130~SVC*HC:99213*90*65.81**1~DTM*472*20200130~CAS*CO*45*24.19~REF*6R*CPVYTQCSHZNZ~AMT*B6*65.81~LQ*HE*N381~CLP*000100029053*1*2003*1277.13**MC*2020045063113~NM1*QC*1*GRAY*JAMES****MR*J248474~NM1*82*1*GRONEMEYER*LEANNE*R***XX*1659521045~REF*EA*7183E9802D3142F6B44B0645B2990FAE~DTM*232*20200129~DTM*233*20200129~SVC*HC:99213:25*90*65.81**1~DTM*472*20200129~CAS*CO*45*24.19~REF*6R*CPVY983YDC3Z~AMT*B6*65.81~LQ*HE*N77~LQ*HE*N381~SVC*HC:96372*32*0**0**1~DTM*472*20200129~CAS*CO*109*32~REF*6R*CPVY5VE3WBJE~LQ*HE*N77~LQ*HE*N381~SVC*HC:J2315*1805*1189.4**380~DTM*472*20200129~CAS*CO*45*615.6~REF*6R*CPVY4C6LWUSH~AMT*B6*1189.4~LQ*HE*N77~LQ*HE*N381~SVC*HC:H0049*36*10.92**1~DTM*472*20200129~CAS*CO*45*25.08~REF*6R*CPVYHRHZ5THP~AMT*B6*10.92~LQ*HE*N77~LQ*HE*N381~SVC*HC:G8510*40*11**1~DTM*472*20200129~CAS*CO*45*29~REF*6R*CPVYLDFQ9T19~AMT*B6*11~LQ*HE*N77~LQ*HE*N381~CLP*000100029318*1*149*103.53*2*MC*2020045063606~NM1*QC*1*GUERRERO*SONYA*M***MR*S127505~NM1*82*1*LUCAS*PEGGI*S***XX*1366419582~REF*EA*313CF86E212242BAA00B8E4C10EC6CA4~DTM*232*20200203~DTM*233*20200203~SVC*HC:99214:25*134*95.11**1~DTM*472*20200203~CAS*PR*3*2~CAS*CO*45*36.89~REF*6R*CPVYFT1UV7ZA~AMT*B6*97.11~LQ*HE*N77~LQ*HE*N381~LQ*HE*N381~SVC*HC:81025*15*8.42**1~DTM*472*20200203~CAS*CO*45*6.58~REF*6R*CPVY6ECX0HKV~AMT*B6*8.42~LQ*HE*N77~LQ*HE*N381~CLP*000100029293*1*134*97.11**MC*2020043044073~NM1*QC*1*GUZMAN*ANITA****MR*K943578~NM1*82*1*GRONEMEYER*LEANNE*R***XX*1659521045~REF*EA*E03C453E3E8C4F36B30A1CBA05234AED~DTM*232*20200203~DTM*233*20200203~SVC*HC:99214*134*97.11**1~DTM*472*20200203~CAS*CO*45*36.89~REF*6R*CPVET7NH64JK~AMT*B6*97.11~LQ*HE*N381~CLP*000100028927*1*90*65.81**MC*2020043044353~NM1*QC*1*GUZMAN*MYRISA*R***MR*Y821833~NM1*82*1*CADDALI*ESTRELLA*A***XX*1164974580~REF*EA*ED8FC27A27334756ACC6D590592687BF~DTM*232*20200128~DTM*233*20200128~SVC*HC:99213*90*65.81**1~DTM*472*20200128~CAS*CO*45*24.19~REF*6R*CPVEQ0KJQ0S6~AMT*B6*65.81~LQ*HE*N381~CLP*000100029030*1*149*104.53*1*MC*2020045063202~NM1*QC*1*HALL*KRISTINA*K***MR*S324169~NM1*82*1*LANE*DELLA*J***XX*1417151630~REF*EA*C623A1B9EA674B32A2D2FBD98DF09D18~DTM*232*20200129~DTM*233*20200129~SVC*HC:99214:25*134*96.11**1~DTM*472*20200129~CAS*PR*3*1~CAS*CO*45*36.89~REF*6R*CPVYTPIU9A12~AMT*B6*97.11~LQ*HE*N77~LQ*HE*N381~LQ*HE*N381~SVC*HC:81025*15*8.42**1~DTM*472*20200129~CAS*CO*45*6.58~REF*6R*CPVYP7T6GO8H~AMT*B6*8.42~LQ*HE*N77~LQ*HE*N381~CLP*000100029119*1*134*97.11**MC*2020043043506~NM1*QC*1*HANSON*CYNTHIA****MR*W412067~NM1*82*1*HOOSHMAND-PARSI*KAYHOSROW****XX*1447291851~REF*EA*975365B6448C400FB5902334019667B6~DTM*232*20200130~DTM*233*20200130~SVC*HC:99214*134*97.11**1~DTM*472*20200130~CAS*CO*45*36.89~REF*6R*CPVEYGXPZEDM~AMT*B6*97.11~LQ*HE*N381~CLP*000100029340*1*90*65.81**MC*2020043043406~NM1*QC*1*HARRIS*ANGELA****MR*J327161~NM1*82*1*CADDALI*ESTRELLA*A***XX*1164974580~REF*EA*EC2C7F19D5A24E7AA4A440C1FFA79FDC~DTM*232*20200204~DTM*233*20200204~SVC*HC:99213*90*65.81**1~DTM*472*20200204~CAS*CO*45*24.19~REF*6R*CPVE609DZST1~AMT*B6*65.81~LQ*HE*N381~CLP*000100028855*1*134*97.11**MC*2020043043322~NM1*QC*1*HEREDIA*NEISHA****MR*M350525~NM1*82*1*HOOSHMAND-PARSI*KAYHOSROW****XX*1447291851~REF*EA*6A9C3C391E5445F28FB9EC454BF6F8D3~DTM*232*20200127~DTM*233*20200127~SVC*HC:99214*134*97.11**1~DTM*472*20200127~CAS*CO*45*36.89~REF*6R*CPVEWVVHAC65~AMT*B6*97.11~LQ*HE*N77~LQ*HE*N381~CLP*000100029136*1*90*65.81**MC*2020043044117~NM1*QC*1*HILER*GIOVANNI****MR*G602173~NM1*82*1*CADDALI*ESTRELLA*A***XX*1164974580~REF*EA*4506296E83D945C5AABDAFFF2B6ED612~DTM*232*20200130~DTM*233*20200130~SVC*HC:99213*90*65.81**1~DTM*472*20200130~CAS*CO*45*24.19~REF*6R*CPVE4E8F4UDC~AMT*B6*65.81~LQ*HE*N381~CLP*000100028997*1*54*39.39**MC*2020043044124~NM1*QC*1*HILER*GIOVANNI****MR*G602173~NM1*82*1*CADDALI*ESTRELLA*A***XX*1164974580~REF*EA*B4B4CBB2FB2A44C6BD1BF75841BEC679~DTM*232*20200128~DTM*233*20200128~SVC*HC:99212*54*39.39**1~DTM*472*20200128~CAS*CO*45*14.61~REF*6R*CPVE9PUFG5X8~AMT*B6*39.39~LQ*HE*N381~CLP*000100029345*1*149*105.53**MC*2020045063486~NM1*QC*1*HOWARD*CLAUDIA*M***MR*Y099982~NM1*82*1*LUCAS*PEGGI*S***XX*1366419582~REF*EA*51F2610A9D024DE29C33C890BFD11CB5~DTM*232*20200204~DTM*233*20200204~SVC*HC:99214:25*134*97.11**1~DTM*472*20200204~CAS*CO*45*36.89~REF*6R*CPVYS3QSM1N1~AMT*B6*97.11~LQ*HE*N77~LQ*HE*N381~SVC*HC:81025*15*8.42**1~DTM*472*20200204~CAS*CO*45*6.58~REF*6R*CPVYNV0XQIS7~AMT*B6*8.42~LQ*HE*N77~LQ*HE*N381~CLP*000100028960*1*149*105.53**MC*2020045063495~NM1*QC*1*HOWARD*CLAUDIA*M***MR*Y099982~NM1*82*1*LUCAS*PEGGI*S***XX*1366419582~REF*EA*E5E9A2C114A44EA18BFD835CCD9E3189~DTM*232*20200128~DTM*233*20200128~SVC*HC:99214:25*134*97.11**1~DTM*472*20200128~CAS*CO*45*36.89~REF*6R*CPVYJ13Y3DOY~AMT*B6*97.11~LQ*HE*N77~LQ*HE*N381~SVC*HC:81025*15*8.42**1~DTM*472*20200128~CAS*CO*45*6.58~REF*6R*CPVYM8YK15J3~AMT*B6*8.42~LQ*HE*N77~LQ*HE*N381~CLP*000100028623*1*171*112.78**MC*2020043044023~NM1*QC*1*HOWARD*JAMES****MR*A909795~NM1*82*1*LUCAS*PEGGI*S***XX*1366419582~REF*EA*DA0336F9726D49DE9F7DA8FEF9341C5B~DTM*232*20200122~DTM*233*20200122~SVC*HC:99214:25*134*97.11**1~DTM*472*20200122~CAS*CO*45*36.89~REF*6R*CPVEMK928W8N~AMT*B6*97.11~LQ*HE*N381~SVC*HC:96372*32*15.67**1~DTM*472*20200122~CAS*CO*45*16.33~REF*6R*CPVEROTRXLDC~AMT*B6*15.67~LQ*HE*N381~SVC*HC:J1885*5*0**0**2~DTM*472*20200122~CAS*PI*16*5~REF*6R*CPVE42V2B3N2~LQ*HE*M119~LQ*HE*N381~CLP*000100028788*1*171*112.78**MC*2020043044045~NM1*QC*1*HOWARD*JAMES****MR*A909795~NM1*82*1*LUCAS*PEGGI*S***XX*1366419582~REF*EA*F6FD2651CB344D5494E1DCB79B31F844~DTM*232*20200124~DTM*233*20200124~SVC*HC:99214:25*134*97.11**1~DTM*472*20200124~CAS*CO*45*36.89~REF*6R*CPVEFQ7PQIFD~AMT*B6*97.11~LQ*HE*N381~SVC*HC:96372*32*15.67**1~DTM*472*20200124~CAS*CO*45*16.33~REF*6R*CPVEY2UB1XTN~AMT*B6*15.67~LQ*HE*N381~SVC*HC:J1885*5*0**0**2~DTM*472*20200124~CAS*PI*16*5~REF*6R*CPVE1Z5FDZ92~LQ*HE*M119~LQ*HE*N381~CLP*000100029222*1*134*97.11**MC*2020043044054~NM1*QC*1*HOWARD*JAMES****MR*A909795~NM1*82*1*LUCAS*PEGGI*S***XX*1366419582~REF*EA*044236BE29D649B78803CD0B550D7A43~DTM*232*20200131~DTM*233*20200131~SVC*HC:99214*134*97.11**1~DTM*472*20200131~CAS*CO*45*36.89~REF*6R*CPVE3RMLAGPR~AMT*B6*97.11~LQ*HE*N381~CLP*000100028857*1*134*97.11**MC*2020043044274~NM1*QC*1*JAQUES*AARON****MR*L567079~NM1*82*1*HOOSHMAND-PARSI*KAYHOSROW****XX*1447291851~REF*EA*42AB99D9D401417CA492CFB2E77AFEC6~DTM*232*20200127~DTM*233*20200127~SVC*HC:99214*134*97.11**1~DTM*472*20200127~CAS*CO*45*36.89~REF*6R*CPVERZS16H1W~AMT*B6*97.11~LQ*HE*N77~LQ*HE*N381~CLP*000100029319*1*134*97.11**MC*2020043043390~NM1*QC*1*JARAMILLO*JAMES****MR*G368191~NM1*82*1*GRONEMEYER*LEANNE*R***XX*1659521045~REF*EA*BA4EB9AC3F1D43209424F43961820A7D~DTM*232*20200203~DTM*233*20200203~SVC*HC:99214*134*97.11**1~DTM*472*20200203~CAS*CO*45*36.89~REF*6R*CPVETJOJ0CC4~AMT*B6*97.11~LQ*HE*N381~CLP*000100029073*1*134*95.11*2*MC*2020045063586~NM1*QC*1*JEX*LOUISE****MR*B117513~NM1*82*1*LANE*DELLA*J***XX*1417151630~REF*EA*9F01608BB46D434B93F579CD2AA6048B~DTM*232*20200129~DTM*233*20200129~SVC*HC:99214*134*95.11**1~DTM*472*20200129~CAS*PR*3*2~CAS*CO*45*36.89~REF*6R*CPVY0IMTT2OH~AMT*B6*97.11~LQ*HE*N77~LQ*HE*N381~LQ*HE*N381~CLP*000100028887*1*1971*1286.51**MC*2020045063290~NM1*QC*1*JIRON*ROMAN****MR*G679343~NM1*82*1*LUCAS*PEGGI*S***XX*1366419582~REF*EA*7B5F5690BBB14D6BAF89D872B1EF35CE~DTM*232*20200127~DTM*233*20200127~SVC*HC:99214:25*134*97.11**1~DTM*472*20200127~CAS*CO*45*36.89~REF*6R*CPVY5AUTWQGJ~AMT*B6*97.11~LQ*HE*N77~LQ*HE*N381~SVC*HC:96372*32*0**0**1~DTM*472*20200127~CAS*CO*109*32~REF*6R*CPVY3DKGSZ7E~LQ*HE*N77~LQ*HE*N381~SVC*HC:J2315*1805*1189.4**380~DTM*472*20200127~CAS*CO*45*615.6~REF*6R*CPVYMRC451L2~AMT*B6*1189.4~LQ*HE*N77~LQ*HE*N381~CLP*000100029253*1*134*95.11*2*MC*2020043043843~NM1*QC*1*JOHNSON*LASHAWN****MR*J148245~NM1*82*1*LUCAS*PEGGI*S***XX*1366419582~REF*EA*A1222B6C69894945A3CF9C7E6BF08A51~DTM*232*20200131~DTM*233*20200131~SVC*HC:99214*134*95.11**1~DTM*472*20200131~CAS*PR*3*2~CAS*CO*45*36.89~REF*6R*CPVEEBKWWXVJ~AMT*B6*97.11~LQ*HE*N381~LQ*HE*N381~CLP*000100028898*1*149*105.53**MC*2020045063420~NM1*QC*1*JOHNSON*TIFFANY*S***MR*L497210~NM1*82*1*HOOSHMAND-PARSI*KAYHOSROW****XX*1447291851~REF*EA*F77B8883732D48E0822E91362CB9432B~DTM*232*20200127~DTM*233*20200127~SVC*HC:99214:25*134*97.11**1~DTM*472*20200127~CAS*CO*45*36.89~REF*6R*CPVYLNKW4JSF~AMT*B6*97.11~LQ*HE*N77~LQ*HE*N381~SVC*HC:81025*15*8.42**1~DTM*472*20200127~CAS*CO*45*6.58~REF*6R*CPVYQTLDP9OB~AMT*B6*8.42~LQ*HE*N77~LQ*HE*N381~CLP*000100029364*1*149*105.53**MC*2020045063432~NM1*QC*1*JOHNSON*TIFFANY*S***MR*L497210~NM1*82*1*LUCAS*PEGGI*S***XX*1366419582~REF*EA*66AC60BFA096427AA374B789F9DAFCAF~DTM*232*20200204~DTM*233*20200204~SVC*HC:99214:25*134*97.11**1~DTM*472*20200204~CAS*CO*45*36.89~REF*6R*CPVY03VHJB4S~AMT*B6*97.11~LQ*HE*N77~LQ*HE*N381~SVC*HC:81025*15*8.42**1~DTM*472*20200204~CAS*CO*45*6.58~REF*6R*CPVYRV6BK0TB~AMT*B6*8.42~LQ*HE*N77~LQ*HE*N381~CLP*000100029036*1*281*189.03*2*MC*2020043043428~NM1*QC*1*JUAREZ*ALONDRA****MR*P679285~NM1*82*1*LUCAS*PEGGI*S***XX*1366419582~REF*EA*23AAA005613B4B6C971D011D58E3BAEA~DTM*232*20200129~DTM*233*20200129~SVC*HC:99204:25*205*147.59**1~DTM*472*20200129~CAS*PR*3*2~CAS*CO*45*55.41~REF*6R*CPVE8XOC2VUO~AMT*B6*149.59~LQ*HE*N381~LQ*HE*N381~SVC*HC:H0049*36*10.92**1~DTM*472*20200129~CAS*CO*45*25.08~REF*6R*CPVEYP9SF6RO~AMT*B6*10.92~LQ*HE*N381~SVC*HC:G8431*40*30.52**1~DTM*472*20200129~CAS*CO*45*9.48~REF*6R*CPVESVBYMP7V~AMT*B6*30.52~LQ*HE*N381~CLP*000100029052*1*65*55.35**MC*2020043043438~NM1*QC*1*JUAREZ*ALONDRA****MR*P679285~NM1*82*1*LEWIS*HOLLY*G***XX*1295234128~REF*EA*39106CC0D0D44CFCB43ACDF92377D9C3~DTM*232*20200129~DTM*233*20200129~SVC*HC:90832*65*55.35**1~DTM*472*20200129~CAS*CO*45*9.65~REF*6R*CPVENP6DHOZV~AMT*B6*55.35~LQ*HE*N381~CLP*000100029143*1*134*97.11**MC*2020043043919~NM1*QC*1*KILLOUGH*MACKENZIE*L***MR*Y936673~NM1*82*1*GRONEMEYER*LEANNE*R***XX*1659521045~REF*EA*F4DC2935577A4CBB93247FA66FD8D2C5~DTM*232*20200130~DTM*233*20200130~SVC*HC:99214*134*97.11**1~DTM*472*20200130~CAS*CO*45*36.89~REF*6R*CPVELLWOFL0D~AMT*B6*97.11~LQ*HE*N381~CLP*000100029321*1*134*97.11**MC*2020043043964~NM1*QC*1*LARKINS*AMANDA****MR*Y703807~NM1*82*1*LUCAS*PEGGI*S***XX*1366419582~REF*EA*51C958DF9AF94476B9AD819CD2C7186B~DTM*232*20200203~DTM*233*20200203~SVC*HC:99214*134*97.11**1~DTM*472*20200203~CAS*CO*45*36.89~REF*6R*CPVEZRB00QAB~AMT*B6*97.11~LQ*HE*N381~CLP*000100029100*1*149*105.53**MC*2020045063411~NM1*QC*1*LONGORIA*JULIE*A***MR*D395679~NM1*82*1*SEARLES*DENISE*A***XX*1396971230~REF*EA*C1729EE78F6A4A8AA7184FEE855E14DB~DTM*232*20200130~DTM*233*20200130~SVC*HC:99214:25*134*97.11**1~DTM*472*20200130~CAS*CO*45*36.89~REF*6R*CPVYA7FQGVOK~AMT*B6*97.11~LQ*HE*N77~LQ*HE*N381~SVC*HC:81025*15*8.42**1~DTM*472*20200130~CAS*CO*45*6.58~REF*6R*CPVYPDCBBWEM~AMT*B6*8.42~LQ*HE*N77~LQ*HE*N381~CLP*000100029292*1*134*97.11**MC*2020045063278~NM1*QC*1*LORETO*JOSHUA*R***MR*E192810~NM1*82*1*LUCAS*PEGGI*S***XX*1366419582~REF*EA*288E13AA061D4899B5AB846D4C52DB7F~DTM*232*20200203~DTM*233*20200203~SVC*HC:99214*134*97.11**1~DTM*472*20200203~CAS*CO*45*36.89~REF*6R*CPVYRTUNFTMQ~AMT*B6*97.11~LQ*HE*N77~LQ*HE*N381~CLP*000100029278*1*134*97.11**MC*2020043043947~NM1*QC*1*LOVATO*JOHN****MR*C530359~NM1*82*1*GRONEMEYER*LEANNE*R***XX*1659521045~REF*EA*D6DAC82337D24CF5983DB91B896BACD7~DTM*232*20200203~DTM*233*20200203~SVC*HC:99214*134*97.11**1~DTM*472*20200203~CAS*CO*45*36.89~REF*6R*CPVE9RD8JSBA~AMT*B6*97.11~LQ*HE*N381~CLP*000100029180*1*134*95.11*2*MC*2020043043682~NM1*QC*1*MACZOLLEK*VALENTINA****MR*P256027~NM1*82*1*GRONEMEYER*LEANNE*R***XX*1659521045~REF*EA*7230E2A3595E463BA23C79B7320E68E1~DTM*232*20200130~DTM*233*20200130~SVC*HC:99214*134*95.11**1~DTM*472*20200130~CAS*PR*3*2~CAS*CO*45*36.89~REF*6R*CPVE45OWG9YY~AMT*B6*97.11~LQ*HE*N381~LQ*HE*N381~CLP*000100028676*1*90*65.81**MC*2020043044259~NM1*QC*1*MADRID*CLORISSA****MR*G303592~NM1*82*1*GRONEMEYER*LEANNE*R***XX*1659521045~REF*EA*FB9EB76263F14B19A2C10CF85A5D1562~DTM*232*20200123~DTM*233*20200123~SVC*HC:99213*90*65.81**1~DTM*472*20200123~CAS*CO*45*24.19~REF*6R*CPVEVWJ5XSS4~AMT*B6*65.81~LQ*HE*N77~LQ*HE*N381~CLP*000100029080*1*149*105.53**MC*2020045063627~NM1*QC*1*MADRID*CLORISSA****MR*G303592~NM1*82*1*GRONEMEYER*LEANNE*R***XX*1659521045~REF*EA*8D06C7EC242B4903A2E58710673045A9~DTM*232*20200129~DTM*233*20200129~SVC*HC:99214:25*134*97.11**1~DTM*472*20200129~CAS*CO*45*36.89~REF*6R*CPVY97793I15~AMT*B6*97.11~LQ*HE*N77~LQ*HE*N381~SVC*HC:81025*15*8.42**1~DTM*472*20200129~CAS*CO*45*6.58~REF*6R*CPVYRRLP9N0V~AMT*B6*8.42~LQ*HE*N77~LQ*HE*N381~CLP*000100028176*1*105*72.23*2*MC*2020045063618~NM1*QC*1*MAGANA*CARLA*R***MR*M671813~NM1*82*1*HOOSHMAND-PARSI*KAYHOSROW****XX*1447291851~REF*EA*F011D65CF51C4ED8B7516AED260E2DF4~DTM*232*20200114~DTM*233*20200114~SVC*HC:99213:25*90*63.81**1~DTM*472*20200114~CAS*PR*3*2~CAS*CO*45*24.19~REF*6R*CPVYUK6CI2SM~AMT*B6*65.81~LQ*HE*N77~LQ*HE*N381~LQ*HE*N381~SVC*HC:81025*15*8.42**1~DTM*472*20200114~CAS*CO*45*6.58~REF*6R*CPVYJFMDHCXN~AMT*B6*8.42~LQ*HE*N77~LQ*HE*N381~CLP*000100028995*1*149*103.53*2*MC*2020045063621~NM1*QC*1*MAGANA*CARLA*R***MR*M671813~NM1*82*1*HOOSHMAND-PARSI*KAYHOSROW****XX*1447291851~REF*EA*D856B4659C3E406BBE00BF6202F62DEB~DTM*232*20200128~DTM*233*20200128~SVC*HC:99214:25*134*95.11**1~DTM*472*20200128~CAS*PR*3*2~CAS*CO*45*36.89~REF*6R*CPVYJSQF2K0H~AMT*B6*97.11~LQ*HE*N77~LQ*HE*N381~LQ*HE*N381~SVC*HC:81025*15*8.42**1~DTM*472*20200128~CAS*CO*45*6.58~REF*6R*CPVYMILDP3NX~AMT*B6*8.42~LQ*HE*N77~LQ*HE*N381~CLP*000100028994*1*54*39.39**MC*2020043043715~NM1*QC*1*MALDONDO*BRENT****MR*I008392~NM1*74*1*MALDONADO**R~NM1*82*1*SEARLES*DENISE*A***XX*1396971230~REF*EA*AF48322B40E749EE8CA9C5589DB7CD32~DTM*232*20200128~DTM*233*20200128~SVC*HC:99212*54*39.39**1~DTM*472*20200128~CAS*CO*45*14.61~REF*6R*CPVE9NHOLKVU~AMT*B6*39.39~LQ*HE*N381~CLP*000100027126*1*90*63.81*2*MC*2020043043817~NM1*QC*1*MALONE*CAROL*I***MR*E322615~NM1*82*1*CADDALI*ESTRELLA*A***XX*1164974580~REF*EA*BF0F88C848F84858B3C495546DE58AAD~DTM*232*20191220~DTM*233*20191220~SVC*HC:99213*90*63.81**1~DTM*472*20191220~CAS*PR*3*2~CAS*CO*45*24.19~REF*6R*CPVE4QZ3UGLH~AMT*B6*65.81~LQ*HE*N381~LQ*HE*N381~CLP*000100029038*1*134*97.11**MC*2020045063611~NM1*QC*1*MARTINEZ*DEBRA*A***MR*D395711~NM1*82*1*LANE*DELLA*J***XX*1417151630~REF*EA*F53163A716DF4C53B62A98B67F3E1DCA~DTM*232*20200129~DTM*233*20200129~SVC*HC:99214*134*97.11**1~DTM*472*20200129~CAS*CO*45*36.89~REF*6R*CPVYW0RBSLNM~AMT*B6*97.11~LQ*HE*N77~LQ*HE*N381~CLP*000100029250*1*134*95.11*2*MC*2020043043826~NM1*QC*1*MARTINEZ*DESIREE****MR*O277758~NM1*82*1*LUCAS*PEGGI*S***XX*1366419582~REF*EA*177E98BC2D2C4992BAD719D40ED5E61A~DTM*232*20200131~DTM*233*20200131~SVC*HC:99214*134*95.11**1~DTM*472*20200131~CAS*PR*3*2~CAS*CO*45*36.89~REF*6R*CPVEHBB3XDT0~AMT*B6*97.11~LQ*HE*N381~LQ*HE*N381~CLP*000100028991*1*134*97.11**MC*2020043043444~NM1*QC*1*MARTINEZ*WILLIAM****MR*B261410~NM1*82*1*LUCAS*PEGGI*S***XX*1366419582~REF*EA*959EA2729CCE4801849FBF5489A92E04~DTM*232*20200128~DTM*233*20200128~SVC*HC:99214*134*97.11**1~DTM*472*20200128~CAS*CO*45*36.89~REF*6R*CPVEYZ6ZS6D5~AMT*B6*97.11~LQ*HE*N381~CLP*000100029167*1*65*55.35**MC*2020043043928~NM1*QC*1*MATAMOROS*RICHARD****MR*D789780~NM1*82*1*LEWIS*HOLLY*G***XX*1295234128~REF*EA*661B1CBB2F784BF1BE7590330DB8C9B7~DTM*232*20200130~DTM*233*20200130~SVC*HC:90832*65*55.35**1~DTM*472*20200130~CAS*CO*45*9.65~REF*6R*CPVEDHPXGVWD~AMT*B6*55.35~LQ*HE*N381~CLP*000100029160*1*210*138.55**MC*2020045063547~NM1*QC*1*MATAMOROS*RICHARD****MR*D789780~NM1*82*1*GRONEMEYER*LEANNE*R***XX*1659521045~REF*EA*96D88FCCC85E46ECB53B121A6C3CD9D5~DTM*232*20200130~DTM*233*20200130~SVC*HC:99214:25*134*97.11**1~DTM*472*20200130~CAS*CO*45*36.89~REF*6R*CPVYJ8WHNUNE~AMT*B6*97.11~LQ*HE*N381~SVC*HC:H0049*36*10.92**1~DTM*472*20200130~CAS*CO*45*25.08~REF*6R*CPVYWBNU5E02~AMT*B6*10.92~LQ*HE*N381~SVC*HC:G8431*40*30.52**1~DTM*472*20200130~CAS*CO*45*9.48~REF*6R*CPVYP8RZ0L75~AMT*B6*30.52~LQ*HE*N381~CLP*000100029069*1*90*65.81**MC*2020043043594~NM1*QC*1*MAURO*DESTINY*L***MR*Y045097~NM1*82*1*HOOSHMAND-PARSI*KAYHOSROW****XX*1447291851~REF*EA*32B7AD6B18E3448589668C633961B021~DTM*232*20200129~DTM*233*20200129~SVC*HC:99213*90*65.81**1~DTM*472*20200129~CAS*CO*45*24.19~REF*6R*CPVEDVAF09JD~AMT*B6*65.81~LQ*HE*N381~CLP*000100029007*1*134*97.11**MC*2020043044357~NM1*QC*1*MAZUREK*DIANE****MR*P687663~NM1*82*1*LUCAS*PEGGI*S***XX*1366419582~REF*EA*2E7BABB2B6F040F19C610B54A9D4B873~DTM*232*20200128~DTM*233*20200128~SVC*HC:99214*134*97.11**1~DTM*472*20200128~CAS*CO*45*36.89~REF*6R*CPVEZJDRFOAI~AMT*B6*97.11~LQ*HE*N381~CLP*000100027284*2*65*34.35**MC*2020043044272~NM1*QC*1*MCCRORY*EOWYN****MR*G951424~NM1*82*1*LEWIS*HOLLY*G***XX*1295234128~REF*EA*53886AF478304026BC3143E4FE0A0193~DTM*232*20191227~DTM*233*20191227~SVC*HC:90832*65*34.35**1~DTM*472*20191227~CAS*CO*45*9.65~CAS*OA*23*21~REF*6R*CPVET6CYDTVN~AMT*B6*55.35~LQ*HE*MA125~LQ*HE*N381~CLP*000100029234*1*90*65.81**MC*2020043043732~NM1*QC*1*MCGARVY*ROBBIN****MR*O755729~NM1*82*1*CADDALI*ESTRELLA*A***XX*1164974580~REF*EA*412E4F8CE0BE467C9000B132936AD367~DTM*232*20200131~DTM*233*20200131~SVC*HC:99213*90*65.81**1~DTM*472*20200131~CAS*CO*45*24.19~REF*6R*CPVEIZ8LZ8RO~AMT*B6*65.81~LQ*HE*N381~CLP*000100028976*1*54*39.39**MC*2020043043447~NM1*QC*1*MCNEIL*KIMBERLY****MR*P602741~NM1*82*1*SEARLES*DENISE*A***XX*1396971230~REF*EA*30D717B7895B4428896FE74137303128~DTM*232*20200128~DTM*233*20200128~SVC*HC:99212*54*39.39**1~DTM*472*20200128~CAS*CO*45*14.61~REF*6R*CPVEB5PRNMB8~AMT*B6*39.39~LQ*HE*N381~CLP*000100029374*1*134*97.11**MC*2020043043799~NM1*QC*1*MEDINA*EDWARD*R***MR*O654584~NM1*82*1*LUCAS*PEGGI*S***XX*1366419582~REF*EA*D04CD45D9CEC48798D4068829A5B47B3~DTM*232*20200204~DTM*233*20200204~SVC*HC:99214*134*97.11**1~DTM*472*20200204~CAS*CO*45*36.89~REF*6R*CPVEZXKVZEK3~AMT*B6*97.11~LQ*HE*N381~CLP*000100029058*1*134*97.11**MC*2020045063484~NM1*QC*1*MEDINA*EDWARD*R***MR*O654584~NM1*82*1*LANE*DELLA*J***XX*1417151630~REF*EA*F330A5EA4AD946868242E6034C599172~DTM*232*20200129~DTM*233*20200129~SVC*HC:99214*134*97.11**1~DTM*472*20200129~CAS*CO*45*36.89~REF*6R*CPVYPTPCYNIU~AMT*B6*97.11~LQ*HE*N77~LQ*HE*N381~CLP*000100029035*1*134*97.11**MC*2020043043166~NM1*QC*1*MEDINA*JEANNINE****MR*H870875~NM1*82*1*SEARLES*DENISE*A***XX*1396971230~REF*EA*B623D3A25B164CBD9300BDE85FC6AD09~DTM*232*20200129~DTM*233*20200129~SVC*HC:99214*134*97.11**1~DTM*472*20200129~CAS*CO*45*36.89~REF*6R*CPVE5HY3YISG~AMT*B6*97.11~LQ*HE*N381~CLP*000100028279*1*351*212.71**MC*2020045063050~NM1*QC*1*MEDINA*JEANNINE****MR*H870875~NM1*82*1*SEARLES*DENISE*A***XX*1396971230~REF*EA*10C4F582E12C4F85A00899B6D1B9580C~DTM*232*20200115~DTM*233*20200115~SVC*HC:99204:25*205*149.59**1~DTM*472*20200115~CAS*CO*45*55.41~REF*6R*CPVYGDH4FFPJ~AMT*B6*149.59~LQ*HE*N381~SVC*HC:90471*35*19.46**1~DTM*472*20200115~CAS*CO*45*15.54~REF*6R*CPVY9R4UBQQ1~AMT*B6*19.46~LQ*HE*N381~SVC*HC:90674*35*21.74**1~DTM*472*20200115~CAS*CO*45*13.26~REF*6R*CPVYJIFRYXTQ~AMT*B6*21.74~LQ*HE*N381~SVC*HC:H0049*36*10.92**1~DTM*472*20200115~CAS*CO*45*25.08~REF*6R*CPVYRTEWT613~AMT*B6*10.92~LQ*HE*N381~SVC*HC:G8510*40*11**1~DTM*472*20200115~CAS*CO*45*29~REF*6R*CPVYR5PFQY19~AMT*B6*11~LQ*HE*N381~CLP*000100029195*1*134*97.11**MC*2020045063633~NM1*QC*1*MEDINA*TAMMY*A***MR*F616296~NM1*82*1*SEARLES*DENISE*A***XX*1396971230~REF*EA*8B7747D6D19A4F37BEDEE2376D5E712B~DTM*232*20200131~DTM*233*20200131~SVC*HC:99214*134*97.11**1~DTM*472*20200131~CAS*CO*45*36.89~REF*6R*CPVYYO3ODYSC~AMT*B6*97.11~LQ*HE*N77~LQ*HE*N381~CLP*000100029033*1*65*55.35**MC*2020043043364~NM1*QC*1*MILLER*CHARLES*J***MR*Y205357~NM1*82*1*LEWIS*HOLLY*G***XX*1295234128~REF*EA*83660FA7DF1B4BA8AAFDB3F5E8005603~DTM*232*20200129~DTM*233*20200129~SVC*HC:90832*65*55.35**1~DTM*472*20200129~CAS*CO*45*9.65~REF*6R*CPVEJ36TWI34~AMT*B6*55.35~LQ*HE*N381~CLP*000100029013*1*281*191.03**MC*2020043043375~NM1*QC*1*MILLER*CHARLES*J***MR*Y205357~NM1*82*1*LUCAS*PEGGI*S***XX*1366419582~REF*EA*E302587CC0DE4EC6AB2EFF36173BC845~DTM*232*20200129~DTM*233*20200129~SVC*HC:99204:25*205*149.59**1~DTM*472*20200129~CAS*CO*45*55.41~REF*6R*CPVE1KMBDGZ1~AMT*B6*149.59~LQ*HE*N381~SVC*HC:H0049*36*10.92**1~DTM*472*20200129~CAS*CO*45*25.08~REF*6R*CPVEVPF1IYBE~AMT*B6*10.92~LQ*HE*N381~SVC*HC:G8431*40*30.52**1~DTM*472*20200129~CAS*CO*45*9.48~REF*6R*CPVETE9WI2YQ~AMT*B6*30.52~LQ*HE*N381~CLP*000100029159*1*94*69.21**MC*2020045063177~NM1*QC*1*MILLION*VICKI*L***MR*I504747~NM1*82*1*HOOSHMAND-PARSI*KAYHOSROW****XX*1447291851~REF*EA*074FF63C3FDA46DDAB18465DAF7F80FF~DTM*232*20200130~DTM*233*20200130~SVC*HC:99213:25*90*65.81**1~DTM*472*20200130~CAS*CO*45*24.19~REF*6R*CPVYQK1RD95E~AMT*B6*65.81~LQ*HE*N381~SVC*HC:81002*4*3.4**1~DTM*472*20200130~CAS*CO*45*.6~REF*6R*CPVYZC9VD4J8~AMT*B6*3.4~LQ*HE*N381~CLP*000100029224*1*105*74.23**MC*2020045063150~NM1*QC*1*MITCHELL*JORDAN*K***MR*P498565~NM1*82*1*SEARLES*DENISE*A***XX*1396971230~REF*EA*417146BF32944FB2BA875F388212C543~DTM*232*20200131~DTM*233*20200131~SVC*HC:99213:25*90*65.81**1~DTM*472*20200131~CAS*CO*45*24.19~REF*6R*CPVY3NVEB7H7~AMT*B6*65.81~LQ*HE*N77~LQ*HE*N381~SVC*HC:81025*15*8.42**1~DTM*472*20200131~CAS*CO*45*6.58~REF*6R*CPVY4S9DG0O9~AMT*B6*8.42~LQ*HE*N77~LQ*HE*N381~CLP*000100029175*1*114*87.31**MC*2020045063468~NM1*QC*1*MOLZOW*THOMAS*P***MR*O956576~NM1*82*1*HOOSHMAND-PARSI*KAYHOSROW****XX*1447291851~REF*EA*5CB3D17DFB0B4F18BA18F5BE678328F7~DTM*232*20200130~DTM*233*20200130~SVC*HC:99213:25*90*65.81**1~DTM*472*20200130~CAS*CO*45*24.19~REF*6R*CPVY9PBN5GJG~AMT*B6*65.81~LQ*HE*N381~SVC*HC:93000*24*21.5**1~DTM*472*20200130~CAS*CO*45*2.5~REF*6R*CPVYACSXKPDD~AMT*B6*21.5~LQ*HE*N381~CLP*000100029126*1*54*39.39**MC*2020043043986~NM1*QC*1*MONSON*SAVANNAH*R***MR*U391305~NM1*82*1*CADDALI*ESTRELLA*A***XX*1164974580~REF*EA*3826CF165A4940CBAB4CEE268BAA596F~DTM*232*20200130~DTM*233*20200130~SVC*HC:99212*54*39.39**1~DTM*472*20200130~CAS*CO*45*14.61~REF*6R*CPVEGRJ064AL~AMT*B6*39.39~LQ*HE*N381~CLP*000100029075*1*105*74.23**MC*2020045063576~NM1*QC*1*MONSON*SAVANNAH*R***MR*U391305~NM1*82*1*GRONEMEYER*LEANNE*R***XX*1659521045~REF*EA*ABA627C7D7434176AB0E745BA3B4F5D0~DTM*232*20200129~DTM*233*20200129~SVC*HC:99213:25*90*65.81**1~DTM*472*20200129~CAS*CO*45*24.19~REF*6R*CPVYM7J2B8HR~AMT*B6*65.81~LQ*HE*N77~LQ*HE*N381~SVC*HC:81025*15*8.42**1~DTM*472*20200129~CAS*CO*45*6.58~REF*6R*CPVYRUXGS54W~AMT*B6*8.42~LQ*HE*N77~LQ*HE*N381~CLP*000100029373*1*134*97.11**MC*2020043043880~NM1*QC*1*MYERS*SCOTT*A***MR*P255708~NM1*82*1*SEARLES*DENISE*A***XX*1396971230~REF*EA*83E5895607114A3298F31F6A6BF3707A~DTM*232*20200204~DTM*233*20200204~SVC*HC:99214*134*97.11**1~DTM*472*20200204~CAS*CO*45*36.89~REF*6R*CPVESDZSO61R~AMT*B6*97.11~LQ*HE*N381~CLP*000100029248*1*65*55.35**MC*2020043043571~NM1*QC*1*PAIZ*DESIREE*V***MR*J620284~NM1*82*1*LEWIS*HOLLY*G***XX*1295234128~REF*EA*798215DEEA1A4F07B9BF98013B33FE9D~DTM*232*20200131~DTM*233*20200131~SVC*HC:90832*65*55.35**1~DTM*472*20200131~CAS*CO*45*9.65~REF*6R*CPVE6JRKZA7O~AMT*B6*55.35~LQ*HE*N381~CLP*000100029242*1*134*97.11**MC*2020043043584~NM1*QC*1*PAIZ*DESIREE*V***MR*J620284~NM1*82*1*SEARLES*DENISE*A***XX*1396971230~REF*EA*9B011E31672E449A8683DE4BEA61C4E2~DTM*232*20200131~DTM*233*20200131~SVC*HC:99214*134*97.11**1~DTM*472*20200131~CAS*CO*45*36.89~REF*6R*CPVEUA3DCR04~AMT*B6*97.11~LQ*HE*N381~CLP*000100029072*1*90*65.81**MC*2020043043457~NM1*QC*1*PISANO*ELIJAH****MR*P789789~NM1*82*1*SEARLES*DENISE*A***XX*1396971230~REF*EA*44E8642C22C14E8FA415EFE6530A2F2D~DTM*232*20200129~DTM*233*20200129~SVC*HC:99213*90*65.81**1~DTM*472*20200129~CAS*CO*45*24.19~REF*6R*CPVETD5RQABI~AMT*B6*65.81~LQ*HE*N381~CLP*000100029174*1*210*117.03*2*MC*2020045063540~NM1*QC*1*PRIGGE*MATTHEW*R***MR*P683674~NM1*82*1*CADDALI*ESTRELLA*A***XX*1164974580~REF*EA*5F33D774AB3D478FBF6DCF9585EA5858~DTM*232*20200130~DTM*233*20200130~SVC*HC:99214:25*134*95.11**1~DTM*472*20200130~CAS*PR*3*2~CAS*CO*45*36.89~REF*6R*CPVY2124A2HF~AMT*B6*97.11~LQ*HE*N381~LQ*HE*N381~SVC*HC:H0049*36*10.92**1~DTM*472*20200130~CAS*CO*45*25.08~REF*6R*CPVYIZ0JY1JY~AMT*B6*10.92~LQ*HE*N381~SVC*HC:G8510*40*11**1~DTM*472*20200130~CAS*CO*45*29~REF*6R*CPVY6SGNHW3F~AMT*B6*11~LQ*HE*N381~CLP*000100029130*1*158*118.61**MC*2020043044324~NM1*QC*1*QUINTANA*ANDRES****MR*P873770~NM1*82*1*GRONEMEYER*LEANNE*R***XX*1659521045~REF*EA*8E588489EDB44E92B223871891A5AE9B~DTM*232*20200130~DTM*233*20200130~SVC*HC:99214:25*134*97.11**1~DTM*472*20200130~CAS*CO*45*36.89~REF*6R*CPVE06T37PNU~AMT*B6*97.11~LQ*HE*N381~SVC*HC:93000*24*21.5**1~DTM*472*20200130~CAS*CO*45*2.5~REF*6R*CPVEUPIBETJ1~AMT*B6*21.5~LQ*HE*N381~CLP*000100029021*1*149*105.53**MC*2020045063442~NM1*QC*1*QUINTANA*DANIELLE*A***MR*N559116~NM1*82*1*LANE*DELLA*J***XX*1417151630~REF*EA*1C0BF82BED8D4809BDEFE95AFF5D102E~DTM*232*20200129~DTM*233*20200129~SVC*HC:99214:25*134*97.11**1~DTM*472*20200129~CAS*CO*45*36.89~REF*6R*CPVYJH8AFVY0~AMT*B6*97.11~LQ*HE*N77~LQ*HE*N381~SVC*HC:81025*15*8.42**1~DTM*472*20200129~CAS*CO*45*6.58~REF*6R*CPVYU9CYX3ZJ~AMT*B6*8.42~LQ*HE*N77~LQ*HE*N381~CLP*000100029186*1*90*63.81*2*MC*2020043044127~NM1*QC*1*RAEL*ALBERT*E***MR*N142806~NM1*82*1*SEARLES*DENISE*A***XX*1396971230~REF*EA*E7E455A6D4B84C2996DF792A12951897~DTM*232*20200130~DTM*233*20200130~SVC*HC:99213*90*63.81**1~DTM*472*20200130~CAS*PR*3*2~CAS*CO*45*24.19~REF*6R*CPVEJXD19ORX~AMT*B6*65.81~LQ*HE*N381~LQ*HE*N381~CLP*000100028888*1*134*97.11**MC*2020043043807~NM1*QC*1*RAMIREZ*JAVIER****MR*F684344~NM1*82*1*LUCAS*PEGGI*S***XX*1366419582~REF*EA*6C258AC6FFB744829FAD2396284B8455~DTM*232*20200127~DTM*233*20200127~SVC*HC:99214*134*97.11**1~DTM*472*20200127~CAS*CO*45*36.89~REF*6R*CPVE58ZGHEO9~AMT*B6*97.11~LQ*HE*N77~LQ*HE*N381~CLP*000100029286*1*134*97.11**MC*2020045063510~NM1*QC*1*RAMIREZ*JAVIER****MR*F684344~NM1*82*1*LUCAS*PEGGI*S***XX*1366419582~REF*EA*C1228F3C7EE246A082D4E32A9B82FBD3~DTM*232*20200203~DTM*233*20200203~SVC*HC:99214*134*97.11**1~DTM*472*20200203~CAS*CO*45*36.89~REF*6R*CPVY4N6XO45R~AMT*B6*97.11~LQ*HE*N77~LQ*HE*N381~CLP*000100028877*1*134*97.11**MC*2020045063615~NM1*QC*1*RATHBUN*AARON*W***MR*P304001~NM1*82*1*HOOSHMAND-PARSI*KAYHOSROW****XX*1447291851~REF*EA*BE6ACB517F6F418B9594806DFDBD67D1~DTM*232*20200127~DTM*233*20200127~SVC*HC:99214*134*97.11**1~DTM*472*20200127~CAS*CO*45*36.89~REF*6R*CPVY1H7XTSFC~AMT*B6*97.11~LQ*HE*N77~LQ*HE*N381~CLP*000100029294*1*134*97.11**MC*2020043043648~NM1*QC*1*REGALADO*DARION*N***MR*Y813880~NM1*82*1*GRONEMEYER*LEANNE*R***XX*1659521045~REF*EA*97F68332360F4E0EB834489B1E3A6221~DTM*232*20200203~DTM*233*20200203~SVC*HC:99214*134*97.11**1~DTM*472*20200203~CAS*CO*45*36.89~REF*6R*CPVEP8QGUTN6~AMT*B6*97.11~LQ*HE*N381~CLP*000100029241*1*134*95.11*2*MC*2020043043896~NM1*QC*1*RIVERA*JANNETTE****MR*Y173829~NM1*82*1*SEARLES*DENISE*A***XX*1396971230~REF*EA*360C46A5935C470280925869BF459055~DTM*232*20200131~DTM*233*20200131~SVC*HC:99214*134*95.11**1~DTM*472*20200131~CAS*PR*3*2~CAS*CO*45*36.89~REF*6R*CPVEM1GHWS6L~AMT*B6*97.11~LQ*HE*N381~LQ*HE*N381~CLP*000100029039*1*138*100.51**MC*2020043043473~NM1*QC*1*ROBINSON*CHRISTINA****MR*O374388~NM1*82*1*SEARLES*DENISE*A***XX*1396971230~REF*EA*4D70C0B347AF4C1980D33742303A4926~DTM*232*20200129~DTM*233*20200129~SVC*HC:99214:25*134*97.11**1~DTM*472*20200129~CAS*CO*45*36.89~REF*6R*CPVE8T9NBL9C~AMT*B6*97.11~LQ*HE*N381~SVC*HC:81002*4*3.4**1~DTM*472*20200129~CAS*CO*45*.6~REF*6R*CPVERBSLW49W~AMT*B6*3.4~LQ*HE*N381~CLP*000100028713*1*131*96.46**MC*2020043043821~NM1*QC*1*ROBLES*ELIJAH****MR*G787722~NM1*82*1*GRONEMEYER*LEANNE*R***XX*1659521045~REF*EA*C386FC2680674EA5A5FD2242C56FC731~DTM*232*20200123~DTM*233*20200123~SVC*HC:99393*131*96.46**1~DTM*472*20200123~CAS*CO*45*34.54~REF*6R*CPVEFWUIK54Y~AMT*B6*96.46~LQ*HE*N381~CLP*000100029005*1*134*97.11**MC*2020045063328~NM1*QC*1*RODRIGUEZ*CAROLINA*M***MR*Y641512~NM1*82*1*HOOSHMAND-PARSI*KAYHOSROW****XX*1447291851~REF*EA*A9E69D73BC1E496A81A3EF2A86A24233~DTM*232*20200128~DTM*233*20200128~SVC*HC:99214*134*97.11**1~DTM*472*20200128~CAS*CO*45*36.89~REF*6R*CPVYSWCQ3NKX~AMT*B6*97.11~LQ*HE*N381~CLP*000100029307*1*134*97.11**MC*2020045063622~NM1*QC*1*SAIS*MICHAEL*E***MR*N765754~NM1*82*1*LUCAS*PEGGI*S***XX*1366419582~REF*EA*4D716B71DC294C638C88974BEB745E04~DTM*232*20200203~DTM*233*20200203~SVC*HC:99214*134*97.11**1~DTM*472*20200203~CAS*CO*45*36.89~REF*6R*CPVY8EG63NIZ~AMT*B6*97.11~LQ*HE*N77~LQ*HE*N381~CLP*000100029056*1*134*97.11**MC*2020045063602~NM1*QC*1*SAIS*PHILIP*R***MR*T398012~NM1*82*1*LANE*DELLA*J***XX*1417151630~REF*EA*4C9A76ECA3DD4D5CA3E420F386285CC8~DTM*232*20200129~DTM*233*20200129~SVC*HC:99214*134*97.11**1~DTM*472*20200129~CAS*CO*45*36.89~REF*6R*CPVYDLMSH8J2~AMT*B6*97.11~LQ*HE*N77~LQ*HE*N381~CLP*000100029232*1*65*55.35**MC*2020045063386~NM1*QC*1*SALAZAR*ANESA****MR*Y281518~NM1*82*1*LEWIS*HOLLY*G***XX*1295234128~REF*EA*4582DFF1AAD24ABF904CDB6B02A26CCC~DTM*232*20200131~DTM*233*20200201~SVC*HC:90832*65*55.35**1~DTM*150*20200131~DTM*151*20200201~CAS*CO*45*9.65~REF*6R*CPVY60N8E7QQ~AMT*B6*55.35~LQ*HE*N381~CLP*000100029070*1*134*97.11**MC*2020043044153~NM1*QC*1*SALAZAR*TAZIO****MR*N789226~NM1*82*1*LUCAS*PEGGI*S***XX*1366419582~REF*EA*8AD39E7D7A984EE38D9B893406EC6712~DTM*232*20200129~DTM*233*20200129~SVC*HC:99214*134*97.11**1~DTM*472*20200129~CAS*CO*45*36.89~REF*6R*CPVEWJJ0J59T~AMT*B6*97.11~LQ*HE*N381~CLP*000100029207*1*105*74.23**MC*2020045063316~NM1*QC*1*SAMSON*CARA*M***MR*Y649542~NM1*82*1*SEARLES*DENISE*A***XX*1396971230~REF*EA*9EE0F97586314C7CA9225CB86D3F780E~DTM*232*20200131~DTM*233*20200131~SVC*HC:99213:25*90*65.81**1~DTM*472*20200131~CAS*CO*45*24.19~REF*6R*CPVYPF11NBL0~AMT*B6*65.81~LQ*HE*N77~LQ*HE*N381~SVC*HC:81025*15*8.42**1~DTM*472*20200131~CAS*CO*45*6.58~REF*6R*CPVYW8AZD643~AMT*B6*8.42~LQ*HE*N77~LQ*HE*N381~CLP*000100029209*1*90*65.81**MC*2020043043615~NM1*QC*1*SANCHEZ*BLAIR****MR*Q992223~NM1*82*1*CADDALI*ESTRELLA*A***XX*1164974580~REF*EA*0B25E017D56D401DA60DA6E69C072C23~DTM*232*20200131~DTM*233*20200131~SVC*HC:99213*90*65.81**1~DTM*472*20200131~CAS*CO*45*24.19~REF*6R*CPVEPPK7VJFN~AMT*B6*65.81~LQ*HE*N381~CLP*000100029223*1*134*97.11**MC*2020043044061~NM1*QC*1*SCHRINER*JACOB*E***MR*Y893432~NM1*82*1*LUCAS*PEGGI*S***XX*1366419582~REF*EA*0FA9E86B4EBE4D86B9B59DE4373F7E00~DTM*232*20200131~DTM*233*20200131~SVC*HC:99214*134*97.11**1~DTM*472*20200131~CAS*CO*45*36.89~REF*6R*CPVE7QGTX4VX~AMT*B6*97.11~LQ*HE*N381~CLP*000100028397*1*65*55.35**MC*2020043044068~NM1*QC*1*SCHRINER*JACOB*E***MR*Y893432~NM1*82*1*LEWIS*HOLLY*G***XX*1295234128~REF*EA*E129053D6B3240B3A1DC4C6995734D8B~DTM*232*20200117~DTM*233*20200117~SVC*HC:90832*65*55.35**1~DTM*472*20200117~CAS*CO*45*9.65~REF*6R*CPVE6VKKDE9H~AMT*B6*55.35~LQ*HE*N381~CLP*000100029297*1*134*95.11*2*MC*2020045063261~NM1*QC*1*SCHUDAR*JOHN*R***MR*Y988342~NM1*82*1*LUCAS*PEGGI*S***XX*1366419582~REF*EA*4922BAFE562446668C218F1DAC0CCE7C~DTM*232*20200203~DTM*233*20200203~SVC*HC:99214*134*95.11**1~DTM*472*20200203~CAS*PR*3*2~CAS*CO*45*36.89~REF*6R*CPVY2CKEX1X1~AMT*B6*97.11~LQ*HE*N77~LQ*HE*N381~LQ*HE*N381~CLP*000100029127*1*256*171.43**MC*2020043043536~NM1*QC*1*SEAMANS*LINDA****MR*P314970~NM1*82*1*CADDALI*ESTRELLA*A***XX*1164974580~REF*EA*AA80D0B7D184490BA5A40A22A4F67DC0~DTM*232*20200130~DTM*233*20200130~SVC*HC:99215:25*180*129.99**1~DTM*472*20200130~CAS*CO*45*50.01~REF*6R*CPVE50PX6AVW~AMT*B6*129.99~LQ*HE*N381~SVC*HC:H0049*36*10.92**1~DTM*472*20200130~CAS*CO*45*25.08~REF*6R*CPVEF3T1Q6DH~AMT*B6*10.92~LQ*HE*N381~SVC*HC:G8431*40*30.52**1~DTM*472*20200130~CAS*CO*45*9.48~REF*6R*CPVENESS3RWH~AMT*B6*30.52~LQ*HE*N381~CLP*000100029139*1*65*55.35**MC*2020043043554~NM1*QC*1*SEAMANS*LINDA****MR*P314970~NM1*82*1*LEWIS*HOLLY*G***XX*1295234128~REF*EA*419638C5E0074781AB2DD39CC747FD79~DTM*232*20200130~DTM*233*20200130~SVC*HC:90832*65*55.35**1~DTM*472*20200130~CAS*CO*45*9.65~REF*6R*CPVEDUMMJON6~AMT*B6*55.35~LQ*HE*N381~CLP*000100028889*1*134*97.11**MC*2020043043862~NM1*QC*1*SIGOURNEY*BRIAN*R***MR*V270102~NM1*82*1*LUCAS*PEGGI*S***XX*1366419582~REF*EA*D2CF5816B51C42BDBBD9FC7B18F7E9AA~DTM*232*20200127~DTM*233*20200127~SVC*HC:99214*134*97.11**1~DTM*472*20200127~CAS*CO*45*36.89~REF*6R*CPVE0DHKQU2B~AMT*B6*97.11~LQ*HE*N77~LQ*HE*N381~CLP*000100029103*1*134*95.11*2*MC*2020045063630~NM1*QC*1*SMITH*DESTINY*L***MR*Q240284~NM1*82*1*GRONEMEYER*LEANNE*R***XX*1659521045~REF*EA*F1A8449236C04283868B20B6F5EF1E8D~DTM*232*20200130~DTM*233*20200130~SVC*HC:99214*134*95.11**1~DTM*472*20200130~CAS*PR*3*2~CAS*CO*45*36.89~REF*6R*CPVYKM9WAN7L~AMT*B6*97.11~LQ*HE*N381~LQ*HE*N381~CLP*000100029184*1*134*95.11*2*MC*2020043043934~NM1*QC*1*SMITH*ROBIN****MR*P136864~NM1*82*1*GRONEMEYER*LEANNE*R***XX*1659521045~REF*EA*12D5665A14FE4353B7E2617FF52CD0F6~DTM*232*20200130~DTM*233*20200130~SVC*HC:99214*134*95.11**1~DTM*472*20200130~CAS*PR*3*2~CAS*CO*45*36.89~REF*6R*CPVE8JL23BK9~AMT*B6*97.11~LQ*HE*N381~LQ*HE*N381~CLP*000100028944*1*391*243.3**MC*2020045063632~NM1*QC*1*SOLANO*VALERIE*C***MR*Y824218~NM1*82*1*LUCAS*PEGGI*S***XX*1366419582~REF*EA*95953C43B6EB4E68A9B4FD98F8085D0A~DTM*232*20200128~DTM*233*20200128~SVC*HC:99205:25*255*186.33**1~DTM*472*20200128~CAS*CO*45*68.67~REF*6R*CPVY0WT6CV5F~AMT*B6*186.33~LQ*HE*N77~LQ*HE*N381~SVC*HC:99415*45*7.11**1~DTM*472*20200128~CAS*CO*45*37.89~REF*6R*CPVY77DUCXU3~AMT*B6*7.11~LQ*HE*N77~LQ*HE*N381~SVC*HC:H0049*36*10.92**1~DTM*472*20200128~CAS*CO*45*25.08~REF*6R*CPVY63EZBR15~AMT*B6*10.92~LQ*HE*N77~LQ*HE*N381~SVC*HC:G8431*40*30.52**1~DTM*472*20200128~CAS*CO*45*9.48~REF*6R*CPVYGA52XZKH~AMT*B6*30.52~LQ*HE*N77~LQ*HE*N381~SVC*HC:81025*15*8.42**1~DTM*472*20200128~CAS*CO*45*6.58~REF*6R*CPVYBNUIPV06~AMT*B6*8.42~LQ*HE*N77~LQ*HE*N381~CLP*000100029314*1*175*114.94**MC*2020045063409~NM1*QC*1*SOLIDAY*MICHAEL****MR*G730389~NM1*82*1*GRONEMEYER*LEANNE*R***XX*1659521045~REF*EA*2DBFA9A86C2744A8BAF89135EA027A0C~DTM*232*20200203~DTM*233*20200203~SVC*HC:99396*175*114.94**1~DTM*472*20200203~CAS*CO*45*60.06~REF*6R*CPVY0DIQ625T~AMT*B6*114.94~LQ*HE*N381~CLP*000100029347*1*90*65.81**MC*2020045063616~NM1*QC*1*SORTERS*ADDILYNN*K***MR*P731777~NM1*82*1*GRONEMEYER*LEANNE*R***XX*1659521045~REF*EA*E615819FB06A4668B0070CF1D76E522B~DTM*232*20200204~DTM*233*20200204~SVC*HC:99213*90*65.81**1~DTM*472*20200204~CAS*CO*45*24.19~REF*6R*CPVYE5VYH5FX~AMT*B6*65.81~LQ*HE*N381~CLP*000100027454*1*210*138.55**MC*2020043044162~NM1*QC*1*STRAIT*LORRAINE****MR*Y360507~NM1*82*1*GRONEMEYER*LEANNE*R***XX*1659521045~REF*EA*F410AA699B3E44F0857B9CC61E5591C1~DTM*232*20200102~DTM*233*20200102~SVC*HC:99214:25*134*97.11**1~DTM*472*20200102~CAS*CO*45*36.89~REF*6R*CPVEKGJFO5CH~AMT*B6*97.11~LQ*HE*N381~SVC*HC:H0049*36*10.92**1~DTM*472*20200102~CAS*CO*45*25.08~REF*6R*CPVED3J1YC7T~AMT*B6*10.92~LQ*HE*N381~SVC*HC:G8431*40*30.52**1~DTM*472*20200102~CAS*CO*45*9.48~REF*6R*CPVEQLQID7EJ~AMT*B6*30.52~LQ*HE*N381~CLP*000100028926*1*134*97.11**MC*2020043043557~NM1*QC*1*THOMPSON*BRENDA****MR*P195366~NM1*82*1*SEARLES*DENISE*A***XX*1396971230~REF*EA*9FB9F7AF23EB423BA1C8765F98E75BA4~DTM*232*20200128~DTM*233*20200128~SVC*HC:99214*134*97.11**1~DTM*472*20200128~CAS*CO*45*36.89~REF*6R*CPVE7KVDPXAE~AMT*B6*97.11~LQ*HE*N381~CLP*000100029145*1*221*138.87**MC*2020043043902~NM1*QC*1*THOMPSON*KATHLEEN****MR*G467425~NM1*82*1*CADDALI*ESTRELLA*A***XX*1164974580~REF*EA*633A4C5FCA184535BBC9C00AEC6BF5C0~DTM*232*20200130~DTM*233*20200130~SVC*HC:99203:25*145*97.43**1~DTM*472*20200130~CAS*CO*45*47.57~REF*6R*CPVEHCDS0WIR~AMT*B6*97.43~LQ*HE*N381~SVC*HC:H0049*36*10.92**1~DTM*472*20200130~CAS*CO*45*25.08~REF*6R*CPVE3DRGLFQY~AMT*B6*10.92~LQ*HE*N381~SVC*HC:G8431*40*30.52**1~DTM*472*20200130~CAS*CO*45*9.48~REF*6R*CPVE7Z6TORKC~AMT*B6*30.52~LQ*HE*N381~CLP*000100029198*1*65*55.35**MC*2020043043913~NM1*QC*1*THOMPSON*KATHLEEN****MR*G467425~NM1*82*1*LEWIS*HOLLY*G***XX*1295234128~REF*EA*27382AF0CD7542B680D8C1B51B1EDA59~DTM*232*20200131~DTM*233*20200131~SVC*HC:90832*65*55.35**1~DTM*472*20200131~CAS*CO*45*9.65~REF*6R*CPVESQO23OU5~AMT*B6*55.35~LQ*HE*N381~CLP*000100028969*1*134*97.11**MC*2020043044069~NM1*QC*1*THOMPSON*LINDA*M***MR*E133889~NM1*82*1*LUCAS*PEGGI*S***XX*1366419582~REF*EA*4784733D9850493496830EBCE0F48E6E~DTM*232*20200128~DTM*233*20200128~SVC*HC:99214*134*97.11**1~DTM*472*20200128~CAS*CO*45*36.89~REF*6R*CPVEJ08YIL1S~AMT*B6*97.11~LQ*HE*N381~CLP*000100029230*1*90*65.81**MC*2020043044245~NM1*QC*1*TORRES*HAVEN*D***MR*L088241~NM1*82*1*CADDALI*ESTRELLA*A***XX*1164974580~REF*EA*1049DAD4E9AC454BAB70F47CE3BDBFDB~DTM*232*20200131~DTM*233*20200131~SVC*HC:99213*90*65.81**1~DTM*472*20200131~CAS*CO*45*24.19~REF*6R*CPVE8DBRG8LH~AMT*B6*65.81~LQ*HE*N381~CLP*000100029057*1*134*97.11**MC*2020045063517~NM1*QC*1*TUCKER*JUDY*L***MR*W894116~NM1*82*1*LANE*DELLA*J***XX*1417151630~REF*EA*C94BA6A5848D4A4EAACDB3F1543FC6E1~DTM*232*20200129~DTM*233*20200129~SVC*HC:99214*134*97.11**1~DTM*472*20200129~CAS*CO*45*36.89~REF*6R*CPVYH0YYXS3M~AMT*B6*97.11~LQ*HE*N77~LQ*HE*N381~CLP*000100029048*1*175*114.94**MC*2020043043944~NM1*QC*1*VALENCIA*GREGORY****MR*O631549~NM1*82*1*CADDALI*ESTRELLA*A***XX*1164974580~REF*EA*01CD4114C8464A95883F3C0628E585D7~DTM*232*20200129~DTM*233*20200129~SVC*HC:99396*175*114.94**1~DTM*472*20200129~CAS*CO*45*60.06~REF*6R*CPVEY3B0S6O3~AMT*B6*114.94~LQ*HE*N381~CLP*000100029131*1*134*97.11**MC*2020043043640~NM1*QC*1*VALLEJOS*RANDY*L***MR*Y264890~NM1*82*1*HOOSHMAND-PARSI*KAYHOSROW****XX*1447291851~REF*EA*CA61F22A3015421FB1A3411C7E512C5B~DTM*232*20200130~DTM*233*20200130~SVC*HC:99214*134*97.11**1~DTM*472*20200130~CAS*CO*45*36.89~REF*6R*CPVEHOD8XC1Z~AMT*B6*97.11~LQ*HE*N381~CLP*000100028749*1*334.66*204.81**MC*2020043044091~NM1*QC*1*VALLES*SANDRA****MR*K193489~NM1*82*1*LUCAS*PEGGI*S***XX*1366419582~REF*EA*20EC387341E948DCBE67A0153E6C9D35~DTM*232*20200124~DTM*233*20200124~SVC*HC:99204:25*205*149.59**1~DTM*472*20200124~CAS*CO*45*55.41~REF*6R*CPVEJUB87E8E~AMT*B6*149.59~LQ*HE*N381~SVC*HC:99415*45*7.11**1~DTM*472*20200124~CAS*CO*45*37.89~REF*6R*CPVE56TKBVQR~AMT*B6*7.11~LQ*HE*N381~SVC*HC:H0049*36*10.92**1~DTM*472*20200124~CAS*CO*45*25.08~REF*6R*CPVETACXWPNC~AMT*B6*10.92~LQ*HE*N381~SVC*HC:G8431*40*30.52**1~DTM*472*20200124~CAS*CO*45*9.48~REF*6R*CPVE37Z71ON8~AMT*B6*30.52~LQ*HE*N381~SVC*HC:86580*8.66*6.67**1~DTM*472*20200124~CAS*CO*45*1.99~REF*6R*CPVELH7YSXMS~AMT*B6*6.67~LQ*HE*N381~CLP*000100029335*1*134*97.11**MC*2020045063299~NM1*QC*1*VIGIL*FABIAN****MR*J187623~NM1*82*1*LUCAS*PEGGI*S***XX*1366419582~REF*EA*CC08015595044805A4A94E1437EA142B~DTM*232*20200204~DTM*233*20200204~SVC*HC:99214*134*97.11**1~DTM*472*20200204~CAS*CO*45*36.89~REF*6R*CPVYNIQJZI9D~AMT*B6*97.11~LQ*HE*N77~LQ*HE*N381~CLP*000100028850*1*105*74.23**MC*2020045063531~NM1*QC*1*VILLASENOR*MIQUEILA*C***MR*K174349~NM1*82*1*HOOSHMAND-PARSI*KAYHOSROW****XX*1447291851~REF*EA*2DAAADEAF5644103B0CE0855B019C7A0~DTM*232*20200127~DTM*233*20200127~SVC*HC:99213:25*90*65.81**1~DTM*472*20200127~CAS*CO*45*24.19~REF*6R*CPVYWP0UP383~AMT*B6*65.81~LQ*HE*N77~LQ*HE*N381~SVC*HC:81025*15*8.42**1~DTM*472*20200127~CAS*CO*45*6.58~REF*6R*CPVYC8RXDFAZ~AMT*B6*8.42~LQ*HE*N77~LQ*HE*N381~CLP*000100028942*1*90*65.81**MC*2020045063596~NM1*QC*1*VOBACH*PAUL****MR*P235680~NM1*82*1*GRONEMEYER*LEANNE*R***XX*1659521045~REF*EA*AFFC8080DFB44CBAA5E55DEC763F1D4F~DTM*232*20200128~DTM*233*20200128~SVC*HC:99213*90*65.81**1~DTM*472*20200128~CAS*CO*45*24.19~REF*6R*CPVYTD5QXXWC~AMT*B6*65.81~LQ*HE*N77~LQ*HE*N381~CLP*000100029023*1*134*95.11*2*MC*2020045063600~NM1*QC*1*WAL*ISAAC*P***MR*Y614489~NM1*82*1*LANE*DELLA*J***XX*1417151630~REF*EA*89E692E98D2A4F7AA0B20C4350F8BF3E~DTM*232*20200129~DTM*233*20200129~SVC*HC:99214*134*95.11**1~DTM*472*20200129~CAS*PR*3*2~CAS*CO*45*36.89~REF*6R*CPVYDDBH16AN~AMT*B6*97.11~LQ*HE*N77~LQ*HE*N381~LQ*HE*N381~CLP*000100028807*1*109*75.63*2*MC*2020043043740~NM1*QC*1*WELCH*BRITTANY****MR*P124416~NM1*82*1*CADDALI*ESTRELLA*A***XX*1164974580~REF*EA*6750F82EB5D34CD0B32108F936C6B482~DTM*232*20200124~DTM*233*20200124~SVC*HC:99213:25*90*63.81**1~DTM*472*20200124~CAS*PR*3*2~CAS*CO*45*24.19~REF*6R*CPVESIVWU2U4~AMT*B6*65.81~LQ*HE*N381~LQ*HE*N381~SVC*HC:81025*15*8.42**1~DTM*472*20200124~CAS*CO*45*6.58~REF*6R*CPVEPOFB7ZY0~AMT*B6*8.42~LQ*HE*N381~SVC*HC:81002*4*3.4**1~DTM*472*20200124~CAS*CO*45*.6~REF*6R*CPVE4H24O6MU~AMT*B6*3.4~LQ*HE*N381~CLP*000100029120*1*134*95.11*2*MC*2020043044114~NM1*QC*1*WHITE*SAMUEL*R***MR*G468224~NM1*82*1*GRONEMEYER*LEANNE*R***XX*1659521045~REF*EA*2C65ACD8627D44F682F2D6FB87CEE087~DTM*232*20200130~DTM*233*20200130~SVC*HC:99214*134*95.11**1~DTM*472*20200130~CAS*PR*3*2~CAS*CO*45*36.89~REF*6R*CPVE2D2D9B4F~AMT*B6*97.11~LQ*HE*N381~LQ*HE*N381~CLP*000100028978*1*211*108.57**MC*2020043043297~NM1*QC*1*WILLIAMS*DEVREN****MR*O169306~NM1*82*1*SEARLES*DENISE*A***XX*1396971230~REF*EA*0A04DAB44D33472088E13DEA1948585A~DTM*232*20200128~DTM*233*20200128~SVC*HC:99202:25*135*67.13**1~DTM*472*20200128~CAS*CO*45*67.87~REF*6R*CPVE7BLHZSQA~AMT*B6*67.13~LQ*HE*N381~SVC*HC:H0049*36*10.92**1~DTM*472*20200128~CAS*CO*45*25.08~REF*6R*CPVEZ39G1MLS~AMT*B6*10.92~LQ*HE*N381~SVC*HC:G8431*40*30.52**1~DTM*472*20200128~CAS*CO*45*9.48~REF*6R*CPVEUPZJLP82~AMT*B6*30.52~LQ*HE*N381~CLP*000100028996*1*65*55.35**MC*2020045063084~NM1*QC*1*WILLIAMS*DEVREN****MR*O169306~NM1*82*1*LEWIS*HOLLY*G***XX*1295234128~REF*EA*2C73023F8E2448408D5ED78EB6A02FB7~DTM*232*20200128~DTM*233*20200128~SVC*HC:90832*65*55.35**1~DTM*472*20200128~CAS*CO*45*9.65~REF*6R*CPVYYDJOO6A5~AMT*B6*55.35~LQ*HE*N381~CLP*000100028972*1*134*97.11**MC*2020045063381~NM1*QC*1*WILLIAMS*KALLIE****MR*O184978~NM1*82*1*LUCAS*PEGGI*S***XX*1366419582~REF*EA*AE3796F0E8FC477F8DB68F197210D02A~DTM*232*20200128~DTM*233*20200128~SVC*HC:99214*134*97.11**1~DTM*472*20200128~CAS*CO*45*36.89~REF*6R*CPVYEHKD4DEX~AMT*B6*97.11~LQ*HE*N381~CLP*000100028954*1*149*105.53**MC*2020045063590~NM1*QC*1*WINEGARD*ERIN*E***MR*U514872~NM1*82*1*LUCAS*PEGGI*S***XX*1366419582~REF*EA*0F300AD0A4114431BBE31F1D3E471D9D~DTM*232*20200128~DTM*233*20200128~SVC*HC:99214:25*134*97.11**1~DTM*472*20200128~CAS*CO*45*36.89~REF*6R*CPVYFS2W5FSX~AMT*B6*97.11~LQ*HE*N77~LQ*HE*N381~SVC*HC:81025*15*8.42**1~DTM*472*20200128~CAS*CO*45*6.58~REF*6R*CPVY432C1C7N~AMT*B6*8.42~LQ*HE*N77~LQ*HE*N381~CLP*000100029141*1*90*63.81*2*MC*2020043043872~NM1*QC*1*WRIGHT*REBEKAH****MR*M969209~NM1*82*1*CADDALI*ESTRELLA*A***XX*1164974580~REF*EA*B1ED620CD0684C0BBD54170689914202~DTM*232*20200130~DTM*233*20200130~SVC*HC:99213:25*90*63.81**1~DTM*472*20200130~CAS*PR*3*2~CAS*CO*45*24.19~REF*6R*CPVEA2G6ICIX~AMT*B6*65.81~LQ*HE*N381~LQ*HE*N381~CLP*000100029267*1*149*103.53*2*MC*2020045063608~NM1*QC*1*WYATT*SERENITY*L***MR*P779049~NM1*82*1*LUCAS*PEGGI*S***XX*1366419582~REF*EA*C5F2B00F247A40C88B2945C2EDC01211~DTM*232*20200203~DTM*233*20200203~SVC*HC:99214:25*134*95.11**1~DTM*472*20200203~CAS*PR*3*2~CAS*CO*45*36.89~REF*6R*CPVYF6NVHI57~AMT*B6*97.11~LQ*HE*N77~LQ*HE*N381~LQ*HE*N381~SVC*HC:81025*15*8.42**1~DTM*472*20200203~CAS*CO*45*6.58~REF*6R*CPVYR5F6CFZV~AMT*B6*8.42~LQ*HE*N77~LQ*HE*N381~CLP*000100028981*1*341*187.04**MC*2020045063635~NM1*QC*1*YENGICH*CARA*A***MR*O767371~NM1*82*1*HOOSHMAND-PARSI*KAYHOSROW****XX*1447291851~REF*EA*A5396D8D6D00450AA10CBD5145CAFC50~DTM*232*20200128~DTM*233*20200128~SVC*HC:99204:25*205*149.59**1~DTM*472*20200128~CAS*CO*45*55.41~REF*6R*CPVYAQYGJ8DO~AMT*B6*149.59~LQ*HE*N77~LQ*HE*N381~SVC*HC:99415*45*7.11**1~DTM*472*20200128~CAS*CO*45*37.89~REF*6R*CPVYLG3S463M~AMT*B6*7.11~LQ*HE*N77~LQ*HE*N381~SVC*HC:H0049*36*10.92**1~DTM*472*20200128~CAS*CO*45*25.08~REF*6R*CPVYQ7WE0LHU~AMT*B6*10.92~LQ*HE*N77~LQ*HE*N381~SVC*HC:G8510*40*11**1~DTM*472*20200128~CAS*CO*45*29~REF*6R*CPVY9HTR661G~AMT*B6*11~LQ*HE*N77~LQ*HE*N381~SVC*HC:81025*15*8.42**1~DTM*472*20200128~CAS*CO*45*6.58~REF*6R*CPVYO08XQN6D~AMT*B6*8.42~LQ*HE*N77~LQ*HE*N381~CLP*26724*1*315.23*189.05**MC*2220045010709~NM1*QC*1*YOUNGBLOOD*CHARLE*J***MR*Y146809~DTM*232*20191213~DTM*233*20191213~SVC*HC:99396:25*175*114.94**1~DTM*472*20191213~CAS*CO*45*60.06~REF*HPI*1164974580~AMT*B6*114.94~LQ*HE*N381~SVC*HC:90471*35*19.46**1~DTM*472*20191213~CAS*CO*45*15.54~REF*HPI*1164974580~AMT*B6*19.46~LQ*HE*N381~SVC*HC:90674*35*0**0**1~DTM*472*20191213~CAS*PI*5*35~REF*HPI*1164974580~LQ*HE*M77~SVC*HC:90472*17.23*11.3**1~DTM*472*20191213~CAS*CO*45*5.93~REF*HPI*1164974580~AMT*B6*11.3~LQ*HE*N381~SVC*HC:90715*53*43.35**1~DTM*472*20191213~CAS*CO*45*9.65~REF*HPI*1164974580~AMT*B6*43.35~LQ*HE*N381~CLP*000100029148*1*134*97.11**MC*2020043043318~NM1*QC*1*ZENTENO*LUIS****MR*P095022~NM1*82*1*GRONEMEYER*LEANNE*R***XX*1659521045~REF*EA*DDAD145E7AB648AFA3B33D0328947EEF~DTM*232*20200130~DTM*233*20200130~SVC*HC:99214*134*97.11**1~DTM*472*20200130~CAS*CO*45*36.89~REF*6R*CPVE5WFKD6NS~AMT*B6*97.11~LQ*HE*N381~CLP*000100026979*4*134*0**MC*2020043043313~NM1*QC*1*DIAZ*GEORGINA*L***MR*I770082~NM1*82*1*KLAKER*JULIE*M***XX*1215134705~REF*EA*9C57509A86BE42FEABB23436E605E11B~DTM*232*20191218~DTM*233*20191218~SVC*HC:99214*134*0**0**1~DTM*472*20191218~CAS*PI*96*134~REF*6R*CPVEEX25UU8K~LQ*HE*N77~LQ*HE*N30~LQ*HE*MA92~CLP*000100025811*4*134*0**MC*2020043044286~NM1*QC*1*KELLY*DEBORAH****MR*G168829~NM1*82*1*GRONEMEYER*LEANNE*R***XX*1659521045~REF*EA*0B1F52E9E0C34AACB0518806411C229D~DTM*232*20191126~DTM*233*20191126~SVC*HC:99214:25*134*0**0**1~DTM*472*20191126~CAS*PI*16*134~REF*6R*CPVEMCE7T8T7~LQ*HE*MA63~LQ*HE*MA92~LQ*HE*MA92~LQ*HE*MA92~LQ*HE*N56~LQ*HE*N56~CLP*000100026953*4*5*0**MC*2020043043310~NM1*QC*1*QUINTANA*ALADINO****MR*J531853~NM1*82*1*LUCAS*PEGGI*S***XX*1366419582~REF*EA*6FA7AFF519FE4197B19630149C203B60~DTM*232*20191218~DTM*233*20191218~SVC*HC:J1885*5*0**0**2~DTM*472*20191218~CAS*PI*16*5~REF*6R*CPVEACXATH7J~LQ*HE*MA92~CLP*000100025896*4*134*0**MC*2020043043316~NM1*QC*1*SANCHEZ*CANDACE****MR*W730153~NM1*82*1*GRONEMEYER*LEANNE*R***XX*1659521045~REF*EA*47AF1E2FFFE4480490A00BA680A4982A~DTM*232*20191127~DTM*233*20191127~SVC*HC:99214:25*134*0**0**1~DTM*472*20191127~CAS*PI*16*134~REF*6R*CPVE1WZK8BIU~LQ*HE*N77~LQ*HE*N30~LQ*HE*MA92~LQ*HE*MA92~CLP*000100027258*4*90*0**MC*2020045063456~NM1*QC*1*TORRES*MIGUEL*L***MR*M887971~NM1*82*1*KLAKER*JULIE*M***XX*1215134705~REF*EA*CD0894BC52EE4E9D858450B7838E56DB~DTM*232*20191226~DTM*233*20191226~SVC*HC:99213*90*0**0**1~DTM*472*20191226~CAS*PI*96*90~REF*6R*CPVYBT3S8ATY~LQ*HE*N77~LQ*HE*N30~LQ*HE*MA92~SE*3499*000010012~GE*1*200012397~IEA*1*200012397~