ISA*00*          *00*          *ZZ*COMEDASSISTPROG*ZZ*6769489        *200210*0228*^*00501*100006170*0*P*:~GS*HP*COMEDASSISTPROG*6769489*20200210*022810*100006170*X*005010X221A1~ST*835*000010012~BPR*I*20249.75*C*CHK************20200210~TRN*1*000025105*1811725341~REF*EV*1508250911~DTM*405*20200207~N1*PR*CO_TXIX*XV*7912900843~N3*P.O. BOX 30~N4*DENVER*CO*80201~PER*CX*MEDICAID PROVIDER SERVICES*TE*8442352387~PER*BL*MEDICAID PROVIDER SERVICES*TE*8442352387~N1*PE*HEALTH SOLUTIONS MED CENTER*XX*1508250911~REF*TJ*841158933~LX*1~CLP*000100028140*2*90*65.81**MC*2020037005375~NM1*QC*1*AVILA*ROBERT*B***MR*F251953~NM1*82*1*HOOSHMAND-PARSI*KAYHOSROW****XX*1447291851~REF*EA*AC06D57AA37D439E989648CE310DF0C1~DTM*232*20200114~DTM*233*20200114~SVC*HC:99213*90*65.81**1~DTM*472*20200114~CAS*CO*45*24.19~REF*6R*CPM2OUU5I7C1~AMT*B6*65.81~LQ*HE*N381~CLP*000100028430*2*90*65.57**MC*2020037005367~NM1*QC*1*BEAN*LYNN*M***MR*K046430~NM1*82*1*CADDALI*ESTRELLA*A***XX*1164974580~REF*EA*7DEE570FB4724851AF481982CC0A6D86~DTM*232*20200117~DTM*233*20200117~SVC*HC:99213*90*65.57**1~DTM*472*20200117~CAS*CO*45*24.43~REF*6R*CPM2Q35DNHKW~AMT*B6*65.57~LQ*HE*N381~LQ*HE*N381~CLP*000100027928*2*134*94.67**MC*2020035003470~NM1*QC*1*BURCH*ROSALIE*A***MR*B253706~NM1*82*1*GRONEMEYER*LEANNE*R***XX*1659521045~REF*EA*712601B4BB46486580C138EF04D44F45~DTM*232*20200109~DTM*233*20200109~SVC*HC:99214*134*94.67**1~DTM*472*20200109~CAS*CO*45*39.33~REF*6R*CPLAZPKFDUWN~AMT*B6*94.67~LQ*HE*N381~LQ*HE*N381~CLP*000100023040*2*90*12.94**MC*2020038002850~NM1*QC*1*CANNON*RICHARD****MR*D825410~NM1*82*1*GRONEMEYER*LEANNE*R***XX*1659521045~REF*EA*918E4C8005B84FACA03BA9A324ECCB6A~DTM*232*20191001~DTM*233*20191001~SVC*HC:99213*90*12.94**1~DTM*472*20191001~CAS*CO*45*77.06~REF*6R*CPMM7PGU6HNR~AMT*B6*12.94~LQ*HE*N381~LQ*HE*N381~CLP*000100027538*2*134*19**MC*2020035003462~NM1*QC*1*DIAZ*CARL*J***MR*I533514~NM1*82*1*LUCAS*PEGGI*S***XX*1366419582~REF*EA*9373D95041264ACD9FB7C662C00237EE~DTM*232*20200103~DTM*233*20200103~SVC*HC:99214*134*19**1~DTM*472*20200103~CAS*CO*45*115~REF*6R*CPL6S85Y66RP~AMT*B6*19~LQ*HE*N381~LQ*HE*N381~CLP*000100028270*2*54*39.39**MC*2020037005363~NM1*QC*1*DOYLE*JAMES****MR*P777747~NM1*82*1*CADDALI*ESTRELLA*A***XX*1164974580~REF*EA*6D09740184B34603B116D365DE73B821~DTM*232*20200115~DTM*233*20200115~SVC*HC:99212*54*39.39**1~DTM*472*20200115~CAS*CO*45*14.61~REF*6R*CPM2L84GDSNF~AMT*B6*39.39~LQ*HE*N381~CLP*000100023089*2*134*18.93**MC*2020038002849~NM1*QC*1*FISHER*RONNI****MR*P809791~NM1*82*1*KLAKER*JULIE*M***XX*1215134705~REF*EA*407A8FFB745041D5B9B3BE68291EDABF~DTM*232*20191002~DTM*233*20191002~SVC*HC:99214*134*18.93**1~DTM*472*20191002~CAS*CO*45*115.07~REF*6R*CPMMNATB0HLN~AMT*B6*18.93~LQ*HE*N381~LQ*HE*N381~CLP*000100027568*2*195*97.99**MC*2020032007983~NM1*QC*1*GRIEGO*ALYSIA*C***MR*H530958~NM1*82*1*SEARLES*DENISE*A***XX*1396971230~REF*EA*FB1D4CE512474EDF82EC417999615DA2~DTM*232*20200103~DTM*233*20200103~SVC*HC:99202:25*135*66.52**1~DTM*472*20200103~CAS*CO*45*68.48~REF*6R*CPLQPAB56TE4~AMT*B6*66.52~LQ*HE*N381~LQ*HE*N381~SVC*HC:G0444*20*0**1~DTM*472*20200103~CAS*CO*45*20~REF*6R*CPLQD2A3DIBO~SVC*HC:G0396*40*31.47**1~DTM*472*20200103~CAS*OA*P22*8.53~REF*6R*CPLQ296TS9Z7~AMT*B6*31.47~LQ*HE*MA125~LQ*HE*MA125~CLP*000100028628*2*134*95.01**MC*2020037005366~NM1*QC*1*GRIEGO*ALYSIA*C***MR*H530958~NM1*82*1*SEARLES*DENISE*A***XX*1396971230~REF*EA*AC15EE9C0EB94613A97AEFD5B2879770~DTM*232*20200122~DTM*233*20200122~SVC*HC:99214*134*95.01**1~DTM*472*20200122~CAS*CO*45*38.99~REF*6R*CPM2OMAZHTTO~AMT*B6*95.01~LQ*HE*N381~LQ*HE*N381~CLP*000100023159*2*90*12.94**MC*2020035059583~NM1*QC*1*ORTIZ*DEBORAH*M***MR*K925625~NM1*82*1*GRONEMEYER*LEANNE*R***XX*1659521045~REF*EA*019774FC3CFD4965944F277E08CD8A91~DTM*232*20191003~DTM*233*20191003~SVC*HC:99213*90*12.94**1~DTM*472*20191003~CAS*CO*45*77.06~REF*6R*CPUYSW2RZYD5~AMT*B6*12.94~LQ*HE*N77~LQ*HE*N381~LQ*HE*N381~CLP*000100028246*2*134*97.11**MC*2020037005379~NM1*QC*1*PARK*TRACY*A***MR*W409659~NM1*82*1*HOOSHMAND-PARSI*KAYHOSROW****XX*1447291851~REF*EA*AB485A2A8CB84CC89766795F59B64BD5~DTM*232*20200115~DTM*233*20200115~SVC*HC:99214*134*97.11**1~DTM*472*20200115~CAS*CO*45*36.89~REF*6R*CPM2FYDVD25R~AMT*B6*97.11~LQ*HE*N381~CLP*000100027985*2*54*39.39**MC*2020038002846~NM1*QC*1*PEREY*LOUIS****MR*Y362711~NM1*82*1*SEARLES*DENISE*A***XX*1396971230~REF*EA*28493BDAA70243E7BBB7064CEF6B18AD~DTM*232*20200110~DTM*233*20200110~SVC*HC:99212*54*39.39**1~DTM*472*20200110~CAS*CO*45*14.61~REF*6R*CPM26GS0U2YB~AMT*B6*39.39~LQ*HE*N381~CLP*000100024417*2*134*18.93**MC*2020035059560~NM1*QC*1*VALDEZ MARTINEZ*SONIA****MR*F174874~NM1*74*1*VALDEZ**A~NM1*82*1*KLAKER*JULIE*M***XX*1215134705~REF*EA*5F5EA14CC5844426908A6EBC7162B924~DTM*232*20191031~DTM*233*20191031~SVC*HC:99214*134*18.93**1~DTM*472*20191031~CAS*CO*45*115.07~REF*6R*CPUYN779RFMF~AMT*B6*18.93~LQ*HE*N77~LQ*HE*N381~LQ*HE*N381~CLP*000100023167*22*-2197*-264.75**MC*2019352004268~NM1*QC*1*BARNELL*SHANNA*V***MR*R948166~NM1*82*1*SEARLES*DENISE*A***XX*1396971230~REF*EA*912993A80A7843DA9F08EBAF26C9CD19~DTM*232*20191003~DTM*233*20191003~SVC*HC:99205:25*-255*-35.99**1~DTM*472*20191003~CAS*CO*45*-219.01~REF*6R*CPMDPK0U7B15~AMT*B6*35.99~LQ*HE*N381~LQ*HE*N381~SVC*HC:99415*-45*0**1~DTM*472*20191003~CAS*CO*45*-37.89~CAS*OA*23*-7.11~REF*6R*CPMD27W01DFN~LQ*HE*N381~LQ*HE*N381~SVC*HC:96372*-32*-2.91**1~DTM*472*20191003~CAS*CO*45*-29.09~REF*6R*CPMDGSI9NTU0~AMT*B6*2.91~LQ*HE*N381~LQ*HE*N381~SVC*HC:J2315*-1805*-225.85**380~DTM*472*20191003~CAS*CO*45*-1579.15~REF*6R*CPMDV5T9VB8B~AMT*B6*225.85~LQ*HE*N381~LQ*HE*N381~SVC*HC:G0444*-20*0**0**1~DTM*472*20191003~CAS*PI*96*-20~REF*6R*CPMD4RWNUVJT~LQ*HE*N30~LQ*HE*N30~LQ*HE*N56~SVC*HC:G0396*-40*0**0**1~DTM*472*20191003~CAS*CO*56*-40~REF*6R*CPMDXUU7MTZI~LQ*HE*N381~LQ*HE*N130~LQ*HE*N130~CLP*000100023167*2*2197*264.75**MC*5220035001776~NM1*QC*1*BARNELL*SHANNA*V***MR*R948166~NM1*82*1*SEARLES*DENISE*A***XX*1396971230~REF*EA*912993A80A7843DA9F08EBAF26C9CD19~DTM*232*20191003~DTM*233*20191003~SVC*HC:99205:25*255*35.99**1~DTM*472*20191003~CAS*CO*45*219.01~REF*6R*CPMDPK0U7B15~AMT*B6*35.99~LQ*HE*N381~LQ*HE*N381~SVC*HC:99415*45*0**1~DTM*472*20191003~CAS*CO*45*37.89~CAS*OA*23*7.11~REF*6R*CPMD27W01DFN~LQ*HE*N381~LQ*HE*N381~SVC*HC:96372*32*2.91**1~DTM*472*20191003~CAS*CO*45*29.09~REF*6R*CPMDGSI9NTU0~AMT*B6*2.91~LQ*HE*N381~LQ*HE*N381~SVC*HC:J2315*1805*225.85**380~DTM*472*20191003~CAS*CO*45*1579.15~REF*6R*CPMDV5T9VB8B~AMT*B6*225.85~LQ*HE*N381~LQ*HE*N381~SVC*HC:G0444*20*0**0**1~DTM*472*20191003~CAS*PI*96*20~REF*6R*CPMD4RWNUVJT~LQ*HE*N30~LQ*HE*N30~LQ*HE*N56~SVC*HC:G0396*40*0**0**1~DTM*472*20191003~CAS*CO*56*40~REF*6R*CPMDXUU7MTZI~LQ*HE*N381~LQ*HE*N130~LQ*HE*N130~CLP*000100024395*22*-1927*-241.7**MC*2019352004274~NM1*QC*1*BARNELL*SHANNA*V***MR*R948166~NM1*82*1*SEARLES*DENISE*A***XX*1396971230~REF*EA*6CAD919CC6C9482EAC556B56DD6C5794~DTM*232*20191031~DTM*233*20191031~SVC*HC:99213:25*-90*-12.94**1~DTM*472*20191031~CAS*CO*45*-77.06~REF*6R*CPMD11IDEBVA~AMT*B6*12.94~LQ*HE*N381~LQ*HE*N381~SVC*HC:96372*-32*-2.91**1~DTM*472*20191031~CAS*CO*45*-29.09~REF*6R*CPMDY8ECYRV9~AMT*B6*2.91~LQ*HE*N381~LQ*HE*N381~SVC*HC:J2315*-1805*-225.85**380~DTM*472*20191031~CAS*CO*45*-1579.15~REF*6R*CPMDLK112W3H~AMT*B6*225.85~LQ*HE*N381~LQ*HE*N381~CLP*000100024395*2*1927*241.7**MC*5220035001777~NM1*QC*1*BARNELL*SHANNA*V***MR*R948166~NM1*82*1*SEARLES*DENISE*A***XX*1396971230~REF*EA*6CAD919CC6C9482EAC556B56DD6C5794~DTM*232*20191031~DTM*233*20191031~SVC*HC:99213:25*90*12.94**1~DTM*472*20191031~CAS*CO*45*77.06~REF*6R*CPMD11IDEBVA~AMT*B6*12.94~LQ*HE*N381~LQ*HE*N381~SVC*HC:96372*32*2.91**1~DTM*472*20191031~CAS*CO*45*29.09~REF*6R*CPMDY8ECYRV9~AMT*B6*2.91~LQ*HE*N381~LQ*HE*N381~SVC*HC:J2315*1805*225.85**380~DTM*472*20191031~CAS*CO*45*1579.15~REF*6R*CPMDLK112W3H~AMT*B6*225.85~LQ*HE*N381~LQ*HE*N381~CLP*000100023167*22*-2137*-264.75**MC*2019360040999~NM1*QC*1*BARNELL*SHANNA****MR*R948166~NM1*82*1*SEARLES*DENISE*A***XX*1396971230~REF*EA*82ECF8EDFE6140238CBC7FEB31FF8D45~DTM*232*20191003~DTM*233*20191003~SVC*HC:99205:25*-255*-35.99**1~DTM*472*20191003~CAS*CO*45*-219.01~REF*6R*CPOHD1V8PCMP~AMT*B6*35.99~LQ*HE*N381~LQ*HE*N381~SVC*HC:99415*-45*0**1~DTM*472*20191003~CAS*CO*45*-37.89~CAS*OA*23*-7.11~REF*6R*CPOHYVWSSX9V~LQ*HE*N381~LQ*HE*N381~SVC*HC:96372*-32*-2.91**1~DTM*472*20191003~CAS*CO*45*-29.09~REF*6R*CPOHNJUKEY4R~AMT*B6*2.91~LQ*HE*N381~LQ*HE*N381~SVC*HC:J2315*-1805*-225.85**380~DTM*472*20191003~CAS*CO*45*-1579.15~REF*6R*CPOHNC2MUMOQ~AMT*B6*225.85~LQ*HE*N381~LQ*HE*N381~CLP*000100023167*2*2137*264.75**MC*5220035001837~NM1*QC*1*BARNELL*SHANNA****MR*R948166~NM1*82*1*SEARLES*DENISE*A***XX*1396971230~REF*EA*82ECF8EDFE6140238CBC7FEB31FF8D45~DTM*232*20191003~DTM*233*20191003~SVC*HC:99205:25*255*35.99**1~DTM*472*20191003~CAS*CO*45*219.01~REF*6R*CPOHD1V8PCMP~AMT*B6*35.99~LQ*HE*N381~LQ*HE*N381~SVC*HC:99415*45*0**1~DTM*472*20191003~CAS*CO*45*37.89~CAS*OA*23*7.11~REF*6R*CPOHYVWSSX9V~LQ*HE*N381~LQ*HE*N381~SVC*HC:96372*32*2.91**1~DTM*472*20191003~CAS*CO*45*29.09~REF*6R*CPOHNJUKEY4R~AMT*B6*2.91~LQ*HE*N381~LQ*HE*N381~SVC*HC:J2315*1805*225.85**380~DTM*472*20191003~CAS*CO*45*1579.15~REF*6R*CPOHNC2MUMOQ~AMT*B6*225.85~LQ*HE*N381~LQ*HE*N381~CLP*000100023414*22*-2055*-254.49**MC*2019315043030~NM1*QC*1*MOORE*HOLLY****MR*G690959~NM1*82*1*GRONEMEYER*LEANNE*R***XX*1659521045~REF*EA*6A5919F6DB2E433EB696C35245924975~DTM*232*20191009~DTM*233*20191009~SVC*HC:99204:25*-205*-28.64**1~DTM*472*20191009~CAS*CO*45*-176.36~REF*6R*CPDL8DVIZYDF~AMT*B6*28.64~LQ*HE*N381~LQ*HE*N381~SVC*HC:J2315*-1805*-225.85**380~DTM*472*20191009~CAS*CO*45*-1579.15~REF*6R*CPDLJYVMBZEV~AMT*B6*225.85~LQ*HE*N381~LQ*HE*N381~SVC*HC:99415*-45*0**1~DTM*472*20191009~CAS*CO*45*-37.89~CAS*OA*23*-7.11~REF*6R*CPDLOGIWJIJ7~LQ*HE*N381~LQ*HE*N381~CLP*000100023414*2*2055*254.49**MC*5220035001317~NM1*QC*1*MOORE*HOLLY****MR*G690959~NM1*82*1*GRONEMEYER*LEANNE*R***XX*1659521045~REF*EA*6A5919F6DB2E433EB696C35245924975~DTM*232*20191009~DTM*233*20191009~SVC*HC:99204:25*205*28.64**1~DTM*472*20191009~CAS*CO*45*176.36~REF*6R*CPDL8DVIZYDF~AMT*B6*28.64~LQ*HE*N381~LQ*HE*N381~SVC*HC:J2315*1805*225.85**380~DTM*472*20191009~CAS*CO*45*1579.15~REF*6R*CPDLJYVMBZEV~AMT*B6*225.85~LQ*HE*N381~LQ*HE*N381~SVC*HC:99415*45*0**1~DTM*472*20191009~CAS*CO*45*37.89~CAS*OA*23*7.11~REF*6R*CPDLOGIWJIJ7~LQ*HE*N381~LQ*HE*N381~CLP*000100024737*22*-1927*-241.7**MC*2019336029298~NM1*QC*1*MOORE*HOLLY****MR*G690959~NM1*82*1*GRONEMEYER*LEANNE*R***XX*1659521045~REF*EA*BDCA95C53EB14261A12F71CDD34D1294~DTM*232*20191106~DTM*233*20191106~SVC*HC:99213:25*-90*-12.94**1~DTM*472*20191106~CAS*CO*45*-77.06~REF*6R*CPMDBDJA1HMS~AMT*B6*12.94~LQ*HE*N381~LQ*HE*N381~SVC*HC:96372*-32*-2.91**1~DTM*472*20191106~CAS*CO*45*-29.09~REF*6R*CPMDP7AAYAD6~AMT*B6*2.91~LQ*HE*N381~LQ*HE*N381~SVC*HC:J2315*-1805*-225.85**380~DTM*472*20191106~CAS*CO*45*-1579.15~REF*6R*CPMDX4PTPPY7~AMT*B6*225.85~LQ*HE*N381~LQ*HE*N381~CLP*000100024737*2*1927*241.7**MC*5220035001510~NM1*QC*1*MOORE*HOLLY****MR*G690959~NM1*82*1*GRONEMEYER*LEANNE*R***XX*1659521045~REF*EA*BDCA95C53EB14261A12F71CDD34D1294~DTM*232*20191106~DTM*233*20191106~SVC*HC:99213:25*90*12.94**1~DTM*472*20191106~CAS*CO*45*77.06~REF*6R*CPMDBDJA1HMS~AMT*B6*12.94~LQ*HE*N381~LQ*HE*N381~SVC*HC:96372*32*2.91**1~DTM*472*20191106~CAS*CO*45*29.09~REF*6R*CPMDP7AAYAD6~AMT*B6*2.91~LQ*HE*N381~LQ*HE*N381~SVC*HC:J2315*1805*225.85**380~DTM*472*20191106~CAS*CO*45*1579.15~REF*6R*CPMDX4PTPPY7~AMT*B6*225.85~LQ*HE*N381~LQ*HE*N381~CLP*000100028765*1*134*95.11*2*MC*2020035060278~NM1*QC*1*ABEYTA*KRISTA****MR*G102892~NM1*82*1*LUCAS*PEGGI*S***XX*1366419582~REF*EA*616588CBC7A846688D0A120DC53F7889~DTM*232*20200124~DTM*233*20200124~SVC*HC:99214*134*95.11**1~DTM*472*20200124~CAS*PR*3*2~CAS*CO*45*36.89~REF*6R*CPUYTOI85GCW~AMT*B6*97.11~LQ*HE*N381~LQ*HE*N381~CLP*000100028710*1*1971*1286.51**MC*2020035060156~NM1*QC*1*ADAMS*CHRISTOPHER****MR*Y546450~NM1*82*1*SEARLES*DENISE*A***XX*1396971230~REF*EA*04E72274D2554C05A4BC648BAC1E712B~DTM*232*20200123~DTM*233*20200123~SVC*HC:99214:25*134*97.11**1~DTM*472*20200123~CAS*CO*45*36.89~REF*6R*CPUYY5H0NH0Y~AMT*B6*97.11~LQ*HE*N77~LQ*HE*N381~SVC*HC:96372*32*0**0**1~DTM*472*20200123~CAS*CO*109*32~REF*6R*CPUYSOQ7GQE0~LQ*HE*N77~LQ*HE*N381~SVC*HC:J2315*1805*1189.4**380~DTM*472*20200123~CAS*CO*45*615.6~REF*6R*CPUYF7TZUS24~AMT*B6*1189.4~LQ*HE*N77~LQ*HE*N381~CLP*000100028794*1*114*85.31*2*MC*2020035060329~NM1*QC*1*ALEXANDER*ANTHONY*A***MR*L236477~NM1*82*1*CADDALI*ESTRELLA*A***XX*1164974580~REF*EA*D522934842DE4CFEB2AB60F38C98DD08~DTM*232*20200124~DTM*233*20200124~SVC*HC:99213:25*90*63.81**1~DTM*472*20200124~CAS*PR*3*2~CAS*CO*45*24.19~REF*6R*CPUY3SXCFXYT~AMT*B6*65.81~LQ*HE*N381~LQ*HE*N381~SVC*HC:93000*24*21.5**1~DTM*472*20200124~CAS*CO*45*2.5~REF*6R*CPUYYBYBTW5L~AMT*B6*21.5~LQ*HE*N381~CLP*000100028654*1*134*97.11**MC*2020035060096~NM1*QC*1*AMWAY*AMANDA****MR*P598268~NM1*82*1*LUCAS*PEGGI*S***XX*1366419582~REF*EA*1D535406B1564B80931976FC6EACB043~DTM*232*20200122~DTM*233*20200122~SVC*HC:99214*134*97.11**1~DTM*472*20200122~CAS*CO*45*36.89~REF*6R*CPUYGWZTXQHK~AMT*B6*97.11~LQ*HE*N381~CLP*000100028682*1*149*105.53**MC*2020035060332~NM1*QC*1*BANKSTON*AMANDA*M***MR*G892642~NM1*82*1*SEARLES*DENISE*A***XX*1396971230~REF*EA*901D738FC1B34947BA9284CB752C7437~DTM*232*20200123~DTM*233*20200123~SVC*HC:99214:25*134*97.11**1~DTM*472*20200123~CAS*CO*45*36.89~REF*6R*CPUY83Q0ER6S~AMT*B6*97.11~LQ*HE*N77~LQ*HE*N381~SVC*HC:81025*15*8.42**1~DTM*472*20200123~CAS*CO*45*6.58~REF*6R*CPUYC5ZJKNVS~AMT*B6*8.42~LQ*HE*N77~LQ*HE*N381~CLP*000100028622*1*149*105.53**MC*2020035060240~NM1*QC*1*BAROS*MELANIE*A***MR*L096798~NM1*82*1*GRONEMEYER*LEANNE*R***XX*1659521045~REF*EA*CFBA247D7CDC40389520D5EFCE6FA612~DTM*232*20200122~DTM*233*20200122~SVC*HC:99214:25*134*97.11**1~DTM*472*20200122~CAS*CO*45*36.89~REF*6R*CPUYKUP2O34M~AMT*B6*97.11~LQ*HE*N77~LQ*HE*N381~SVC*HC:81025*15*8.42**1~DTM*472*20200122~CAS*CO*45*6.58~REF*6R*CPUYGQ9I9XFM~AMT*B6*8.42~LQ*HE*N77~LQ*HE*N381~CLP*000100028291*1*90*63.81*2*MC*2020035060468~NM1*QC*1*BENAVIDEZ*KHRISTEN*D***MR*Y418586~NM1*82*1*GRONEMEYER*LEANNE*R***XX*1659521045~REF*EA*E3212CEDEAB5459B8B4F55F53603F2EB~DTM*232*20200115~DTM*233*20200115~SVC*HC:99213*90*63.81**1~DTM*472*20200115~CAS*PR*3*2~CAS*CO*45*24.19~REF*6R*CPUY8U7GT22B~AMT*B6*65.81~LQ*HE*N381~LQ*HE*N381~CLP*000100028647*1*124*78.59*2*MC*2020035060319~NM1*QC*1*BERTUGLIA*LAUREN*E***MR*Y771588~NM1*82*1*CADDALI*ESTRELLA*A***XX*1164974580~REF*EA*48829A5E8558420794739C8221DEBF4D~DTM*232*20200122~DTM*233*20200122~SVC*HC:99212:25*54*37.39**1~DTM*472*20200122~CAS*PR*3*2~CAS*CO*45*14.61~REF*6R*CPUYJQT1L6JH~AMT*B6*39.39~LQ*HE*N381~LQ*HE*N381~SVC*HC:90471*35*19.46**1~DTM*472*20200122~CAS*CO*45*15.54~REF*6R*CPUY0HQ3YKDF~AMT*B6*19.46~LQ*HE*N381~SVC*HC:90674*35*21.74**1~DTM*472*20200122~CAS*CO*45*13.26~REF*6R*CPUYV1GDLC92~AMT*B6*21.74~LQ*HE*N381~CLP*000100028701*1*149*105.53**MC*2020035060113~NM1*QC*1*BOULIER*JEWEL*R***MR*W913486~NM1*82*1*SEARLES*DENISE*A***XX*1396971230~REF*EA*800F3657DCE0428D9333BB6AFC419640~DTM*232*20200123~DTM*233*20200123~SVC*HC:99214:25*134*97.11**1~DTM*472*20200123~CAS*CO*45*36.89~REF*6R*CPUYSSZPOND0~AMT*B6*97.11~LQ*HE*N77~LQ*HE*N381~SVC*HC:81025*15*8.42**1~DTM*472*20200123~CAS*CO*45*6.58~REF*6R*CPUYZWNX6JTB~AMT*B6*8.42~LQ*HE*N77~LQ*HE*N381~CLP*000100028790*1*54*39.39**MC*2020035060434~NM1*QC*1*CABELLO*ANNE*L***MR*J047769~NM1*82*1*CADDALI*ESTRELLA*A***XX*1164974580~REF*EA*9735F91080A542AC876719D15FCB002E~DTM*232*20200124~DTM*233*20200124~SVC*HC:99212*54*39.39**1~DTM*472*20200124~CAS*CO*45*14.61~REF*6R*CPUYRCWBQKSE~AMT*B6*39.39~LQ*HE*N381~CLP*000100028467*1*134*95.11*2*MC*2020035060063~NM1*QC*1*CABELLO*NICOLE****MR*Y734728~NM1*82*1*GRONEMEYER*LEANNE*R***XX*1659521045~REF*EA*853F55DDC102471FAF30C7F7EF5D998B~DTM*232*20200120~DTM*233*20200120~SVC*HC:99214:25*134*95.11**1~DTM*472*20200120~CAS*PR*3*2~CAS*CO*45*36.89~REF*6R*CPUYCZUIPSV4~AMT*B6*97.11~LQ*HE*N381~LQ*HE*N381~CLP*000100028651*1*149*105.53**MC*2020035060393~NM1*QC*1*CALDERON*DAVINA*R***MR*J450070~NM1*82*1*GRONEMEYER*LEANNE*R***XX*1659521045~REF*EA*226E9457769D483999D812DB1ECF1607~DTM*232*20200122~DTM*233*20200122~SVC*HC:99214:25*134*97.11**1~DTM*472*20200122~CAS*CO*45*36.89~REF*6R*CPUY7DBVQO5P~AMT*B6*97.11~LQ*HE*N77~LQ*HE*N381~SVC*HC:81025*15*8.42**1~DTM*472*20200122~CAS*CO*45*6.58~REF*6R*CPUYAZY0ZQ6K~AMT*B6*8.42~LQ*HE*N77~LQ*HE*N381~CLP*000100028552*1*134*97.11**MC*2020035060193~NM1*QC*1*CAMPBELL*TAMMY*L***MR*Y574975~NM1*82*1*LUCAS*PEGGI*S***XX*1366419582~REF*EA*48A55A55697049CBA1EA7C3E4D00B7E8~DTM*232*20200121~DTM*233*20200121~SVC*HC:99214*134*97.11**1~DTM*472*20200121~CAS*CO*45*36.89~REF*6R*CPUY2P7DLTMF~AMT*B6*97.11~LQ*HE*N381~CLP*000100028777*1*149*105.53**MC*2020035060197~NM1*QC*1*CAMPBELL*TAMMY*L***MR*Y574975~NM1*82*1*SEARLES*DENISE*A***XX*1396971230~REF*EA*2335676C861142AD9D75639CB8700798~DTM*232*20200124~DTM*233*20200124~SVC*HC:99214:25*134*97.11**1~DTM*472*20200124~CAS*CO*45*36.89~REF*6R*CPUYUU6XG398~AMT*B6*97.11~LQ*HE*N77~LQ*HE*N381~SVC*HC:81025*15*8.42**1~DTM*472*20200124~CAS*CO*45*6.58~REF*6R*CPUYR57OPUII~AMT*B6*8.42~LQ*HE*N77~LQ*HE*N381~CLP*000100028735*1*134*95.11*2*MC*2020035060365~NM1*QC*1*CLASON*DOROTHY****MR*I727058~NM1*82*1*GRONEMEYER*LEANNE*R***XX*1659521045~REF*EA*03B6E589473343B087D868ADA8954856~DTM*232*20200123~DTM*233*20200123~SVC*HC:99214*134*95.11**1~DTM*472*20200123~CAS*PR*3*2~CAS*CO*45*36.89~REF*6R*CPUYYX36Z8EW~AMT*B6*97.11~LQ*HE*N381~LQ*HE*N381~CLP*000100028148*1*90*65.81**MC*2020035060416~NM1*QC*1*COBERLY*DOUGLAS*D***MR*R899013~NM1*82*1*GRONEMEYER*LEANNE*R***XX*1659521045~REF*EA*FB0D295DA84246B2B2420CE24B89D724~DTM*232*20200114~DTM*233*20200114~SVC*HC:99213*90*65.81**1~DTM*472*20200114~CAS*CO*45*24.19~REF*6R*CPUY5KGZ6SL4~AMT*B6*65.81~LQ*HE*N77~LQ*HE*N381~CLP*000100028698*1*134*95.11*2*MC*2020035060211~NM1*QC*1*CORDOVA*GINA****MR*Q922006~NM1*82*1*GRONEMEYER*LEANNE*R***XX*1659521045~REF*EA*CF9CAE538D3E45AFAAA4A22E5F092CE2~DTM*232*20200123~DTM*233*20200123~SVC*HC:99214*134*95.11**1~DTM*472*20200123~CAS*PR*3*2~CAS*CO*45*36.89~REF*6R*CPUY6OMLDKHI~AMT*B6*97.11~LQ*HE*N381~LQ*HE*N381~CLP*000100028120*1*326*198.14**MC*2020035060308~NM1*QC*1*CORDOVA*MICHAEL****MR*F946578~NM1*82*1*GRONEMEYER*LEANNE*R***XX*1659521045~REF*EA*4C3259716A3844EDBB7B4C3702B51E58~DTM*232*20200114~DTM*233*20200114~SVC*HC:99204:25*205*149.59**1~DTM*472*20200114~CAS*CO*45*55.41~REF*6R*CPUYXOIIQH34~AMT*B6*149.59~LQ*HE*N77~LQ*HE*N381~SVC*HC:99415*45*7.11**1~DTM*472*20200114~CAS*CO*45*37.89~REF*6R*CPUY4DWEU7NK~AMT*B6*7.11~LQ*HE*N77~LQ*HE*N381~SVC*HC:H0049*36*10.92**1~DTM*472*20200114~CAS*CO*45*25.08~REF*6R*CPUYI45SAAEQ~AMT*B6*10.92~LQ*HE*N77~LQ*HE*N381~SVC*HC:G8431*40*30.52**1~DTM*472*20200114~CAS*CO*45*9.48~REF*6R*CPUYPOIJTKPH~AMT*B6*30.52~LQ*HE*N77~LQ*HE*N381~CLP*000100028507*1*90*65.81**MC*2020035060316~NM1*QC*1*CORDOVA*MICHAEL****MR*F946578~NM1*82*1*GRONEMEYER*LEANNE*R***XX*1659521045~REF*EA*91A1CC9E52FB409EBCE5F42F343CF4DA~DTM*232*20200121~DTM*233*20200121~SVC*HC:99213*90*65.81**1~DTM*472*20200121~CAS*CO*45*24.19~REF*6R*CPUYYJT8SNPJ~AMT*B6*65.81~LQ*HE*N77~LQ*HE*N381~CLP*000100028656*1*134*95.11*2*MC*2020035060327~NM1*QC*1*COWEN*MARY****MR*O491346~NM1*82*1*LUCAS*PEGGI*S***XX*1366419582~REF*EA*543411245FF747DCB5024F98E89D40FD~DTM*232*20200122~DTM*233*20200122~SVC*HC:99214*134*95.11**1~DTM*472*20200122~CAS*PR*3*2~CAS*CO*45*36.89~REF*6R*CPUYKTOF5ND6~AMT*B6*97.11~LQ*HE*N381~LQ*HE*N381~CLP*000100028133*1*235*149.02**MC*2020035060409~NM1*QC*1*DOUGLAS*AMANDA****MR*J877181~NM1*82*1*CADDALI*ESTRELLA*A***XX*1164974580~REF*EA*E31E4388831D45CD87E14A2CEDEA30D4~DTM*232*20200114~DTM*233*20200114~SVC*HC:99395:25*165*107.82**1~DTM*472*20200114~CAS*CO*45*57.18~REF*6R*CPUYXH9OHXOX~AMT*B6*107.82~LQ*HE*N381~SVC*HC:90471*35*19.46**1~DTM*472*20200114~CAS*CO*45*15.54~REF*6R*CPUY7L1YCHDE~AMT*B6*19.46~LQ*HE*N381~SVC*HC:90674*35*21.74**1~DTM*472*20200114~CAS*CO*45*13.26~REF*6R*CPUY0AF4OERL~AMT*B6*21.74~LQ*HE*N381~CLP*000100028760*1*134*95.11*2*MC*2020035060127~NM1*QC*1*DURAN*ALVIN*R***MR*W176209~NM1*82*1*SEARLES*DENISE*A***XX*1396971230~REF*EA*07AD1F76A54B45379EC76B20EC2BDB79~DTM*232*20200124~DTM*233*20200124~SVC*HC:99214*134*95.11**1~DTM*472*20200124~CAS*PR*3*2~CAS*CO*45*36.89~REF*6R*CPUY1A2CCN4D~AMT*B6*97.11~LQ*HE*N77~LQ*HE*N381~LQ*HE*N381~CLP*000100028917*1*90*65.81**MC*2020035060382~NM1*QC*1*ELLISON*TRACY****MR*Y263234~NM1*82*1*HOOSHMAND-PARSI*KAYHOSROW****XX*1447291851~REF*EA*258383A9658C4096A159D6A8F91AFF01~DTM*232*20200127~DTM*233*20200127~SVC*HC:99213*90*65.81**1~DTM*472*20200127~CAS*CO*45*24.19~REF*6R*CPUYA6IHC68Y~AMT*B6*65.81~LQ*HE*N381~CLP*000100028925*1*115*104.26**MC*2020035060389~NM1*QC*1*ELLISON*TRACY****MR*Y263234~NM1*82*1*LEWIS*HOLLY*G***XX*1295234128~REF*EA*BDE2F45EA4F846EEAC7E534DAA6F68B8~DTM*232*20200128~DTM*233*20200128~SVC*HC:90837*115*104.26**1~DTM*472*20200128~CAS*CO*45*10.74~REF*6R*CPUY45EXXY5N~AMT*B6*104.26~LQ*HE*N381~CLP*000100028604*1*195*138.41**MC*2020035060051~NM1*QC*1*ELZY*BETHANY****MR*U829312~NM1*82*1*GRONEMEYER*LEANNE*R***XX*1659521045~REF*EA*8155842E28A84AA88E2449B31A47BA66~DTM*232*20200122~DTM*233*20200122~SVC*HC:99215:25*180*129.99**1~DTM*472*20200122~CAS*CO*45*50.01~REF*6R*CPUYUA91E61A~AMT*B6*129.99~LQ*HE*N77~LQ*HE*N381~SVC*HC:81025*15*8.42**1~DTM*472*20200122~CAS*CO*45*6.58~REF*6R*CPUY4VKI51YP~AMT*B6*8.42~LQ*HE*N77~LQ*HE*N381~CLP*000100028688*1*149*105.53**MC*2020035060058~NM1*QC*1*ELZY*BETHANY****MR*U829312~NM1*82*1*SEARLES*DENISE*A***XX*1396971230~REF*EA*53E31C13997142778B53F748ED28D3CE~DTM*232*20200123~DTM*233*20200123~SVC*HC:99214:25*134*97.11**1~DTM*472*20200123~CAS*CO*45*36.89~REF*6R*CPUYACVKIZQA~AMT*B6*97.11~LQ*HE*N77~LQ*HE*N381~SVC*HC:81025*15*8.42**1~DTM*472*20200123~CAS*CO*45*6.58~REF*6R*CPUYLCPH93X2~AMT*B6*8.42~LQ*HE*N77~LQ*HE*N381~CLP*000100028640*1*215*92.45**MC*2020035060360~NM1*QC*1*ENGLAND*SAMONE****MR*I839986~NM1*82*1*SEARLES*DENISE*A***XX*1396971230~REF*EA*2570B39EE3F34BF0BEC25A9464D86588~DTM*232*20200122~DTM*233*20200122~SVC*HC:99202:25*135*67.13**1~DTM*472*20200122~CAS*CO*45*67.87~REF*6R*CPUYQ7BA0YJG~AMT*B6*67.13~LQ*HE*N381~SVC*HC:81002*4*3.4**1~DTM*472*20200122~CAS*CO*45*.6~REF*6R*CPUYREJI17FI~AMT*B6*3.4~LQ*HE*N381~SVC*HC:H0049*36*10.92**1~DTM*472*20200122~CAS*CO*45*25.08~REF*6R*CPUYVZDVWPDA~AMT*B6*10.92~LQ*HE*N381~SVC*HC:G8510*40*11**1~DTM*472*20200122~CAS*CO*45*29~REF*6R*CPUYO29M00G7~AMT*B6*11~LQ*HE*N381~CLP*000100028657*1*105*74.23**MC*2020035060041~NM1*QC*1*FIORINI*CHRISTENA*E***MR*Y109693~NM1*82*1*GRONEMEYER*LEANNE*R***XX*1659521045~REF*EA*A8D5E00C62DF42B19434CF3F5DD7471A~DTM*232*20200122~DTM*233*20200122~SVC*HC:99213:25*90*65.81**1~DTM*472*20200122~CAS*CO*45*24.19~REF*6R*CPUYWWETN6LE~AMT*B6*65.81~LQ*HE*N77~LQ*HE*N381~SVC*HC:81025*15*8.42**1~DTM*472*20200122~CAS*CO*45*6.58~REF*6R*CPUYRACCKDJC~AMT*B6*8.42~LQ*HE*N77~LQ*HE*N381~CLP*000100028685*1*105*74.23**MC*2020035060495~NM1*QC*1*FLYNT*ZOLA****MR*Q759937~NM1*82*1*SEARLES*DENISE*A***XX*1396971230~REF*EA*E490922FFE57446D9ADFD30129C6508E~DTM*232*20200123~DTM*233*20200123~SVC*HC:99213:25*90*65.81**1~DTM*472*20200123~CAS*CO*45*24.19~REF*6R*CPUYRM443GUS~AMT*B6*65.81~LQ*HE*N77~LQ*HE*N381~SVC*HC:81025*15*8.42**1~DTM*472*20200123~CAS*CO*45*6.58~REF*6R*CPUYSAUCNC8W~AMT*B6*8.42~LQ*HE*N77~LQ*HE*N381~CLP*000100028836*1*134*97.11**MC*2020035060456~NM1*QC*1*FRANKMORE*CONNER****MR*G888118~NM1*82*1*GRONEMEYER*LEANNE*R***XX*1659521045~REF*EA*67F0C49EE9834971A573987D2989F743~DTM*232*20200127~DTM*233*20200127~SVC*HC:99214*134*97.11**1~DTM*472*20200127~CAS*CO*45*36.89~REF*6R*CPUYMQ9URFL4~AMT*B6*97.11~LQ*HE*N381~CLP*000100028247*1*90*65.81**MC*2020035060458~NM1*QC*1*FRANKMORE*CONNER****MR*G888118~NM1*82*1*GRONEMEYER*LEANNE*R***XX*1659521045~REF*EA*D8912CCAAFA84C608673293CF7369CDF~DTM*232*20200115~DTM*233*20200115~SVC*HC:99213*90*65.81**1~DTM*472*20200115~CAS*CO*45*24.19~REF*6R*CPUYL5CQYG74~AMT*B6*65.81~LQ*HE*N77~LQ*HE*N381~CLP*000100028624*1*134*97.11**MC*2020035060460~NM1*QC*1*FRANKMORE*CONNER****MR*G888118~NM1*82*1*GRONEMEYER*LEANNE*R***XX*1659521045~REF*EA*AAD6CF43616140FD9B0B1E9B0D7D44D5~DTM*232*20200122~DTM*233*20200122~SVC*HC:99214*134*97.11**1~DTM*472*20200122~CAS*CO*45*36.89~REF*6R*CPUYM2WBK2WG~AMT*B6*97.11~LQ*HE*N77~LQ*HE*N381~CLP*000100028706*1*165*105.82*2*MC*2020035060253~NM1*QC*1*GABEL*LEANNA****MR*G488088~NM1*82*1*CADDALI*ESTRELLA*A***XX*1164974580~REF*EA*6BC903BD549C45F79769AEEEFCB0BFFE~DTM*232*20200123~DTM*233*20200123~SVC*HC:99395*165*105.82**1~DTM*472*20200123~CAS*PR*3*2~CAS*CO*45*57.18~REF*6R*CPUY9PFHIMJJ~AMT*B6*107.82~LQ*HE*N381~LQ*HE*N381~CLP*000100028911*1*134*95.11*2*MC*2020035060258~NM1*QC*1*GABEL*LEANNA****MR*G488088~NM1*82*1*LUCAS*PEGGI*S***XX*1366419582~REF*EA*8C9D1BBA6BE9460B91C52FA944F04313~DTM*232*20200127~DTM*233*20200127~SVC*HC:99214*134*95.11**1~DTM*472*20200127~CAS*PR*3*2~CAS*CO*45*36.89~REF*6R*CPUY9LEI3KCG~AMT*B6*97.11~LQ*HE*N381~LQ*HE*N381~CLP*000100028872*1*134*97.11**MC*2020035060465~NM1*QC*1*GALLEGOS*LUCAS****MR*O358388~NM1*82*1*GRONEMEYER*LEANNE*R***XX*1659521045~REF*EA*975A12FA3F9447EF8587C041CA5A1970~DTM*232*20200127~DTM*233*20200127~SVC*HC:99214*134*97.11**1~DTM*472*20200127~CAS*CO*45*36.89~REF*6R*CPUY36OQ3YJ4~AMT*B6*97.11~LQ*HE*N381~CLP*000100028873*1*134*97.11**MC*2020035060474~NM1*QC*1*GALLEGOS*SOPHIA****MR*P491206~NM1*82*1*GRONEMEYER*LEANNE*R***XX*1659521045~REF*EA*A54790CEC22A413184BD6684E8B4FED2~DTM*232*20200127~DTM*233*20200127~SVC*HC:99214*134*97.11**1~DTM*472*20200127~CAS*CO*45*36.89~REF*6R*CPUYHJ14UL63~AMT*B6*97.11~LQ*HE*N381~CLP*000100028641*1*90*63.81*2*MC*2020035060453~NM1*QC*1*GIERHART*JAMES*T***MR*G669412~NM1*82*1*GRONEMEYER*LEANNE*R***XX*1659521045~REF*EA*429B447E369C4704A87B0EB0E2588B3C~DTM*232*20200122~DTM*233*20200122~SVC*HC:99213*90*63.81**1~DTM*472*20200122~CAS*PR*3*2~CAS*CO*45*24.19~REF*6R*CPUYTVJUUV86~AMT*B6*65.81~LQ*HE*N77~LQ*HE*N381~LQ*HE*N381~CLP*000100028751*1*149*105.53**MC*2020035060336~NM1*QC*1*GONZALES*CRYSTAL*D***MR*M921754~NM1*82*1*SEARLES*DENISE*A***XX*1396971230~REF*EA*663ACDA3A13743DCBB47F0AF4902AE06~DTM*232*20200124~DTM*233*20200124~SVC*HC:99214:25*134*97.11**1~DTM*472*20200124~CAS*CO*45*36.89~REF*6R*CPUYUJLFG9WS~AMT*B6*97.11~LQ*HE*N77~LQ*HE*N381~SVC*HC:81025*15*8.42**1~DTM*472*20200124~CAS*CO*45*6.58~REF*6R*CPUYXTOZ6BKX~AMT*B6*8.42~LQ*HE*N77~LQ*HE*N381~CLP*000100028738*1*90*63.81*2*MC*2020035060218~NM1*QC*1*GONZALES*KAYLA****MR*P429565~NM1*74*1*GONZALEZ**A~NM1*82*1*GRONEMEYER*LEANNE*R***XX*1659521045~REF*EA*34055238D20D43D0BA13BE3430D5934E~DTM*232*20200123~DTM*233*20200123~SVC*HC:99213*90*63.81**1~DTM*472*20200123~CAS*PR*3*2~CAS*CO*45*24.19~REF*6R*CPUY9L5IG6OT~AMT*B6*65.81~LQ*HE*N381~LQ*HE*N381~CLP*000100027678*1*2228*1432.7**MC*2020035060477~NM1*QC*1*GRAHAM*NICOL****MR*H050791~NM1*82*1*LUCAS*PEGGI*S***XX*1366419582~REF*EA*A1A9A7B7D96A474E986B4C6295A6B17B~DTM*232*20200106~DTM*233*20200106~SVC*HC:99205:25*255*186.33**1~DTM*472*20200106~CAS*CO*45*68.67~REF*6R*CPUY5B0W2N8J~AMT*B6*186.33~LQ*HE*N77~LQ*HE*N381~SVC*HC:99415*45*7.11**1~DTM*472*20200106~CAS*CO*45*37.89~REF*6R*CPUYMAS01NQH~AMT*B6*7.11~LQ*HE*N77~LQ*HE*N381~SVC*HC:96372*32*0**0**1~DTM*472*20200106~CAS*CO*109*32~REF*6R*CPUYRL1796L1~LQ*HE*N77~LQ*HE*N381~SVC*HC:J2315*1805*1189.4**380~DTM*472*20200106~CAS*CO*45*615.6~REF*6R*CPUY4RH6L4E7~AMT*B6*1189.4~LQ*HE*N77~LQ*HE*N381~SVC*HC:H0049*36*10.92**1~DTM*472*20200106~CAS*CO*45*25.08~REF*6R*CPUYAGGESHNC~AMT*B6*10.92~LQ*HE*N77~LQ*HE*N381~SVC*HC:G8431*40*30.52**1~DTM*472*20200106~CAS*CO*45*9.48~REF*6R*CPUYJAQBEN56~AMT*B6*30.52~LQ*HE*N77~LQ*HE*N381~SVC*HC:81025*15*8.42**1~DTM*472*20200106~CAS*CO*45*6.58~REF*6R*CPUY0TAISRLK~AMT*B6*8.42~LQ*HE*N77~LQ*HE*N381~CLP*000100028770*1*134*97.11**MC*2020035060324~NM1*QC*1*GURULE*TRAVIS*L***MR*O382860~NM1*82*1*SEARLES*DENISE*A***XX*1396971230~REF*EA*99DB16993B4647109603BAC76D7FAC47~DTM*232*20200124~DTM*233*20200124~SVC*HC:99214*134*97.11**1~DTM*472*20200124~CAS*CO*45*36.89~REF*6R*CPUY4YBFP4KJ~AMT*B6*97.11~LQ*HE*N77~LQ*HE*N381~CLP*000100028875*1*134*95.11*2*MC*2020035060237~NM1*QC*1*HACKWORTH*ATLANTA*M***MR*P730697~NM1*82*1*GRONEMEYER*LEANNE*R***XX*1659521045~REF*EA*4F7B003B1ADA4134921D1914F20A949C~DTM*232*20200127~DTM*233*20200127~SVC*HC:99214*134*95.11**1~DTM*472*20200127~CAS*PR*3*2~CAS*CO*45*36.89~REF*6R*CPUYMJNNXTB6~AMT*B6*97.11~LQ*HE*N381~LQ*HE*N381~CLP*000100028660*1*90*63.81*2*MC*2020035060320~NM1*QC*1*HALING*PATRICK*J***MR*T780060~NM1*82*1*GRONEMEYER*LEANNE*R***XX*1659521045~REF*EA*498B6476410C4A25BF906B66D6BEAB5C~DTM*232*20200122~DTM*233*20200122~SVC*HC:99213*90*63.81**1~DTM*472*20200122~CAS*PR*3*2~CAS*CO*45*24.19~REF*6R*CPUY820MYSQT~AMT*B6*65.81~LQ*HE*N77~LQ*HE*N381~LQ*HE*N381~CLP*000100028787*1*134*97.11**MC*2020035060100~NM1*QC*1*HARRIS*ANGELA****MR*J327161~NM1*82*1*CADDALI*ESTRELLA*A***XX*1164974580~REF*EA*94BAD9030DDB4D51A81C17FB587FA91D~DTM*232*20200124~DTM*233*20200124~SVC*HC:99214*134*97.11**1~DTM*472*20200124~CAS*CO*45*36.89~REF*6R*CPUYVB3M2WR3~AMT*B6*97.11~LQ*HE*N381~CLP*000100028700*1*1971*1286.51**MC*2020035060428~NM1*QC*1*HELVEY*RYAN*J***MR*N690416~NM1*82*1*SEARLES*DENISE*A***XX*1396971230~REF*EA*5723A95EC8ED462582AEBDC3F1ECD20F~DTM*232*20200123~DTM*233*20200123~SVC*HC:99214:25*134*97.11**1~DTM*472*20200123~CAS*CO*45*36.89~REF*6R*CPUYCQWMILBL~AMT*B6*97.11~LQ*HE*N77~LQ*HE*N381~SVC*HC:96372*32*0**0**1~DTM*472*20200123~CAS*CO*109*32~REF*6R*CPUYPMDDKH4A~LQ*HE*N77~LQ*HE*N381~SVC*HC:J2315*1805*1189.4**380~DTM*472*20200123~CAS*CO*45*615.6~REF*6R*CPUY2DSHL6MG~AMT*B6*1189.4~LQ*HE*N77~LQ*HE*N381~CLP*000100028600*1*380*238.28**MC*2020035060447~NM1*QC*1*HERNANDEZ*DEREK*G***MR*Q002007~NM1*82*1*GRONEMEYER*LEANNE*R***XX*1659521045~REF*EA*323F290C45AA4ABBAFFCC25C9BD89C22~DTM*232*20200122~DTM*233*20200122~SVC*HC:99205:25*255*186.33**1~DTM*472*20200122~CAS*CO*45*68.67~REF*6R*CPUY8UBBA60K~AMT*B6*186.33~LQ*HE*N77~LQ*HE*N381~SVC*HC:99415*45*7.11**1~DTM*472*20200122~CAS*CO*45*37.89~REF*6R*CPUYXGP4Y3OB~AMT*B6*7.11~LQ*HE*N77~LQ*HE*N381~SVC*HC:H0049*36*10.92**1~DTM*472*20200122~CAS*CO*45*25.08~REF*6R*CPUY6THQJBXP~AMT*B6*10.92~LQ*HE*N77~LQ*HE*N381~SVC*HC:G8431*40*30.52**1~DTM*472*20200122~CAS*CO*45*9.48~REF*6R*CPUYNMEKXBUQ~AMT*B6*30.52~LQ*HE*N77~LQ*HE*N381~SVC*HC:81002*4*3.4**1~DTM*472*20200122~CAS*CO*45*.6~REF*6R*CPUY3V33B1HG~AMT*B6*3.4~LQ*HE*N77~LQ*HE*N381~CLP*000100028673*1*134*97.11**MC*2020035060450~NM1*QC*1*HERNANDEZ*DEREK*G***MR*Q002007~NM1*82*1*GRONEMEYER*LEANNE*R***XX*1659521045~REF*EA*71933B459B35426B842058AAEE1FF696~DTM*232*20200123~DTM*233*20200123~SVC*HC:99214*134*97.11**1~DTM*472*20200123~CAS*CO*45*36.89~REF*6R*CPUYAA8K8IVD~AMT*B6*97.11~LQ*HE*N77~LQ*HE*N381~CLP*000100028810*1*134*97.11**MC*2020035060106~NM1*QC*1*HERRERA*CLAUDIA****MR*K156429~NM1*82*1*SEARLES*DENISE*A***XX*1396971230~REF*EA*3F4E0FA7DBB8404AB133FB0C0B7D1FD9~DTM*232*20200124~DTM*233*20200124~SVC*HC:99214*134*97.11**1~DTM*472*20200124~CAS*CO*45*36.89~REF*6R*CPUYDL1M653T~AMT*B6*97.11~LQ*HE*N381~CLP*000100028677*1*134*97.11**MC*2020035060289~NM1*QC*1*HERRERA*JEREMY****MR*E258249~NM1*82*1*SEARLES*DENISE*A***XX*1396971230~REF*EA*76A4E5A910F54111BAA25580F4D9DCFB~DTM*232*20200123~DTM*233*20200123~SVC*HC:99214*134*97.11**1~DTM*472*20200123~CAS*CO*45*36.89~REF*6R*CPUYSAGM0AQ2~AMT*B6*97.11~LQ*HE*N77~LQ*HE*N381~CLP*000100028791*1*90*65.81**MC*2020035060406~NM1*QC*1*HILER*GIOVANNI****MR*G602173~NM1*82*1*CADDALI*ESTRELLA*A***XX*1164974580~REF*EA*9303F5861D794624AC16FB823B8A459C~DTM*232*20200124~DTM*233*20200124~SVC*HC:99213*90*65.81**1~DTM*472*20200124~CAS*CO*45*24.19~REF*6R*CPUYD76HS1PS~AMT*B6*65.81~LQ*HE*N381~CLP*000100028831*1*134*97.11**MC*2020035060298~NM1*QC*1*JOHNSON*GEORGE*W***MR*O540732~NM1*82*1*GRONEMEYER*LEANNE*R***XX*1659521045~REF*EA*EB7CC5D721B54190856B4BA46FF0992F~DTM*232*20200127~DTM*233*20200127~SVC*HC:99214*134*97.11**1~DTM*472*20200127~CAS*CO*45*36.89~REF*6R*CPUY9VMCJ2LX~AMT*B6*97.11~LQ*HE*N381~CLP*000100028663*1*134*95.11*2*MC*2020035060085~NM1*QC*1*JOHNSON*MARK*A***MR*P242576~NM1*82*1*GRONEMEYER*LEANNE*R***XX*1659521045~REF*EA*682331F833524913B492488DA9D48B2C~DTM*232*20200122~DTM*233*20200122~SVC*HC:99214*134*95.11**1~DTM*472*20200122~CAS*PR*3*2~CAS*CO*45*36.89~REF*6R*CPUY1YMRUA5I~AMT*B6*97.11~LQ*HE*N381~LQ*HE*N381~CLP*000100028257*1*1942*1263.63**MC*2020035060398~NM1*QC*1*JOHNSON*NORA****MR*J694925~NM1*82*1*GRONEMEYER*LEANNE*R***XX*1659521045~REF*EA*5B506B3A397F49B9A3F487B9AD4FC695~DTM*232*20200115~DTM*233*20200115~SVC*HC:99213:25*90*65.81**1~DTM*472*20200115~CAS*CO*45*24.19~REF*6R*CPUYSA5LEAR4~AMT*B6*65.81~LQ*HE*N77~LQ*HE*N381~SVC*HC:96372*32*0**0**1~DTM*472*20200115~CAS*CO*109*32~REF*6R*CPUYPOE3P1LA~LQ*HE*N77~LQ*HE*N381~SVC*HC:J2315*1805*1189.4**380~DTM*472*20200115~CAS*CO*45*615.6~REF*6R*CPUY6T2W7EEP~AMT*B6*1189.4~LQ*HE*N77~LQ*HE*N381~SVC*HC:81025*15*8.42**1~DTM*472*20200115~CAS*CO*45*6.58~REF*6R*CPUYO09STE4D~AMT*B6*8.42~LQ*HE*N77~LQ*HE*N381~CLP*000100028809*1*90*65.81**MC*2020035060086~NM1*QC*1*KERK*ELI****MR*O837059~NM1*82*1*SEARLES*DENISE*A***XX*1396971230~REF*EA*6B22E844C27E4B8B82BB74DD3765486E~DTM*232*20200124~DTM*233*20200124~SVC*HC:99213*90*65.81**1~DTM*472*20200124~CAS*CO*45*24.19~REF*6R*CPUY9V98XORH~AMT*B6*65.81~LQ*HE*N381~CLP*000100028489*1*90*65.81**MC*2020035060089~NM1*QC*1*KERK*ELI****MR*O837059~NM1*82*1*LUCAS*PEGGI*S***XX*1366419582~REF*EA*690CA553E1A5408C98D6F40EE65299B3~DTM*232*20200120~DTM*233*20200120~SVC*HC:99213*90*65.81**1~DTM*472*20200120~CAS*CO*45*24.19~REF*6R*CPUYV5AJD93D~AMT*B6*65.81~LQ*HE*N381~CLP*000100028586*1*165*107.82**MC*2020035060343~NM1*QC*1*LARKINS*AMANDA****MR*Y703807~NM1*82*1*LUCAS*PEGGI*S***XX*1366419582~REF*EA*65EBB760596A40168F438050325BE60B~DTM*232*20200122~DTM*233*20200122~SVC*HC:99395*165*107.82**1~DTM*472*20200122~CAS*CO*45*57.18~REF*6R*CPUYY3OQJ2AA~AMT*B6*107.82~LQ*HE*N381~CLP*000100028811*1*134*97.11**MC*2020035060347~NM1*QC*1*LARKINS*AMANDA****MR*Y703807~NM1*82*1*LUCAS*PEGGI*S***XX*1366419582~REF*EA*F3BE2669638C49D3B56CA76C83250A5A~DTM*232*20200124~DTM*233*20200124~SVC*HC:99214*134*97.11**1~DTM*472*20200124~CAS*CO*45*36.89~REF*6R*CPUYPT6GNHF5~AMT*B6*97.11~LQ*HE*N381~CLP*000100028716*1*1986*1294.93**MC*2020035060043~NM1*QC*1*LINDSAY SANDERS*SHABREA*D***MR*Q818873~NM1*74*1*LINDSAYSANDERS~NM1*82*1*SEARLES*DENISE*A***XX*1396971230~REF*EA*B543960C737B436DB17EBBD24724D9A2~DTM*232*20200123~DTM*233*20200123~SVC*HC:99214:25*134*97.11**1~DTM*472*20200123~CAS*CO*45*36.89~REF*6R*CPUYYC433SSF~AMT*B6*97.11~LQ*HE*N77~LQ*HE*N381~SVC*HC:96372*32*0**0**1~DTM*472*20200123~CAS*CO*109*32~REF*6R*CPUYWVQ9EUR0~LQ*HE*N77~LQ*HE*N381~SVC*HC:J2315*1805*1189.4**380~DTM*472*20200123~CAS*CO*45*615.6~REF*6R*CPUYEWVIOIDB~AMT*B6*1189.4~LQ*HE*N77~LQ*HE*N381~SVC*HC:81025*15*8.42**1~DTM*472*20200123~CAS*CO*45*6.58~REF*6R*CPUYZKPPZ5KK~AMT*B6*8.42~LQ*HE*N77~LQ*HE*N381~CLP*000100028396*1*65*55.35**MC*2020035060488~NM1*QC*1*LOBERG*JACK*D***MR*L114948~NM1*82*1*LEWIS*HOLLY*G***XX*1295234128~REF*EA*B11EADE2B6EB4C299ED7DE0A90C9B662~DTM*232*20200117~DTM*233*20200117~SVC*HC:90832*65*55.35**1~DTM*472*20200117~CAS*CO*45*9.65~REF*6R*CPUY60KKBX03~AMT*B6*55.35~LQ*HE*N77~LQ*HE*N381~CLP*000100028757*1*1971*1286.51**MC*2020035060491~NM1*QC*1*LOBERG*JACK*D***MR*L114948~NM1*82*1*SEARLES*DENISE*A***XX*1396971230~REF*EA*153173F1349142748133FFBE2F9DEF04~DTM*232*20200124~DTM*233*20200124~SVC*HC:99214:25*134*97.11**1~DTM*472*20200124~CAS*CO*45*36.89~REF*6R*CPUYJYJ6S0UV~AMT*B6*97.11~LQ*HE*N77~LQ*HE*N381~SVC*HC:96372*32*0**0**1~DTM*472*20200124~CAS*CO*109*32~REF*6R*CPUY0Z0T4Q0J~LQ*HE*N77~LQ*HE*N381~SVC*HC:J2315*1805*1189.4**380~DTM*472*20200124~CAS*CO*45*615.6~REF*6R*CPUYKACL4B8B~AMT*B6*1189.4~LQ*HE*N77~LQ*HE*N381~CLP*000100028804*1*134*97.11**MC*2020035060487~NM1*QC*1*LONG*AARON****MR*G254559~NM1*82*1*SEARLES*DENISE*A***XX*1396971230~REF*EA*A72A9306AF6143BA86DF8F88782F7E3B~DTM*232*20200124~DTM*233*20200124~SVC*HC:99214*134*97.11**1~DTM*472*20200124~CAS*CO*45*36.89~REF*6R*CPUY1ABJCRUS~AMT*B6*97.11~LQ*HE*N381~CLP*000100028754*1*134*97.11**MC*2020035060222~NM1*QC*1*LOPEZ*NICK*A***MR*N301220~NM1*82*1*SEARLES*DENISE*A***XX*1396971230~REF*EA*53AD21C0107F4A9D857DEEFB5E233A4D~DTM*232*20200124~DTM*233*20200124~SVC*HC:99214*134*97.11**1~DTM*472*20200124~CAS*CO*45*36.89~REF*6R*CPUY25E520Y3~AMT*B6*97.11~LQ*HE*N77~LQ*HE*N381~CLP*000100028679*1*134*95.11*2*MC*2020035060181~NM1*QC*1*LOPEZ*SHERRY****MR*L192498~NM1*82*1*CADDALI*ESTRELLA*A***XX*1164974580~REF*EA*141FC19EAA394CF9A1DD8D00B5816136~DTM*232*20200123~DTM*233*20200123~SVC*HC:99214*134*95.11**1~DTM*472*20200123~CAS*PR*3*2~CAS*CO*45*36.89~REF*6R*CPUYCPKJZEXK~AMT*B6*97.11~LQ*HE*N381~LQ*HE*N381~CLP*000100028613*1*391*243.3**MC*2020035060484~NM1*QC*1*MADRID*CLORISSA****MR*G303592~NM1*82*1*GRONEMEYER*LEANNE*R***XX*1659521045~REF*EA*3A5CD6A1470D4781BA0B5DFC6D0E9068~DTM*232*20200122~DTM*233*20200122~SVC*HC:99205:25*255*186.33**1~DTM*472*20200122~CAS*CO*45*68.67~REF*6R*CPUYCV862S47~AMT*B6*186.33~LQ*HE*N77~LQ*HE*N381~SVC*HC:99415*45*7.11**1~DTM*472*20200122~CAS*CO*45*37.89~REF*6R*CPUY6BY167Y3~AMT*B6*7.11~LQ*HE*N77~LQ*HE*N381~SVC*HC:H0049*36*10.92**1~DTM*472*20200122~CAS*CO*45*25.08~REF*6R*CPUYCZ8B1OQB~AMT*B6*10.92~LQ*HE*N77~LQ*HE*N381~SVC*HC:G8431*40*30.52**1~DTM*472*20200122~CAS*CO*45*9.48~REF*6R*CPUYFKAI9TOH~AMT*B6*30.52~LQ*HE*N77~LQ*HE*N381~SVC*HC:81025*15*8.42**1~DTM*472*20200122~CAS*CO*45*6.58~REF*6R*CPUY2EWMSHDK~AMT*B6*8.42~LQ*HE*N77~LQ*HE*N381~CLP*000100028669*1*1971*1286.51**MC*2020035060356~NM1*QC*1*MAES*ERNEST*R***MR*K993029~NM1*82*1*SEARLES*DENISE*A***XX*1396971230~REF*EA*62653CE436F24AD9819945D5BF871E6C~DTM*232*20200123~DTM*233*20200123~SVC*HC:99214:25*134*97.11**1~DTM*472*20200123~CAS*CO*45*36.89~REF*6R*CPUY2RONI2UN~AMT*B6*97.11~LQ*HE*N77~LQ*HE*N381~SVC*HC:96372*32*0**0**1~DTM*472*20200123~CAS*CO*109*32~REF*6R*CPUY5LO5YX12~LQ*HE*N77~LQ*HE*N381~SVC*HC:J2315*1805*1189.4**380~DTM*472*20200123~CAS*CO*45*615.6~REF*6R*CPUY175RC2C5~AMT*B6*1189.4~LQ*HE*N77~LQ*HE*N381~CLP*000100028905*1*134*97.11**MC*2020035060499~NM1*QC*1*MALLETTE*ANTHONY****MR*G065099~NM1*82*1*LUCAS*PEGGI*S***XX*1366419582~REF*EA*82CD37DB11DE464CBC632C19816B3790~DTM*232*20200127~DTM*233*20200127~SVC*HC:99214*134*97.11**1~DTM*472*20200127~CAS*CO*45*36.89~REF*6R*CPUYDIPX6NY7~AMT*B6*97.11~LQ*HE*N381~CLP*000100028631*1*134*97.11**MC*2020035060202~NM1*QC*1*MARTIN*SABRINA*L***MR*Y030235~NM1*82*1*CADDALI*ESTRELLA*A***XX*1164974580~REF*EA*72EAEDD072314F0D8415292B9448A11A~DTM*232*20200122~DTM*233*20200122~SVC*HC:99214*134*97.11**1~DTM*472*20200122~CAS*CO*45*36.89~REF*6R*CPUYTYE1M4RA~AMT*B6*97.11~LQ*HE*N381~CLP*000100028752*1*134*95.11*2*MC*2020035060296~NM1*QC*1*MARTINEZ*DESIREE****MR*O277758~NM1*82*1*LUCAS*PEGGI*S***XX*1366419582~REF*EA*98923B32BC094BFA8DE57C71CA05500B~DTM*232*20200124~DTM*233*20200124~SVC*HC:99214*134*95.11**1~DTM*472*20200124~CAS*PR*3*2~CAS*CO*45*36.89~REF*6R*CPUY76YKO6L2~AMT*B6*97.11~LQ*HE*N381~LQ*HE*N381~CLP*000100028854*1*134*97.11**MC*2020035060504~NM1*QC*1*MARTINEZ*PEGGY*Y***MR*Y894999~NM1*82*1*GRONEMEYER*LEANNE*R***XX*1659521045~REF*EA*9FC19C48387146529921D446F77EA032~DTM*232*20200127~DTM*233*20200127~SVC*HC:99214*134*97.11**1~DTM*472*20200127~CAS*CO*45*36.89~REF*6R*CPUYLPKDOK51~AMT*B6*97.11~LQ*HE*N381~CLP*000100028662*1*105*74.23**MC*2020035060162~NM1*QC*1*MAXFIELD*KENDRA*M***MR*N150478~NM1*74*1*MAXFIED~NM1*82*1*GRONEMEYER*LEANNE*R***XX*1659521045~REF*EA*790EB43FD67840FC97B6EE1417EC896B~DTM*232*20200122~DTM*233*20200122~SVC*HC:99213:25*90*65.81**1~DTM*472*20200122~CAS*CO*45*24.19~REF*6R*CPUY5EUPQ3FA~AMT*B6*65.81~LQ*HE*N77~LQ*HE*N381~SVC*HC:81025*15*8.42**1~DTM*472*20200122~CAS*CO*45*6.58~REF*6R*CPUYRO2H0HEK~AMT*B6*8.42~LQ*HE*N77~LQ*HE*N381~CLP*000100028661*1*180*129.99**MC*2020035060033~NM1*QC*1*MEDINA*JEANNINE****MR*H870875~NM1*82*1*SEARLES*DENISE*A***XX*1396971230~REF*EA*D708952CA3EF4E6EA5315B13D70BA82F~DTM*232*20200122~DTM*233*20200122~SVC*HC:99215*180*129.99**1~DTM*472*20200122~CAS*CO*45*50.01~REF*6R*CPUYX7S9UU3D~AMT*B6*129.99~LQ*HE*N381~CLP*000100028699*1*90*65.81**MC*2020035060492~NM1*QC*1*MEDINA*TERRIE****MR*J956795~NM1*82*1*CADDALI*ESTRELLA*A***XX*1164974580~REF*EA*C9CD27984E654BAD90B09EB4AF3B7C07~DTM*232*20200123~DTM*233*20200123~SVC*HC:99213*90*65.81**1~DTM*472*20200123~CAS*CO*45*24.19~REF*6R*CPUYYKHE1D4L~AMT*B6*65.81~LQ*HE*N381~CLP*000100028769*1*149*105.53**MC*2020035060068~NM1*QC*1*MITCHELL*JORDAN*K***MR*P498565~NM1*82*1*SEARLES*DENISE*A***XX*1396971230~REF*EA*45F8409A72624739A51A0A013EF351BA~DTM*232*20200124~DTM*233*20200124~SVC*HC:99214:25*134*97.11**1~DTM*472*20200124~CAS*CO*45*36.89~REF*6R*CPUYU9X49W6X~AMT*B6*97.11~LQ*HE*N77~LQ*HE*N381~SVC*HC:81025*15*8.42**1~DTM*472*20200124~CAS*CO*45*6.58~REF*6R*CPUYXSCRMSG2~AMT*B6*8.42~LQ*HE*N77~LQ*HE*N381~CLP*000100028840*1*134*95.11*2*MC*2020035060454~NM1*QC*1*MUNIZ*SHARON*M***MR*J463636~NM1*82*1*GRONEMEYER*LEANNE*R***XX*1659521045~REF*EA*5F7BD33D3E8E433D91749D9E652CD9A0~DTM*232*20200127~DTM*233*20200127~SVC*HC:99214*134*95.11**1~DTM*472*20200127~CAS*PR*3*2~CAS*CO*45*36.89~REF*6R*CPUYOEKJQPPS~AMT*B6*97.11~LQ*HE*N381~LQ*HE*N381~CLP*000100028674*1*90*63.81*2*MC*2020035060149~NM1*QC*1*ORNELAS*MICHAEL*A***MR*Q985383~NM1*82*1*SEARLES*DENISE*A***XX*1396971230~REF*EA*3975D6BCE0204E4ABAE348F75E3FB8BF~DTM*232*20200123~DTM*233*20200123~SVC*HC:99213*90*63.81**1~DTM*472*20200123~CAS*PR*3*2~CAS*CO*45*24.19~REF*6R*CPUY768UQASD~AMT*B6*65.81~LQ*HE*N77~LQ*HE*N381~LQ*HE*N381~CLP*000100028458*1*134*97.11**MC*2020035060340~NM1*QC*1*PACHECO*ALAINA****MR*U641428~NM1*82*1*GRONEMEYER*LEANNE*R***XX*1659521045~REF*EA*E3CB4D469F224E07BA120C36F6D56E6F~DTM*232*20200120~DTM*233*20200120~SVC*HC:99214*134*97.11**1~DTM*472*20200120~CAS*CO*45*36.89~REF*6R*CPUYHYV5Y9DL~AMT*B6*97.11~LQ*HE*N381~CLP*000100028786*1*90*65.81**MC*2020035060304~NM1*QC*1*PACHECO*CHRISTOPHER****MR*K453230~NM1*82*1*CADDALI*ESTRELLA*A***XX*1164974580~REF*EA*AB32B2F78EAA4367A9D573802FA20CB8~DTM*232*20200124~DTM*233*20200124~SVC*HC:99213*90*65.81**1~DTM*472*20200124~CAS*CO*45*24.19~REF*6R*CPUYX6V7AEF2~AMT*B6*65.81~LQ*HE*N381~CLP*000100028646*1*281*169.51*2*MC*2020035060501~NM1*QC*1*POWERS*NATHAN*R***MR*O727646~NM1*82*1*LUCAS*PEGGI*S***XX*1366419582~REF*EA*0FD08A05C6F949CFB1C8131AF9E7F3FF~DTM*232*20200122~DTM*233*20200122~SVC*HC:99204:25*205*147.59**1~DTM*472*20200122~CAS*PR*3*2~CAS*CO*45*55.41~REF*6R*CPUYEAQZO37O~AMT*B6*149.59~LQ*HE*N381~LQ*HE*N381~SVC*HC:H0049*36*10.92**1~DTM*472*20200122~CAS*CO*45*25.08~REF*6R*CPUYVQLJL4DR~AMT*B6*10.92~LQ*HE*N381~SVC*HC:G8510*40*11**1~DTM*472*20200122~CAS*CO*45*29~REF*6R*CPUYUTLQPPP8~AMT*B6*11~LQ*HE*N381~CLP*000100028725*1*149*105.53**MC*2020035060283~NM1*QC*1*QUINTANA*DANIELLE*A***MR*N559116~NM1*82*1*SEARLES*DENISE*A***XX*1396971230~REF*EA*E74F14E308ED488393B0F4245D2A7720~DTM*232*20200123~DTM*233*20200123~SVC*HC:99214:25*134*97.11**1~DTM*472*20200123~CAS*CO*45*36.89~REF*6R*CPUYVVAEXNM7~AMT*B6*97.11~LQ*HE*N77~LQ*HE*N381~SVC*HC:81025*15*8.42**1~DTM*472*20200123~CAS*CO*45*6.58~REF*6R*CPUYRY6DXWDI~AMT*B6*8.42~LQ*HE*N77~LQ*HE*N381~CLP*000100028785*1*211*108.57**MC*2020035060462~NM1*QC*1*QUINTANA*PRAXEDES****MR*K356151~NM1*74*1*QUNITANA**J~NM1*82*1*SEARLES*DENISE*A***XX*1396971230~REF*EA*F3B445A7FE18463BB7BABD29707A665C~DTM*232*20200124~DTM*233*20200124~SVC*HC:99202:25*135*67.13**1~DTM*472*20200124~CAS*CO*45*67.87~REF*6R*CPUYS0GIENAD~AMT*B6*67.13~LQ*HE*N381~SVC*HC:H0049*36*10.92**1~DTM*472*20200124~CAS*CO*45*25.08~REF*6R*CPUY43QGUH1I~AMT*B6*10.92~LQ*HE*N381~SVC*HC:G8431*40*30.52**1~DTM*472*20200124~CAS*CO*45*9.48~REF*6R*CPUY6LRRVMNB~AMT*B6*30.52~LQ*HE*N381~CLP*000100028693*1*90*65.81**MC*2020035060418~NM1*QC*1*RAYAS*JAVIER****MR*I638636~NM1*82*1*CADDALI*ESTRELLA*A***XX*1164974580~REF*EA*0CA84E3858F249D19CCA53A4AC68F9EE~DTM*232*20200123~DTM*233*20200123~SVC*HC:99213*90*65.81**1~DTM*472*20200123~CAS*CO*45*24.19~REF*6R*CPUY85TV683Z~AMT*B6*65.81~LQ*HE*N381~CLP*000100028278*1*1927*1255.21**MC*2020035060443~NM1*QC*1*RODRIGUEZ*JOSEPH****MR*S525880~NM1*82*1*GRONEMEYER*LEANNE*R***XX*1659521045~REF*EA*91008BD6C09E42378EC66439F150B1B4~DTM*232*20200115~DTM*233*20200115~SVC*HC:99213:25*90*65.81**1~DTM*472*20200115~CAS*CO*45*24.19~REF*6R*CPUYSWGK04BF~AMT*B6*65.81~LQ*HE*N77~LQ*HE*N381~SVC*HC:96372*32*0**0**1~DTM*472*20200115~CAS*CO*109*32~REF*6R*CPUYWGJWF7R7~LQ*HE*N77~LQ*HE*N381~SVC*HC:J2315*1805*1189.4**380~DTM*472*20200115~CAS*CO*45*615.6~REF*6R*CPUY1IRPICQT~AMT*B6*1189.4~LQ*HE*N77~LQ*HE*N381~CLP*000100028695*1*149*105.53**MC*2020035060292~NM1*QC*1*SALAZAR*FELICIA*H***MR*G554326~NM1*82*1*SEARLES*DENISE*A***XX*1396971230~REF*EA*1C78B90C373A45FF88130E47A7758BBA~DTM*232*20200123~DTM*233*20200123~SVC*HC:99214:25*134*97.11**1~DTM*472*20200123~CAS*CO*45*36.89~REF*6R*CPUYF9N8NETA~AMT*B6*97.11~LQ*HE*N77~LQ*HE*N381~SVC*HC:81025*15*8.42**1~DTM*472*20200123~CAS*CO*45*6.58~REF*6R*CPUYKSAN7EQ5~AMT*B6*8.42~LQ*HE*N77~LQ*HE*N381~CLP*000100028755*1*134*97.11**MC*2020035060143~NM1*QC*1*SAMSON*CARA*M***MR*Y649542~NM1*82*1*SEARLES*DENISE*A***XX*1396971230~REF*EA*63E1BAF467424EA6962A5F85CCECEA80~DTM*232*20200124~DTM*233*20200124~SVC*HC:99214*134*97.11**1~DTM*472*20200124~CAS*CO*45*36.89~REF*6R*CPUYOG2DFTVV~AMT*B6*97.11~LQ*HE*N77~LQ*HE*N381~CLP*000100028732*1*90*65.81**MC*2020035060167~NM1*QC*1*SANCHEZ*BLAIR****MR*Q992223~NM1*82*1*CADDALI*ESTRELLA*A***XX*1164974580~REF*EA*3F012479EBA143FABFE6545FCE6248ED~DTM*232*20200123~DTM*233*20200123~SVC*HC:99213*90*65.81**1~DTM*472*20200123~CAS*CO*45*24.19~REF*6R*CPUYC5ARQX0Q~AMT*B6*65.81~LQ*HE*N381~CLP*000100028684*1*90*65.81**MC*2020035060091~NM1*QC*1*SANCHEZ*DANIEL****MR*P420487~NM1*82*1*CADDALI*ESTRELLA*A***XX*1164974580~REF*EA*C48B96BBA5254863AE75B43F53F6C261~DTM*232*20200123~DTM*233*20200123~SVC*HC:99213*90*65.81**1~DTM*472*20200123~CAS*CO*45*24.19~REF*6R*CPUYB9FWDAIY~AMT*B6*65.81~LQ*HE*N381~CLP*000100028351*1*134*97.11**MC*2020035060232~NM1*QC*1*SANCHEZ*MARRISSA*J***MR*U945928~NM1*82*1*GRONEMEYER*LEANNE*R***XX*1659521045~REF*EA*5C3E9380A6FC498B8533DD80D1F645AC~DTM*232*20200116~DTM*233*20200116~SVC*HC:99214*134*97.11**1~DTM*472*20200116~CAS*CO*45*36.89~REF*6R*CPUYGFT7IJF2~AMT*B6*97.11~LQ*HE*N381~CLP*000100028619*1*134*97.11**MC*2020035060351~NM1*QC*1*SANCHEZ*RANDY****MR*Y196130~NM1*82*1*GRONEMEYER*LEANNE*R***XX*1659521045~REF*EA*FB7A52D8914643258CF59099AAC0DD63~DTM*232*20200122~DTM*233*20200122~SVC*HC:99214*134*97.11**1~DTM*472*20200122~CAS*CO*45*36.89~REF*6R*CPUYFH88HQQL~AMT*B6*97.11~LQ*HE*N77~LQ*HE*N381~CLP*000100028728*1*134*97.11**MC*2020035060272~NM1*QC*1*SANDOVAL*THERESA*M***MR*D398624~NM1*82*1*GRONEMEYER*LEANNE*R***XX*1659521045~REF*EA*87BA03D5C1E444559CD8317BE3C2E588~DTM*232*20200123~DTM*233*20200123~SVC*HC:99214*134*97.11**1~DTM*472*20200123~CAS*CO*45*36.89~REF*6R*CPUYTYBB3B65~AMT*B6*97.11~LQ*HE*N381~CLP*000100028774*1*134*97.11**MC*2020035060372~NM1*QC*1*SCHRINER*JACOB*E***MR*Y893432~NM1*82*1*LUCAS*PEGGI*S***XX*1366419582~REF*EA*34999AD977D44C9ABC7974FDBD015BBD~DTM*232*20200124~DTM*233*20200124~SVC*HC:99214*134*97.11**1~DTM*472*20200124~CAS*CO*45*36.89~REF*6R*CPUYFPNKWW4I~AMT*B6*97.11~LQ*HE*N381~CLP*000100028391*1*65*55.35**MC*2020035060247~NM1*QC*1*SCHRYVER*THOMAS*E***MR*G973082~NM1*82*1*LEWIS*HOLLY*G***XX*1295234128~REF*EA*DC87679EFD364FE49996A42E031ACEFB~DTM*232*20200117~DTM*233*20200117~SVC*HC:90832*65*55.35**1~DTM*472*20200117~CAS*CO*45*9.65~REF*6R*CPUY6OT6L0JS~AMT*B6*55.35~LQ*HE*N77~LQ*HE*N381~CLP*000100028793*1*90*65.81**MC*2020035060078~NM1*QC*1*SIPES*TRAMANE*E***MR*F820443~NM1*82*1*CADDALI*ESTRELLA*A***XX*1164974580~REF*EA*AE10DD69072C4A7B8266570DF3BC34C8~DTM*232*20200124~DTM*233*20200124~SVC*HC:99213*90*65.81**1~DTM*472*20200124~CAS*CO*45*24.19~REF*6R*CPUYUFH5C699~AMT*B6*65.81~LQ*HE*N381~CLP*000100028719*1*134*95.11*2*MC*2020035060493~NM1*QC*1*SMITH*DESTINY*L***MR*Q240284~NM1*82*1*GRONEMEYER*LEANNE*R***XX*1659521045~REF*EA*A09C05F15EEA4975A9551F2D06B7343B~DTM*232*20200123~DTM*233*20200123~SVC*HC:99214*134*95.11**1~DTM*472*20200123~CAS*PR*3*2~CAS*CO*45*36.89~REF*6R*CPUYG2O2NK6F~AMT*B6*97.11~LQ*HE*N381~LQ*HE*N381~CLP*000100028843*1*134*97.11**MC*2020035060121~NM1*QC*1*STELLE*NANCY****MR*E258967~NM1*82*1*GRONEMEYER*LEANNE*R***XX*1659521045~REF*EA*02E5E19D52A04ACBBF65FC7BF0A0A2E6~DTM*232*20200127~DTM*233*20200127~SVC*HC:99214*134*97.11**1~DTM*472*20200127~CAS*CO*45*36.89~REF*6R*CPUYBUN4L36L~AMT*B6*97.11~LQ*HE*N381~CLP*000100028465*1*134*97.11**MC*2020035060421~NM1*QC*1*STRAIT*LORRAINE****MR*Y360507~NM1*82*1*GRONEMEYER*LEANNE*R***XX*1659521045~REF*EA*09F6CBD4B8DB4801AB70D9C56B137478~DTM*232*20200120~DTM*233*20200120~SVC*HC:99214*134*97.11**1~DTM*472*20200120~CAS*CO*45*36.89~REF*6R*CPUYJFFUK81B~AMT*B6*97.11~LQ*HE*N381~CLP*000100028734*1*134*97.11**MC*2020035060471~NM1*QC*1*TOMLINSON*SEAN*B***MR*O382609~NM1*82*1*SEARLES*DENISE*A***XX*1396971230~REF*EA*A0B4EE82D64D42249BA3F645CA2A415E~DTM*232*20200123~DTM*233*20200123~SVC*HC:99214*134*97.11**1~DTM*472*20200123~CAS*CO*45*36.89~REF*6R*CPUYW0DWCPUP~AMT*B6*97.11~LQ*HE*N77~LQ*HE*N381~CLP*000100028772*1*134*97.11**MC*2020035060262~NM1*QC*1*ULIBARRI*STEPHANIE*R***MR*W341555~NM1*82*1*SEARLES*DENISE*A***XX*1396971230~REF*EA*22E12E6C01B246409BB962537B4950C2~DTM*232*20200124~DTM*233*20200124~SVC*HC:99214*134*97.11**1~DTM*472*20200124~CAS*CO*45*36.89~REF*6R*CPUY6HVHK2B8~AMT*B6*97.11~LQ*HE*N77~LQ*HE*N381~CLP*000100028658*1*134*97.11**MC*2020035060266~NM1*QC*1*ULIBARRI*STEPHANIE*R***MR*W341555~NM1*82*1*CADDALI*ESTRELLA*A***XX*1164974580~REF*EA*963046ECCDBB4B09AAEB4CC2DFBE3D44~DTM*232*20200122~DTM*233*20200122~SVC*HC:99214*134*97.11**1~DTM*472*20200122~CAS*CO*45*36.89~REF*6R*CPUY1BN7JJSE~AMT*B6*97.11~LQ*HE*N381~CLP*000100028799*1*134*97.11**MC*2020035060301~NM1*QC*1*VILLASENOR*MIQUEILA*C***MR*K174349~NM1*82*1*LUCAS*PEGGI*S***XX*1366419582~REF*EA*6E78700E8ABF439CBA149DB59F080623~DTM*232*20200124~DTM*233*20200124~SVC*HC:99214*134*97.11**1~DTM*472*20200124~CAS*CO*45*36.89~REF*6R*CPUYBJPRVHJL~AMT*B6*97.11~LQ*HE*N381~CLP*000100028464*1*401*268.97**MC*2020035060366~NM1*QC*1*WHEELES*LAURA*C***MR*O960997~NM1*82*1*GRONEMEYER*LEANNE*R***XX*1659521045~REF*EA*FDBC13B634024906B598D16394753ACD~DTM*232*20200120~DTM*233*20200120~SVC*HC:99205:25*255*186.33**1~DTM*472*20200120~CAS*CO*45*68.67~REF*6R*CPUY1R6BS6CA~AMT*B6*186.33~LQ*HE*N381~SVC*HC:90471*35*19.46**1~DTM*472*20200120~CAS*CO*45*15.54~REF*6R*CPUY29RF93NN~AMT*B6*19.46~LQ*HE*N381~SVC*HC:90674*35*21.74**1~DTM*472*20200120~CAS*CO*45*13.26~REF*6R*CPUY268P76U4~AMT*B6*21.74~LQ*HE*N381~SVC*HC:H0049*36*10.92**1~DTM*472*20200120~CAS*CO*45*25.08~REF*6R*CPUYNWDP8RSW~AMT*B6*10.92~LQ*HE*N381~SVC*HC:G8431*40*30.52**1~DTM*472*20200120~CAS*CO*45*9.48~REF*6R*CPUYIVBRQF1R~AMT*B6*30.52~LQ*HE*N381~CLP*000100028920*1*134*95.11*2*MC*2020035060138~NM1*QC*1*WILKINS*CARTHELIUS****MR*P159818~NM1*82*1*HOOSHMAND-PARSI*KAYHOSROW****XX*1447291851~REF*EA*2C8F68DD4FD54EECA23C28C55F03F806~DTM*232*20200127~DTM*233*20200127~SVC*HC:99214*134*95.11**1~DTM*472*20200127~CAS*PR*3*2~CAS*CO*45*36.89~REF*6R*CPUY0CD95D31~AMT*B6*97.11~LQ*HE*N381~LQ*HE*N381~CLP*000100028784*1*54*39.39**MC*2020035060190~NM1*QC*1*WILLIS*KAILEY*D***MR*P650618~NM1*82*1*CADDALI*ESTRELLA*A***XX*1164974580~REF*EA*3F730BA8837644439C47C7590D509576~DTM*232*20200124~DTM*233*20200124~SVC*HC:99212*54*39.39**1~DTM*472*20200124~CAS*CO*45*14.61~REF*6R*CPUYT7SNFZUP~AMT*B6*39.39~LQ*HE*N381~CLP*000100028621*1*105*74.23**MC*2020035060376~NM1*QC*1*WINEGARD*ERIN*E***MR*U514872~NM1*82*1*GRONEMEYER*LEANNE*R***XX*1659521045~REF*EA*41AED093FC944B4BBF50C133E0274467~DTM*232*20200122~DTM*233*20200122~SVC*HC:99213:25*90*65.81**1~DTM*472*20200122~CAS*CO*45*24.19~REF*6R*CPUY4FWCO32G~AMT*B6*65.81~LQ*HE*N77~LQ*HE*N381~SVC*HC:81025*15*8.42**1~DTM*472*20200122~CAS*CO*45*6.58~REF*6R*CPUYJBH4ZDBR~AMT*B6*8.42~LQ*HE*N77~LQ*HE*N381~CLP*25309A*4*221*0**MC*8020034002287~NM1*QC*1*ATENCIO*LEONARDO*J***MR*O138636~NM1*82*1*CADDALI*ESTRELLA*A***XX*1164974580~DTM*232*20181101~DTM*233*20181101~SVC*HC:99213*221*0**0**1~DTM*472*20181101~CAS*CO*109*221~REF*6R*29084~LQ*HE*M77~CLP*23218A*4*410.16*0**MC*8020034002309~NM1*QC*1*ATENCIO*LEONARDO*J***MR*O138636~NM1*82*1*JOHNSON*JEFFREY*P***XX*1255667440~DTM*232*20180911~DTM*233*20180911~SVC*HC:99203:25*330*0**0**1~DTM*472*20180911~CAS*CO*109*330~REF*6R*26040~LQ*HE*M77~SVC*HC:86580*24*0**0**1~DTM*472*20180911~CAS*CO*109*24~REF*6R*26041~LQ*HE*M77~SVC*HC:H0049*36.16*0**0**1~DTM*472*20180911~CAS*CO*109*36.16~REF*6R*26299~LQ*HE*M77~SVC*HC:G8510*20*0**0**1~DTM*472*20180911~CAS*CO*109*20~REF*6R*26300~LQ*HE*M77~CLP*23664A*4*221*0**MC*8020034002398~NM1*QC*1*ATENCIO*LEONARDO*J***MR*O138636~NM1*82*1*CADDALI*ESTRELLA*A***XX*1164974580~DTM*232*20180918~DTM*233*20180918~SVC*HC:99213*221*0**0**1~DTM*472*20180918~CAS*CO*109*221~REF*6R*26387~LQ*HE*M77~CLP*000100026917*4*134*0**MC*2020035060452~NM1*QC*1*CORDOVA ALMUINA*JUAN****MR*Y121841~NM1*74*1*CORDOVAALMUINA~NM1*82*1*LANE*DELLA*J***XX*1417151630~REF*EA*88106C283D0B434C8F15DBB3B15B5F06~DTM*232*20191218~DTM*233*20191218~SVC*HC:99214*134*0**0**1~DTM*472*20191218~CAS*PI*96*134~REF*6R*CPUYS2FP9RIK~LQ*HE*N77~LQ*HE*N30~LQ*HE*MA92~CLP*000100026851*4*180*0**MC*2020035060048~NM1*QC*1*DIAZ*GEORGINA*L***MR*I770082~NM1*82*1*HOOSHMAND-PARSI*KAYHOSROW****XX*1447291851~REF*EA*B4AC1F6C18F34CB08455C9B7DC10E8A1~DTM*232*20191217~DTM*233*20191217~SVC*HC:99215*180*0**0**1~DTM*472*20191217~CAS*PI*96*180~REF*6R*CPUYTI1GE2W9~LQ*HE*N77~LQ*HE*N30~LQ*HE*MA92~CLP*000100026781*4*90*0**MC*2020035060050~NM1*QC*1*DIAZ*GEORGINA*L***MR*I770082~NM1*82*1*HOOSHMAND-PARSI*KAYHOSROW****XX*1447291851~REF*EA*C14CF60DCFA8469B963D11FF9C1EAA24~DTM*232*20191216~DTM*233*20191216~SVC*HC:99213:25*90*0**0**1~DTM*472*20191216~CAS*PI*96*90~REF*6R*CPUYNQSZ79HL~LQ*HE*N77~LQ*HE*N30~LQ*HE*MA92~CLP*20136A*4*221*0**MC*8020034002140~NM1*QC*1*LARK*WILLIAM****MR*K533858~NM1*82*1*JOHNSON*JEFFREY*P***XX*1255667440~DTM*232*20180705~DTM*233*20180705~SVC*HC:99213*221*0**0**1~DTM*472*20180705~CAS*CO*109*221~REF*6R*23191~LQ*HE*M77~CLP*000100025812*4*52*0**MC*2020035060229~NM1*QC*1*LONG*KENNETH*L***MR*Y249590~NM1*82*1*GRONEMEYER*LEANNE*R***XX*1659521045~REF*EA*12D2FA16844C415DB458199C5DAA2517~DTM*232*20191126~DTM*233*20191126~SVC*HC:96127:59*8*0**0**1~DTM*472*20191126~CAS*PI*96*8~REF*6R*CPUYZNWHEGA9~LQ*HE*N30~LQ*HE*MA92~SVC*HC:99408:59*44*0**0**1~DTM*472*20191126~CAS*PI*96*44~REF*6R*CPUYB44N80MM~LQ*HE*N30~CLP*000100026902*4*134*0**MC*2020035060288~NM1*QC*1*TORRES*MIGUEL*L***MR*M887971~NM1*82*1*HOOSHMAND-PARSI*KAYHOSROW****XX*1447291851~REF*EA*445C9E228E13436CA4484FF89675C039~DTM*232*20191217~DTM*233*20191217~SVC*HC:99214*134*0**0**1~DTM*472*20191217~CAS*PI*96*134~REF*6R*CPUYXC06FEZA~LQ*HE*N77~LQ*HE*N30~LQ*HE*MA92~CLP*000100027572*22*-1931*-1258.61**MC*2020017046358~NM1*QC*1*MORENO*RUBEN****MR*K039021~NM1*82*1*KLAKER*JULIE*M***XX*1215134705~REF*EA*22570EF092DB4F42922FBA279B4EBFCE~DTM*232*20200103~DTM*233*20200103~SVC*HC:99213:25*-90*-65.81**1~DTM*472*20200103~CAS*CO*45*-24.19~REF*6R*CPLA4DET33F0~AMT*B6*65.81~LQ*HE*N381~SVC*HC:96372*-32*0**0**1~DTM*472*20200103~CAS*CO*109*-32~REF*6R*CPLAI8LVBP57~LQ*HE*N381~SVC*HC:J2315*-1805*-1189.4**380~DTM*472*20200103~CAS*CO*45*-615.6~REF*6R*CPLAS100IHMB~AMT*B6*1189.4~LQ*HE*N381~SVC*HC:81002*-4*-3.4**1~DTM*472*20200103~CAS*CO*45*-.6~REF*6R*CPLAHEN631KQ~AMT*B6*3.4~LQ*HE*N381~CLP*000100027572*1*1931*1258.61**MC*5220035002369~NM1*QC*1*MORENO*RUBEN****MR*K039021~NM1*82*1*KLAKER*JULIE*M***XX*1215134705~REF*EA*22570EF092DB4F42922FBA279B4EBFCE~DTM*232*20200103~DTM*233*20200103~SVC*HC:99213:25*90*65.81**1~DTM*472*20200103~CAS*CO*45*24.19~REF*6R*CPLA4DET33F0~AMT*B6*65.81~LQ*HE*N381~SVC*HC:96372*32*0**0**1~DTM*472*20200103~CAS*CO*109*32~REF*6R*CPLAI8LVBP57~LQ*HE*N381~SVC*HC:J2315*1805*1189.4**380~DTM*472*20200103~CAS*CO*45*615.6~REF*6R*CPLAS100IHMB~AMT*B6*1189.4~LQ*HE*N381~SVC*HC:81002*4*3.4**1~DTM*472*20200103~CAS*CO*45*.6~REF*6R*CPLAHEN631KQ~AMT*B6*3.4~LQ*HE*N381~PLB*1508250911*20201231*CS:0000373921981*-254.49*CS:0000373921981*254.49*CS:0000373922383*-241.7*CS:0000373922383*241.7*CS:0000373922920*-264.75*CS:0000373922920*264.75~PLB*1508250911*20201231*CS:0000373922927*-241.7*CS:0000373922927*241.7*CS:0000373923127*-264.75*CS:0000373923127*264.75*CS:0000373922793*-1258.61*CS:0000373922793*1258.61~SE*2458*000010012~GE*1*100006170~IEA*1*100006170~