ISA*00*          *00*          *ZZ*COMEDASSISTPROG*ZZ*6769489        *191014*0235*^*00501*200001329*0*P*:~GS*HP*COMEDASSISTPROG*6769489*20191014*023541*200001329*X*005010X221A1~ST*835*000010013~BPR*I*9742.52*C*ACH*CCP*01*075911603*DA*00000004556640373*1811725341**01*102000076*DA*2838835219*20191014~TRN*1*000786472*1811725341~REF*EV*1508250911~DTM*405*20191011~N1*PR*CO_TXIX*XV*7912900843~N3*P.O. BOX 30~N4*DENVER*CO*80201~PER*CX*MEDICAID PROVIDER SERVICES*TE*8442352387~PER*BL*MEDICAID PROVIDER SERVICES*TE*8442352387~N1*PE*HEALTH SOLUTIONS MED CENTER*XX*1508250911~REF*TJ*841158933~LX*1~CLP*000100022127*2*134*9.79**MC*2019283062782~NM1*QC*1*CHAVEZ*CHRISTOPHER****MR*D491163~NM1*82*1*GRONEMEYER*LEANNE*R***XX*1659521045~REF*EA*DA45D854CB2F4508BE7D12FF16F2BEB8~DTM*232*20190909~DTM*233*20190909~SVC*HC:99214*134*9.79**1~DTM*472*20190909~CAS*CO*45*87.32~CAS*OA*23*36.89~REF*6R*CP3TJ7BFDFW8~AMT*B6*9.79~LQ*HE*N381~LQ*HE*N381~CLP*000100022562*2*90*6.14**MC*2019283002449~NM1*QC*1*HIJAR CONVERS*PATRICIA****MR*C886363~NM1*74*1*CONVERSE~NM1*82*1*HOOSHMAND-PARSI*KAYHOSROW****XX*1447291851~REF*EA*B195E2EBB4274804AD693F5EDA937943~DTM*232*20190919~DTM*233*20190919~SVC*HC:99213*90*6.14**1~DTM*472*20190919~CAS*CO*45*59.67~CAS*OA*23*24.19~REF*6R*CPUXSDHHMBAM~AMT*B6*6.14~LQ*HE*N381~LQ*HE*N381~CLP*000100022445*2*265*24.85**MC*2019283002440~NM1*QC*1*DIAZ*CARL*J***MR*I533514~NM1*82*1*HOOSHMAND-PARSI*KAYHOSROW****XX*1447291851~REF*EA*CBBA4898C321470E8A938492385A4370~DTM*232*20190917~DTM*233*20190917~SVC*HC:99204:25*205*17.51**1~DTM*472*20190917~CAS*CO*45*132.08~CAS*OA*23*55.41~REF*6R*CPUXZ7NLQJBN~AMT*B6*17.51~LQ*HE*N381~LQ*HE*N381~SVC*HC:G0444*20*0**1~DTM*472*20190917~CAS*CO*45*20~REF*6R*CPUX6WGIN2PC~SVC*HC:G0396*40*7.34**1~DTM*472*20190917~CAS*OA*P22*32.66~REF*6R*CPUXR9JD5HYV~AMT*B6*7.34~LQ*HE*MA125~LQ*HE*MA125~CLP*000100022295*2*90*6.14**MC*2019282008635~NM1*QC*1*DUNHAM*ZACHARIAH****MR*P798365~NM1*82*1*HOOSHMAND-PARSI*KAYHOSROW****XX*1447291851~REF*EA*7924D99833704C148684AA4A75FA4A4A~DTM*232*20190912~DTM*233*20190912~SVC*HC:99213*90*6.14**1~DTM*472*20190912~CAS*CO*45*59.67~CAS*OA*23*24.19~REF*6R*CPUDOI1KVPCB~AMT*B6*6.14~LQ*HE*N381~LQ*HE*N381~CLP*000100022233*2*134*9.79**MC*2019282008638~NM1*QC*1*ENCINA*MARTA****MR*I139437~NM1*82*1*HOOSHMAND-PARSI*KAYHOSROW****XX*1447291851~REF*EA*9ED33112D2874FB4BECE749A448093BA~DTM*232*20190911~DTM*233*20190911~SVC*HC:99214*134*9.79**1~DTM*472*20190911~CAS*CO*45*87.32~CAS*OA*23*36.89~REF*6R*CPUDJJX8G2V1~AMT*B6*9.79~LQ*HE*N381~LQ*HE*N381~CLP*000100022458*2*90*6.14**MC*2019282008632~NM1*QC*1*GARCIA*LONNIE****MR*A671148~NM1*82*1*HOOSHMAND-PARSI*KAYHOSROW****XX*1447291851~REF*EA*5C6FDD1371CD4F299C2E45340A1ABF93~DTM*232*20190918~DTM*233*20190918~SVC*HC:99213*90*6.14**1~DTM*472*20190918~CAS*CO*45*59.67~CAS*OA*23*24.19~REF*6R*CPUD395NIYDR~AMT*B6*6.14~LQ*HE*N381~LQ*HE*N381~CLP*000100022162*2*134*9.79**MC*2019282008644~NM1*QC*1*JOHNSON*VICKIE*L***MR*Y654781~NM1*82*1*HOOSHMAND-PARSI*KAYHOSROW****XX*1447291851~REF*EA*3A7E022F4A254A208FC23C48C26F93E2~DTM*232*20190910~DTM*233*20190910~SVC*HC:99214*134*9.79**1~DTM*472*20190910~CAS*CO*45*87.32~CAS*OA*23*36.89~REF*6R*CPUDZPQNHWUP~AMT*B6*9.79~LQ*HE*N381~LQ*HE*N381~CLP*000100022504*2*55*0**MC*2019283002435~NM1*QC*1*LOPEZ*JOSE*T***MR*I605668~NM1*82*1*HOOSHMAND-PARSI*KAYHOSROW****XX*1447291851~REF*EA*A4DEEEEFF8804FEDA4B3E2D535D4E22F~DTM*232*20190918~DTM*233*20190918~SVC*HC:69200*55*0**1~DTM*472*20190918~CAS*OA*23*55~REF*6R*CPUX5A2Z4EIP~LQ*HE*N381~LQ*HE*N381~CLP*000100022399*2*134*9.79**MC*2019282008630~NM1*QC*1*MARTINEZ FOOS*CHRISTINA*M***MR*H925604~NM1*74*1*MARTINEZ~NM1*82*1*HOOSHMAND-PARSI*KAYHOSROW****XX*1447291851~REF*EA*0916774F5B0A48E2A429F39605CCEF64~DTM*232*20190917~DTM*233*20190917~SVC*HC:99214*134*9.79**1~DTM*472*20190917~CAS*CO*45*87.32~CAS*OA*23*36.89~REF*6R*CPUD9QD37QOX~AMT*B6*9.79~LQ*HE*N381~LQ*HE*N381~CLP*000100022294*2*160.59*14.19**MC*2019282008618~NM1*QC*1*MATTHEWS*MICHAEL*P***MR*L679106~NM1*82*1*HOOSHMAND-PARSI*KAYHOSROW****XX*1447291851~REF*EA*A16D95EFE2D84788AAFF1CE1208F02E4~DTM*232*20190912~DTM*233*20190912~SVC*HC:99214:25*134*9.79**1~DTM*472*20190912~CAS*CO*45*87.32~CAS*OA*23*36.89~REF*6R*CPUDAKA5B5AI~AMT*B6*9.79~LQ*HE*N381~LQ*HE*N381~SVC*HC:69209:50*26.59*4.4**1~DTM*472*20190912~CAS*CO*45*22.19~REF*6R*CPUDLQD3PNXR~AMT*B6*4.4~LQ*HE*N381~LQ*HE*N381~CLP*000100022177*2*145*10.33**MC*2019282008617~NM1*QC*1*MCQUEEN*NATHANIEL****MR*O839656~NM1*82*1*HOOSHMAND-PARSI*KAYHOSROW****XX*1447291851~REF*EA*24101F254F1444889D83879153599F86~DTM*232*20190910~DTM*233*20190910~SVC*HC:99203*145*10.33**1~DTM*472*20190910~CAS*CO*45*87.1~CAS*OA*23*47.57~REF*6R*CPUD712LA14C~AMT*B6*10.33~LQ*HE*N381~LQ*HE*N381~CLP*000100022348*2*90*6.14**MC*2019282008629~NM1*QC*1*SWETKY*VICTOR****MR*N729768~NM1*82*1*HOOSHMAND-PARSI*KAYHOSROW****XX*1447291851~REF*EA*7CFED97FEF8B4BE9904A5F0B76D5C7CB~DTM*232*20190913~DTM*233*20190913~SVC*HC:99213*90*6.14**1~DTM*472*20190913~CAS*CO*45*59.67~CAS*OA*23*24.19~REF*6R*CPUDX3L52PJE~AMT*B6*6.14~LQ*HE*N381~LQ*HE*N381~CLP*000100022179*2*90*6.14**MC*2019282008645~NM1*QC*1*WAGNER*DOROTHY*J***MR*P790476~NM1*82*1*HOOSHMAND-PARSI*KAYHOSROW****XX*1447291851~REF*EA*5E6616BC5CCA4CC19C95406F57085C65~DTM*232*20190910~DTM*233*20190910~SVC*HC:99213*90*6.14**1~DTM*472*20190910~CAS*CO*45*59.67~CAS*OA*23*24.19~REF*6R*CPUDNBBP1H3Y~AMT*B6*6.14~LQ*HE*N381~LQ*HE*N381~CLP*000100023328*1*90*65.81**MC*2019283062854~NM1*QC*1*ANDERSON*JACQULINE*M***MR*G934658~NM1*82*1*SEARLES*DENISE*A***XX*1396971230~REF*EA*77E51FD20CC5498386F7525F9208BA59~DTM*232*20191008~DTM*233*20191008~SVC*HC:99213*90*65.81**1~DTM*472*20191008~CAS*OA*23*24.19~REF*6R*CP3TMZC4O0ZU~AMT*B6*65.81~LQ*HE*N381~CLP*000100023246*1*90*65.81**MC*2019283063244~NM1*QC*1*ARAGON*THOMAS*O***MR*P166522~NM1*82*1*KLAKER*JULIE*M***XX*1215134705~REF*EA*F5F1B3E3F0274976BAAA9C62D6762766~DTM*232*20191004~DTM*233*20191004~SVC*HC:99213*90*65.81**1~DTM*472*20191004~CAS*OA*23*24.19~REF*6R*CP3TTIM41GBM~AMT*B6*65.81~LQ*HE*N381~CLP*000100023270*1*165*105.82*2*MC*2019283063187~NM1*QC*1*ARELLANO*CHELSEA****MR*O487114~NM1*82*1*SEARLES*DENISE*A***XX*1396971230~REF*EA*ABCD48E0C6CA41A9BBCD519C65F15545~DTM*232*20191004~DTM*233*20191004~SVC*HC:99395*165*105.82**1~DTM*472*20191004~CAS*PR*3*2~CAS*OA*23*57.18~REF*6R*CP3TI4MRIQJ3~AMT*B6*107.82~LQ*HE*N381~LQ*HE*N381~CLP*000100023166*1*90*65.81**MC*2019283063250~NM1*QC*1*ARRIAGA SHISLER*JAYLYNN*P***MR*P249394~NM1*74*1*ARRIAGASHISLER~NM1*82*1*CADDALI*ESTRELLA*A***XX*1164974580~REF*EA*C558A26E2D854FC799873EE667E38D7A~DTM*232*20191003~DTM*233*20191003~SVC*HC:99213*90*65.81**1~DTM*472*20191003~CAS*OA*23*24.19~REF*6R*CP3TW26C5TQV~AMT*B6*65.81~LQ*HE*N381~CLP*000100023147*1*105*74.15**MC*2019283063170~NM1*QC*1*AVILA*KRISTA*M***MR*K943511~NM1*82*1*SEARLES*DENISE*A***XX*1396971230~REF*EA*29956B73FFB7437FB20613AB20AF5847~DTM*232*20191003~DTM*233*20191003~SVC*HC:99213:25*90*65.81**1~DTM*472*20191003~CAS*OA*23*24.19~REF*6R*CP3TT7DF932I~AMT*B6*65.81~LQ*HE*N381~SVC*HC:81025*15*8.34**1~DTM*472*20191003~CAS*OA*23*6.66~REF*6R*CP3TKJCRJBD7~AMT*B6*8.34~LQ*HE*N381~CLP*000100023333*1*134*97.11**MC*2019283063301~NM1*QC*1*BACA*CHRISTOPHER*J***MR*G968174~NM1*82*1*GRONEMEYER*LEANNE*R***XX*1659521045~REF*EA*D1A600EBA49A42C4A8F376BEDBC6EFE4~DTM*232*20191008~DTM*233*20191008~SVC*HC:99214*134*97.11**1~DTM*472*20191008~CAS*OA*23*36.89~REF*6R*CP3TGAJYHPW0~AMT*B6*97.11~LQ*HE*N381~CLP*000100023356*1*204*138.31**MC*2019283063232~NM1*QC*1*BACKUSH*SUMAYAH*H***MR*Y862562~NM1*82*1*GRONEMEYER*LEANNE*R***XX*1659521045~REF*EA*F500CE8D47A243FAAFBF66874CF0A286~DTM*232*20191008~DTM*233*20191008~SVC*HC:99214:25*134*97.11**1~DTM*472*20191008~CAS*OA*23*36.89~REF*6R*CP3T9T7RD7BJ~AMT*B6*97.11~LQ*HE*N381~SVC*HC:90471*35*19.46**1~DTM*472*20191008~CAS*OA*23*15.54~REF*6R*CP3T8CTGG9HI~AMT*B6*19.46~LQ*HE*N381~SVC*HC:90674*35*21.74**1~DTM*472*20191008~CAS*OA*23*13.26~REF*6R*CP3TS574XKLI~AMT*B6*21.74~LQ*HE*N381~CLP*000100023187*1*105*74.15**MC*2019283063226~NM1*QC*1*BANKSTON*AMANDA*M***MR*G892642~NM1*82*1*SEARLES*DENISE*A***XX*1396971230~REF*EA*B3251C8142344355BCD07A25F3F5116C~DTM*232*20191003~DTM*233*20191003~SVC*HC:99213:25*90*65.81**1~DTM*472*20191003~CAS*OA*23*24.19~REF*6R*CP3T6Y8DR77V~AMT*B6*65.81~LQ*HE*N381~SVC*HC:81025*15*8.34**1~DTM*472*20191003~CAS*OA*23*6.66~REF*6R*CP3TJ6DIQPUD~AMT*B6*8.34~LQ*HE*N381~CLP*000100023341*1*149*105.45**MC*2019283063155~NM1*QC*1*BAROS*MELANIE*A***MR*L096798~NM1*82*1*HOOSHMAND-PARSI*KAYHOSROW****XX*1447291851~REF*EA*407771AECF3A4D3BB02B7CBAD08914C0~DTM*232*20191008~DTM*233*20191008~SVC*HC:99214:25*134*97.11**1~DTM*472*20191008~CAS*OA*23*36.89~REF*6R*CP3TW8W8W60Q~AMT*B6*97.11~LQ*HE*N381~SVC*HC:81025*15*8.34**1~DTM*472*20191008~CAS*OA*23*6.66~REF*6R*CP3TZ1HSSOSR~AMT*B6*8.34~LQ*HE*N381~CLP*000100023205*1*105*74.15**MC*2019283063037~NM1*QC*1*BOULIER*JEWEL*R***MR*W913486~NM1*82*1*SEARLES*DENISE*A***XX*1396971230~REF*EA*6813C7E006D34ABF8710DF5D176F893A~DTM*232*20191003~DTM*233*20191003~SVC*HC:99213:25*90*65.81**1~DTM*472*20191003~CAS*OA*23*24.19~REF*6R*CP3T3BUWG48W~AMT*B6*65.81~LQ*HE*N381~SVC*HC:81025*15*8.34**1~DTM*472*20191003~CAS*OA*23*6.66~REF*6R*CP3TU6CCEDPZ~AMT*B6*8.34~LQ*HE*N381~CLP*000100023336*1*134*97.11**MC*2019283063337~NM1*QC*1*CHAVEZ*DALTON****MR*Q846049~NM1*82*1*HOOSHMAND-PARSI*KAYHOSROW****XX*1447291851~REF*EA*688666AB3A9A4F7BAA7EC8C380746376~DTM*232*20191008~DTM*233*20191008~SVC*HC:99214*134*97.11**1~DTM*472*20191008~CAS*OA*23*36.89~REF*6R*CP3TEL4CADEO~AMT*B6*97.11~LQ*HE*N381~CLP*000100023207*1*134*97.11**MC*2019283063064~NM1*QC*1*CHAVEZ*TRAVIS*M***MR*Y409074~NM1*82*1*KLAKER*JULIE*M***XX*1215134705~REF*EA*17AE4F4EFF2A4ABF8F50E44283A9B6B6~DTM*232*20191003~DTM*233*20191003~SVC*HC:99214*134*97.11**1~DTM*472*20191003~CAS*OA*23*36.89~REF*6R*CP3T1AW0XSMP~AMT*B6*97.11~LQ*HE*N381~CLP*000100023122*1*134*97.11**MC*2019283063070~NM1*QC*1*CHAVEZ*TRAVIS*M***MR*Y409074~NM1*82*1*HOOSHMAND-PARSI*KAYHOSROW****XX*1447291851~REF*EA*597B8D48363445CB8F89C6AB1F8ECF55~DTM*232*20191002~DTM*233*20191002~SVC*HC:99214*134*97.11**1~DTM*472*20191002~CAS*OA*23*36.89~REF*6R*CP2X2TXN02A8~AMT*B6*97.11~LQ*HE*N381~CLP*000100022824*1*194*107.91**MC*2019283063075~NM1*QC*1*CHAVEZ*TRAVIS*M***MR*Y409074~NM1*82*1*SEARLES*DENISE*A***XX*1396971230~REF*EA*11484649BD964195B6117E503EEFC7E1~DTM*232*20190926~DTM*233*20190926~SVC*HC:99203:25*145*97.43**1~DTM*472*20190926~CAS*OA*23*47.57~REF*6R*CP3TJ23Z4SD7~AMT*B6*97.43~LQ*HE*N381~SVC*HC:99415*45*7.11**1~DTM*472*20190926~CAS*OA*23*37.89~REF*6R*CP3TZ9DJBCBX~AMT*B6*7.11~LQ*HE*N381~SVC*HC:81002*4*3.37**1~DTM*472*20190926~CAS*OA*23*.63~REF*6R*CP3TE2EGT11I~AMT*B6*3.37~LQ*HE*N381~CLP*000100023352*1*240*154.92**MC*2019283062866~NM1*QC*1*CHAZAN*MARY*L***MR*O800446~NM1*82*1*CADDALI*ESTRELLA*A***XX*1164974580~REF*EA*BBA2129FC2154F5F83A8E0F0B23B7AE4~DTM*232*20191008~DTM*233*20191008~SVC*HC:99396:25*175*114.94**1~DTM*472*20191008~CAS*OA*23*60.06~REF*6R*CP3THJAM9CPX~AMT*B6*114.94~LQ*HE*N381~SVC*HC:90471*35*19.46**1~DTM*472*20191008~CAS*OA*23*15.54~REF*6R*CP3TYYZ87AYI~AMT*B6*19.46~LQ*HE*N381~SVC*HC:90756*30*20.52**1~DTM*472*20191008~CAS*OA*23*9.48~REF*6R*CP3TD1LYK11T~AMT*B6*20.52~LQ*HE*N381~CLP*000100023113*1*70*41.2**MC*2019283063120~NM1*QC*1*CRUZ*MARIAH****MR*U875752~NM1*82*1*CADDALI*ESTRELLA*A***XX*1164974580~REF*EA*E61D49926D3D423497CB63998A2D1D94~DTM*232*20191002~DTM*233*20191002~SVC*HC:90471*35*19.46**1~DTM*472*20191002~CAS*OA*23*15.54~REF*6R*CP3THRE925GF~AMT*B6*19.46~LQ*HE*N381~SVC*HC:90674*35*21.74**1~DTM*472*20191002~CAS*OA*23*13.26~REF*6R*CP3TB6WE4DK0~AMT*B6*21.74~LQ*HE*N381~CLP*000100023100*1*90*65.81**MC*2019283063127~NM1*QC*1*CRUZ*MARIAH****MR*U875752~NM1*82*1*GRONEMEYER*LEANNE*R***XX*1659521045~REF*EA*DF3E80D9EFE64AFD9D81F79620AE93AB~DTM*232*20191002~DTM*233*20191002~SVC*HC:99213*90*65.81**1~DTM*472*20191002~CAS*OA*23*24.19~REF*6R*CP3TUN5PPQVC~AMT*B6*65.81~LQ*HE*N381~CLP*000100023357*1*134*97.11**MC*2019283063306~NM1*QC*1*CUNNINGHAM*COLBY****MR*Y371456~NM1*82*1*LUCAS*PEGGI*S***XX*1366419582~REF*EA*F8A9CC6EA9F34891B4736BDDDFE29F34~DTM*232*20191008~DTM*233*20191008~SVC*HC:99214*134*97.11**1~DTM*472*20191008~CAS*OA*23*36.89~REF*6R*CP3T0N4AVGK7~AMT*B6*97.11~LQ*HE*N381~CLP*000100023299*1*76*10.92**MC*2019283063205~NM1*QC*1*DAVID*CASSANDRA****MR*R733683~NM1*82*1*LUCAS*PEGGI*S***XX*1366419582~REF*EA*BFDCDB3F4F104467A7C76EE1EBFB3AFA~DTM*232*20191007~DTM*233*20191007~SVC*HC:H0049*36*10.92**1~DTM*472*20191007~CAS*OA*23*25.08~REF*6R*CP3TXV0TSP6F~AMT*B6*10.92~LQ*HE*N381~SVC*HC:G8431*40*0**0**1~DTM*472*20191007~CAS*PI*16*40~REF*6R*CP3TR2OZWFJW~LQ*HE*MA92~CLP*000100023220*1*134*97.11**MC*2019283063047~NM1*QC*1*EDMONDS*CHAD*W***MR*O652133~NM1*82*1*KLAKER*JULIE*M***XX*1215134705~REF*EA*990C66DEA34A4CC897A3E40A85D8FBC1~DTM*232*20191003~DTM*233*20191003~SVC*HC:99214*134*97.11**1~DTM*472*20191003~CAS*OA*23*36.89~REF*6R*CP3TU5XCJQKY~AMT*B6*97.11~LQ*HE*N381~CLP*000100023260*1*134*97.11**MC*2019283063262~NM1*QC*1*FERRIS*DAMIEN*N***MR*P832891~NM1*82*1*KLAKER*JULIE*M***XX*1215134705~REF*EA*AC6A0507E0FD4C16ADF18A8470BF8782~DTM*232*20191004~DTM*233*20191004~SVC*HC:99214*134*97.11**1~DTM*472*20191004~CAS*OA*23*36.89~REF*6R*CP3TLT1NNBCM~AMT*B6*97.11~LQ*HE*N381~CLP*000100023355*1*281*171.51**MC*2019283062944~NM1*QC*1*FREIDENBERGER*JOANN****MR*D982237~NM1*82*1*SEARLES*DENISE*A***XX*1396971230~REF*EA*53DAAA4CE71846779EE7E9B5CA4D5483~DTM*232*20191008~DTM*233*20191008~SVC*HC:99204:25*205*149.59**1~DTM*472*20191008~CAS*OA*23*55.41~REF*6R*CP3T2QDML26P~AMT*B6*149.59~LQ*HE*N381~SVC*HC:H0049*36*10.92**1~DTM*472*20191008~CAS*OA*23*25.08~REF*6R*CP3TBKY1C5WK~AMT*B6*10.92~LQ*HE*N381~SVC*HC:G8510*40*11**1~DTM*472*20191008~CAS*OA*23*29~REF*6R*CP3TTQORQYKI~AMT*B6*11~LQ*HE*N381~CLP*000100023279*1*134*97.11**MC*2019283062927~NM1*QC*1*GARCIA*MARIO****MR*D425963~NM1*82*1*LUCAS*PEGGI*S***XX*1366419582~REF*EA*63070DC50CA0428D9CB2C4929B91049D~DTM*232*20191007~DTM*233*20191007~SVC*HC:99214*134*97.11**1~DTM*472*20191007~CAS*OA*23*36.89~REF*6R*CP3TP864PMCJ~AMT*B6*97.11~LQ*HE*N381~CLP*000100022948*1*134*97.11**MC*2019283062938~NM1*QC*1*GARCIA*MARIO****MR*D425963~NM1*82*1*LUCAS*PEGGI*S***XX*1366419582~REF*EA*9F4E4395D3954EE19F9432E3C2CEE50A~DTM*232*20190930~DTM*233*20190930~SVC*HC:99214*134*97.11**1~DTM*472*20190930~CAS*OA*23*36.89~REF*6R*CP3TT8918QD4~AMT*B6*97.11~LQ*HE*N381~CLP*000100023253*1*90*63.81*2*MC*2019283063272~NM1*QC*1*GIERHART*JAMES*T***MR*G669412~NM1*82*1*KLAKER*JULIE*M***XX*1215134705~REF*EA*157482FDC86C41E1836FF48D07BB642F~DTM*232*20191004~DTM*233*20191004~SVC*HC:99213*90*63.81**1~DTM*472*20191004~CAS*PR*3*2~CAS*OA*23*24.19~REF*6R*CP3TLHP9I3A9~AMT*B6*65.81~LQ*HE*N381~LQ*HE*N381~CLP*000100023245*1*90*65.81**MC*2019283062976~NM1*QC*1*GONZALES*JERRY****MR*M247465~NM1*82*1*SEARLES*DENISE*A***XX*1396971230~REF*EA*314FF524CA8A42B0B648370B6A9546FD~DTM*232*20191004~DTM*233*20191004~SVC*HC:99213*90*65.81**1~DTM*472*20191004~CAS*OA*23*24.19~REF*6R*CP3TKYJKJA39~AMT*B6*65.81~LQ*HE*N381~CLP*000100023216*1*210*138.55**MC*2019283062985~NM1*QC*1*GRAVES*DILLON*M***MR*Y440957~NM1*82*1*KLAKER*JULIE*M***XX*1215134705~REF*EA*8477FBC225504B6A98B594F562962616~DTM*232*20191003~DTM*233*20191003~SVC*HC:99214:25*134*97.11**1~DTM*472*20191003~CAS*OA*23*36.89~REF*6R*CP3TE2E2G7GE~AMT*B6*97.11~LQ*HE*N381~SVC*HC:H0049*36*10.92**1~DTM*472*20191003~CAS*OA*23*25.08~REF*6R*CP3T5OKH03ZT~AMT*B6*10.92~LQ*HE*N381~SVC*HC:G8431*40*30.52**1~DTM*472*20191003~CAS*OA*23*9.48~REF*6R*CP3TX1NHJKHR~AMT*B6*30.52~LQ*HE*N381~CLP*000100023348*1*134*95.11*2*MC*2019283063164~NM1*QC*1*GREEN*DEBORAH*S***MR*Q240268~NM1*82*1*GRONEMEYER*LEANNE*R***XX*1659521045~REF*EA*0DDE41128A3743CF94AC6E49C65C9753~DTM*232*20191008~DTM*233*20191008~SVC*HC:99214*134*95.11**1~DTM*472*20191008~CAS*PR*3*2~CAS*OA*23*36.89~REF*6R*CP3T2RNC9DLT~AMT*B6*97.11~LQ*HE*N381~LQ*HE*N381~CLP*000100023247*1*134*97.11**MC*2019283063219~NM1*QC*1*GURULE*TRAVIS*L***MR*O382860~NM1*82*1*KLAKER*JULIE*M***XX*1215134705~REF*EA*5D8B28CAA0434DD28EA59B27B727BB1A~DTM*232*20191004~DTM*233*20191004~SVC*HC:99214*134*97.11**1~DTM*472*20191004~CAS*OA*23*36.89~REF*6R*CP3TH7E9VYTP~AMT*B6*97.11~LQ*HE*N381~CLP*000100023252*1*155*103.79*2*MC*2019283063287~NM1*QC*1*HAZARD*CHARLES*E***MR*U228549~NM1*82*1*LUCAS*PEGGI*S***XX*1366419582~REF*EA*1A8911B2DBFE4AF8B8330BFB92418376~DTM*232*20191004~DTM*233*20191004~SVC*HC:99213:25*90*63.81**1~DTM*472*20191004~CAS*PR*3*2~CAS*OA*23*24.19~REF*6R*CP3TR2SP8TLR~AMT*B6*65.81~LQ*HE*N381~LQ*HE*N381~SVC*HC:90471*35*19.46**1~DTM*472*20191004~CAS*OA*23*15.54~REF*6R*CP3TFMVONMPX~AMT*B6*19.46~LQ*HE*N381~SVC*HC:90756*30*20.52**1~DTM*472*20191004~CAS*OA*23*9.48~REF*6R*CP3TB1X4KY0K~AMT*B6*20.52~LQ*HE*N381~CLP*000100023312*1*134*97.11**MC*2019283062961~NM1*QC*1*HEREDIA*NEISHA****MR*M350525~NM1*82*1*HOOSHMAND-PARSI*KAYHOSROW****XX*1447291851~REF*EA*1EB2CF1738F64708B151DF26D883FB6B~DTM*232*20191007~DTM*233*20191007~SVC*HC:99214*134*97.11**1~DTM*472*20191007~CAS*OA*23*36.89~REF*6R*CP3TOUAU66GF~AMT*B6*97.11~LQ*HE*N381~CLP*000100021811*1*149*103.45*2*MC*2019283063007~NM1*QC*1*HERNANDEZ*CONTESSA*M***MR*U660089~NM1*82*1*KLAKER*JULIE*M***XX*1215134705~REF*EA*815EE176DBF1471BB8726531617131F9~DTM*232*20190830~DTM*233*20190830~SVC*HC:99214:25*134*95.11**1~DTM*472*20190830~CAS*PR*3*2~CAS*OA*23*36.89~REF*6R*CP3TT76NRLC6~AMT*B6*97.11~LQ*HE*N381~LQ*HE*N381~SVC*HC:81025*15*8.34**1~DTM*472*20190830~CAS*OA*23*6.66~REF*6R*CP3TW1JZAWJP~AMT*B6*8.34~LQ*HE*N381~CLP*000100023360*1*134*95.11*2*MC*2019283063159~NM1*QC*1*HERNANDEZ*PATRICIA****MR*N926539~NM1*82*1*LUCAS*PEGGI*S***XX*1366419582~REF*EA*3FAE8FDED7FE4BF9AD16BD4DCA92F9E4~DTM*232*20191008~DTM*233*20191008~SVC*HC:99214*134*95.11**1~DTM*472*20191008~CAS*PR*3*2~CAS*OA*23*36.89~REF*6R*CP3TDNIGUQNJ~AMT*B6*97.11~LQ*HE*N381~LQ*HE*N381~CLP*000100023324*1*134*97.11**MC*2019283063015~NM1*QC*1*HERRERA*CLAUDIA****MR*K156429~NM1*82*1*CADDALI*ESTRELLA*A***XX*1164974580~REF*EA*C97BC261C823461D9BDCA3C9A03C7167~DTM*232*20191008~DTM*233*20191008~SVC*HC:99214*134*97.11**1~DTM*472*20191008~CAS*OA*23*36.89~REF*6R*CP3TAAEZ1AQY~AMT*B6*97.11~LQ*HE*N381~CLP*000100023214*1*134*97.11**MC*2019283063184~NM1*QC*1*HERRERA*JEREMY****MR*E258249~NM1*82*1*KLAKER*JULIE*M***XX*1215134705~REF*EA*2E59D2AD86194A45ADA9A99C727E4BA7~DTM*232*20191003~DTM*233*20191003~SVC*HC:99214*134*97.11**1~DTM*472*20191003~CAS*OA*23*36.89~REF*6R*CP3TBMYOHU80~AMT*B6*97.11~LQ*HE*N381~CLP*000100023239*1*134*95.11*2*MC*2019283063191~NM1*QC*1*JOHNSON*LASHAWN****MR*J148245~NM1*82*1*LUCAS*PEGGI*S***XX*1366419582~REF*EA*A384210487BF4279BECF445604ECF422~DTM*232*20191004~DTM*233*20191004~SVC*HC:99214*134*95.11**1~DTM*472*20191004~CAS*PR*3*2~CAS*OA*23*36.89~REF*6R*CP3T8C9TLAAU~AMT*B6*97.11~LQ*HE*N381~LQ*HE*N381~CLP*000100023137*1*134*95.11*2*MC*2019283062953~NM1*QC*1*JOHNSON*MARK*A***MR*P242576~NM1*82*1*GRONEMEYER*LEANNE*R***XX*1659521045~REF*EA*24E2E52C50FB47CFBF328FAC3393D482~DTM*232*20191002~DTM*233*20191002~SVC*HC:99214*134*95.11**1~DTM*472*20191002~CAS*PR*3*2~CAS*OA*23*36.89~REF*6R*CP3T49ZSIBOU~AMT*B6*97.11~LQ*HE*N381~LQ*HE*N381~CLP*000100023164*1*134*97.11**MC*2019283063137~NM1*QC*1*KASTLE*CASEY*L***MR*O213074~NM1*82*1*CADDALI*ESTRELLA*A***XX*1164974580~REF*EA*76986B1946324964A1ECD079F705515F~DTM*232*20191003~DTM*233*20191003~SVC*HC:99214*134*97.11**1~DTM*472*20191003~CAS*OA*23*36.89~REF*6R*CP3TN8GHNWEA~AMT*B6*97.11~LQ*HE*N381~CLP*000100023173*1*148*96.78**MC*2019283063346~NM1*QC*1*LERMA*CRISTIANO*P***MR*P252933~NM1*82*1*GRONEMEYER*LEANNE*R***XX*1659521045~REF*EA*BC22A100946045BBBEB2CD01957D4FC6~DTM*232*20191003~DTM*233*20191003~SVC*HC:99392*148*96.78**1~DTM*472*20191003~CAS*OA*23*51.22~REF*6R*CP3TXL57P5SW~AMT*B6*96.78~LQ*HE*N381~CLP*000100023201*1*167*109.45**MC*2019283063166~NM1*QC*1*MARTINEZ WRIGHT*WILLIAM*M***MR*G938681~NM1*74*1*MARTINEZ~NM1*82*1*GRONEMEYER*LEANNE*R***XX*1659521045~REF*EA*AAD0439EDC354B94BB595A94F9FB2F7E~DTM*232*20191003~DTM*233*20191003~SVC*HC:99383*167*109.45**1~DTM*472*20191003~CAS*OA*23*57.55~REF*6R*CP3TXWGFFIXC~AMT*B6*109.45~LQ*HE*N381~CLP*000100023199*1*90*65.81**MC*2019283063280~NM1*QC*1*MAURO*RONDA*L***MR*U480140~NM1*82*1*KLAKER*JULIE*M***XX*1215134705~REF*EA*5593DDAA0D0C439A8CB14B3CBB7F8484~DTM*232*20191003~DTM*233*20191003~SVC*HC:99213*90*65.81**1~DTM*472*20191003~CAS*OA*23*24.19~REF*6R*CP3THHU2ESXF~AMT*B6*65.81~LQ*HE*N381~CLP*000100023254*1*175*114.94**MC*2019283063266~NM1*QC*1*MCBRIDE*JOHN****MR*M382015~NM1*82*1*LUCAS*PEGGI*S***XX*1366419582~REF*EA*6AA6755ED6554F67983EFF302B35D6B0~DTM*232*20191004~DTM*233*20191004~SVC*HC:99396*175*114.94**1~DTM*472*20191004~CAS*OA*23*60.06~REF*6R*CP3TD1GVLCD8~AMT*B6*114.94~LQ*HE*N381~CLP*000100023131*1*105*74.15**MC*2019283063355~NM1*QC*1*MEDINA*TAMMY*A***MR*F616296~NM1*82*1*GRONEMEYER*LEANNE*R***XX*1659521045~REF*EA*DD1960BA4A2D4ABF8FC145F2154A1FC5~DTM*232*20191002~DTM*233*20191002~SVC*HC:99213:25*90*65.81**1~DTM*472*20191002~CAS*OA*23*24.19~REF*6R*CP3TX5AEGGL1~AMT*B6*65.81~LQ*HE*N381~SVC*HC:81025*15*8.34**1~DTM*472*20191002~CAS*OA*23*6.66~REF*6R*CP3TYONEX2VI~AMT*B6*8.34~LQ*HE*N381~CLP*000100023219*1*134*97.11**MC*2019283063236~NM1*QC*1*MONTEZ*JASMINE*R***MR*Y365117~NM1*82*1*CADDALI*ESTRELLA*A***XX*1164974580~REF*EA*5FC5CEF0724C448C8262487879E8B726~DTM*232*20191003~DTM*233*20191003~SVC*HC:99214*134*97.11**1~DTM*472*20191003~CAS*OA*23*36.89~REF*6R*CP3TTQN1QLCK~AMT*B6*97.11~LQ*HE*N381~CLP*000100023374*1*134*97.11**MC*2019283063140~NM1*QC*1*MONTOYA*GERALDINE****MR*F588453~NM1*82*1*LUCAS*PEGGI*S***XX*1366419582~REF*EA*3B01E056CA4D40EBA005D6B52344ED1F~DTM*232*20191008~DTM*233*20191008~SVC*HC:99214*134*97.11**1~DTM*472*20191008~CAS*OA*23*36.89~REF*6R*CP3TLPKGKA3P~AMT*B6*97.11~LQ*HE*N381~CLP*000100023284*1*2096*1322.71**MC*2019283063276~NM1*QC*1*MORENO*RUBEN****MR*K039021~NM1*82*1*HOOSHMAND-PARSI*KAYHOSROW****XX*1447291851~REF*EA*F763E6A41F7149E3811B05807176008A~DTM*232*20191007~DTM*233*20191007~SVC*HC:99214:25*134*97.11**1~DTM*472*20191007~CAS*OA*23*36.89~REF*6R*CP3TT20CJECY~AMT*B6*97.11~LQ*HE*N381~SVC*HC:99415*45*7.11**1~DTM*472*20191007~CAS*OA*23*37.89~REF*6R*CP3TJASDHE90~AMT*B6*7.11~LQ*HE*N381~SVC*HC:96372*32*0**0**1~DTM*472*20191007~CAS*CO*109*32~REF*6R*CP3TOWLFMDLH~LQ*HE*N381~SVC*HC:J2315*1805*1193.2**380~DTM*472*20191007~CAS*OA*23*611.8~REF*6R*CP3TXFQ26HF1~AMT*B6*1193.2~LQ*HE*N381~SVC*HC:H0049*36*10.92**1~DTM*472*20191007~CAS*OA*23*25.08~REF*6R*CP3TYRT82ZEL~AMT*B6*10.92~LQ*HE*N381~SVC*HC:G8510*40*11**1~DTM*472*20191007~CAS*OA*23*29~REF*6R*CP3TTPX52L9G~AMT*B6*11~LQ*HE*N381~SVC*HC:81002*4*3.37**1~DTM*472*20191007~CAS*OA*23*.63~REF*6R*CP3TOQ0V860T~AMT*B6*3.37~LQ*HE*N381~CLP*000100023157*1*90*63.81*2*MC*2019283063056~NM1*QC*1*ORNELAS*MICHAEL*A***MR*Q985383~NM1*82*1*SEARLES*DENISE*A***XX*1396971230~REF*EA*4D0C89595F1847D6B300EB46BE1FF800~DTM*232*20191003~DTM*233*20191003~SVC*HC:99213*90*63.81**1~DTM*472*20191003~CAS*PR*3*2~CAS*OA*23*24.19~REF*6R*CP3TRV9HA9F2~AMT*B6*65.81~LQ*HE*N381~LQ*HE*N381~CLP*000100023223*1*134*97.11**MC*2019283062901~NM1*QC*1*PEDDIE*JAMES****MR*Y083206~NM1*82*1*HOOSHMAND-PARSI*KAYHOSROW****XX*1447291851~REF*EA*19E0D577591F4894989E5CCEF48CA3EB~DTM*232*20191003~DTM*233*20191003~SVC*HC:99214*134*97.11**1~DTM*472*20191003~CAS*OA*23*36.89~REF*6R*CP3T0LM832C1~AMT*B6*97.11~LQ*HE*N381~CLP*000100023211*1*178*128.62**MC*2019283063320~NM1*QC*1*PRICE*TREVOR****MR*T075263~NM1*82*1*CADDALI*ESTRELLA*A***XX*1164974580~REF*EA*EA985A567B054F2391FB7E92D92DF703~DTM*232*20191003~DTM*233*20191003~SVC*HC:99213:25*90*65.81**1~DTM*472*20191003~CAS*OA*23*24.19~REF*6R*CP3T0KO7GK18~AMT*B6*65.81~LQ*HE*N381~SVC*HC:90471*35*19.46**1~DTM*472*20191003~CAS*OA*23*15.54~REF*6R*CP3T8Y141KX7~AMT*B6*19.46~LQ*HE*N381~SVC*HC:90715*53*43.35**1~DTM*472*20191003~CAS*OA*23*9.65~REF*6R*CP3TAFLYPTH4~AMT*B6*43.35~LQ*HE*N381~CLP*000100023250*1*87.38*62.81**MC*2019283063327~NM1*QC*1*PRICE*TREVOR****MR*T075263~NM1*82*1*CADDALI*ESTRELLA*A***XX*1164974580~REF*EA*2DE9BB12FBD4466687F44B60EDED4063~DTM*232*20191004~DTM*233*20191004~SVC*HC:90471*35*19.46**1~DTM*472*20191004~CAS*OA*23*15.54~REF*6R*CP3T624ODBC6~AMT*B6*19.46~LQ*HE*N381~SVC*HC:90715*52.38*43.35**1~DTM*472*20191004~CAS*OA*23*9.03~REF*6R*CP3TX6G3QE7H~AMT*B6*43.35~LQ*HE*N381~CLP*000100023314*1*134*97.11**MC*2019283063028~NM1*QC*1*RAMIREZ*GABRIEL*J***MR*Q609223~NM1*82*1*HOOSHMAND-PARSI*KAYHOSROW****XX*1447291851~REF*EA*CBF5008D7BD9459598959C440D1052B1~DTM*232*20191007~DTM*233*20191007~SVC*HC:99214*134*97.11**1~DTM*472*20191007~CAS*OA*23*36.89~REF*6R*CP3TZAI9RXT7~AMT*B6*97.11~LQ*HE*N381~CLP*000100023272*1*90*63.81*2*MC*2019283063147~NM1*QC*1*RICHARDSON*KARRI*K***MR*K554938~NM1*82*1*SEARLES*DENISE*A***XX*1396971230~REF*EA*87DB02881F5A40E1912AF99877302D4F~DTM*232*20191004~DTM*233*20191004~SVC*HC:99213*90*63.81**1~DTM*472*20191004~CAS*PR*3*2~CAS*OA*23*24.19~REF*6R*CP3TR9DCVOL9~AMT*B6*65.81~LQ*HE*N381~LQ*HE*N381~CLP*000100023237*1*175*114.94**MC*2019283063328~NM1*QC*1*RODGERS*DVORAH****MR*G296569~NM1*82*1*LUCAS*PEGGI*S***XX*1366419582~REF*EA*EFAF6F21768D492E9913D6A08671CB23~DTM*232*20191004~DTM*233*20191004~SVC*HC:99396*175*114.94**1~DTM*472*20191004~CAS*OA*23*60.06~REF*6R*CP3T2HW0XM42~AMT*B6*114.94~LQ*HE*N381~CLP*000100023198*1*199*137.09**MC*2019283063084~NM1*QC*1*RODRIGUEZ*CAROLINA*M***MR*Y641512~NM1*82*1*HOOSHMAND-PARSI*KAYHOSROW****XX*1447291851~REF*EA*9C4E6914BBAD4E23AC3E1EB685D9D6A6~DTM*232*20191003~DTM*233*20191003~SVC*HC:99214:25*134*97.11**1~DTM*472*20191003~CAS*OA*23*36.89~REF*6R*CP3TI42G6G74~AMT*B6*97.11~LQ*HE*N381~SVC*HC:90471*35*19.46**1~DTM*472*20191003~CAS*OA*23*15.54~REF*6R*CP3TO11UO245~AMT*B6*19.46~LQ*HE*N381~SVC*HC:90756*30*20.52**1~DTM*472*20191003~CAS*OA*23*9.48~REF*6R*CP3TBBKY7PHB~AMT*B6*20.52~LQ*HE*N381~CLP*000100023179*1*210*117.03*2*MC*2019283063339~NM1*QC*1*ROLES*DEVON*E***MR*R039826~NM1*82*1*KLAKER*JULIE*M***XX*1215134705~REF*EA*1A8FCBDEC52E41C1884926B94A6CE801~DTM*232*20191003~DTM*233*20191003~SVC*HC:99214:25*134*95.11**1~DTM*472*20191003~CAS*PR*3*2~CAS*OA*23*36.89~REF*6R*CP3TSBSQA1CU~AMT*B6*97.11~LQ*HE*N381~LQ*HE*N381~SVC*HC:H0049*36*10.92**1~DTM*472*20191003~CAS*OA*23*25.08~REF*6R*CP3TM6VIF62W~AMT*B6*10.92~LQ*HE*N381~SVC*HC:G8510*40*11**1~DTM*472*20191003~CAS*OA*23*29~REF*6R*CP3T8RB7E7HG~AMT*B6*11~LQ*HE*N381~CLP*000100023316*1*134*97.11**MC*2019283063001~NM1*QC*1*ROYBAL*CELESTINA*A***MR*I238627~NM1*82*1*LUCAS*PEGGI*S***XX*1366419582~REF*EA*5AACD7DB7FE64B42B6775A05742591FF~DTM*232*20191007~DTM*233*20191007~SVC*HC:99214*134*97.11**1~DTM*472*20191007~CAS*OA*23*36.89~REF*6R*CP3T4DZ5NQYB~AMT*B6*97.11~LQ*HE*N381~CLP*000100023163*1*134*95.11*2*MC*2019283063214~NM1*QC*1*RUCKER*CHERYL****MR*G923122~NM1*82*1*HOOSHMAND-PARSI*KAYHOSROW****XX*1447291851~REF*EA*722963F3B95F4A40834F79B6580E3C21~DTM*232*20191003~DTM*233*20191003~SVC*HC:99214*134*95.11**1~DTM*472*20191003~CAS*PR*3*2~CAS*OA*23*36.89~REF*6R*CP3TDKVX0DYU~AMT*B6*97.11~LQ*HE*N381~LQ*HE*N381~CLP*000100023290*1*134*97.11**MC*2019283063331~NM1*QC*1*SAIS*MICHAEL*E***MR*N765754~NM1*82*1*LUCAS*PEGGI*S***XX*1366419582~REF*EA*628DCCBE40524676A841F91A068535BB~DTM*232*20191007~DTM*233*20191007~SVC*HC:99214*134*97.11**1~DTM*472*20191007~CAS*OA*23*36.89~REF*6R*CP3TM8PJCRQ8~AMT*B6*97.11~LQ*HE*N381~CLP*000100023274*1*134*97.11**MC*2019283063130~NM1*QC*1*SALAZAR*CARLA*S***MR*Y930292~NM1*82*1*LUCAS*PEGGI*S***XX*1366419582~REF*EA*387E83AE4D60424B94B8453270B69AD0~DTM*232*20191004~DTM*233*20191004~SVC*HC:99214*134*97.11**1~DTM*472*20191004~CAS*OA*23*36.89~REF*6R*CP3TLKKMP0B2~AMT*B6*97.11~LQ*HE*N381~CLP*000100023283*1*149*103.45*2*MC*2019283063249~NM1*QC*1*SALAZAR QUINTANA*CELENA****MR*F923445~NM1*74*1*SALAZAR QUINTAN**N~NM1*82*1*HOOSHMAND-PARSI*KAYHOSROW****XX*1447291851~REF*EA*F1E83007583748B68D1866A31BB4BC58~DTM*232*20191007~DTM*233*20191007~SVC*HC:99214:25*134*95.11**1~DTM*472*20191007~CAS*PR*3*2~CAS*OA*23*36.89~REF*6R*CP3TLTVRP0TB~AMT*B6*97.11~LQ*HE*N381~LQ*HE*N381~SVC*HC:81025*15*8.34**1~DTM*472*20191007~CAS*OA*23*6.66~REF*6R*CP3T3TQ6PMCX~AMT*B6*8.34~LQ*HE*N381~CLP*000100023344*1*54*37.39*2*MC*2019283062886~NM1*QC*1*SANDERS*JERMYN*B***MR*P711797~NM1*82*1*CADDALI*ESTRELLA*A***XX*1164974580~REF*EA*357BC1D4A9A9493BB574A7E998ECE4AC~DTM*232*20191008~DTM*233*20191008~SVC*HC:99212*54*37.39**1~DTM*472*20191008~CAS*PR*3*2~CAS*OA*23*14.61~REF*6R*CP3TBMSWRSRB~AMT*B6*39.39~LQ*HE*N381~LQ*HE*N381~CLP*000100023169*1*1910*1267.35**MC*2019283062793~NM1*QC*1*SANTISTEVAN*AMANDA****MR*P421349~NM1*82*1*KLAKER*JULIE*M***XX*1215134705~REF*EA*DECC33FAE0B94F5E95DC8F1E2283F72F~DTM*232*20191003~DTM*233*20191003~SVC*HC:99213:25*90*65.81**1~DTM*472*20191003~CAS*OA*23*24.19~REF*6R*CP3TF5T29ATL~AMT*B6*65.81~LQ*HE*N381~SVC*HC:J2315*1805*1193.2**380~DTM*472*20191003~CAS*OA*23*611.8~REF*6R*CP3TIK7U8EXV~AMT*B6*1193.2~LQ*HE*N381~SVC*HC:81025*15*8.34**1~DTM*472*20191003~CAS*OA*23*6.66~REF*6R*CP3T1XCHXQNR~AMT*B6*8.34~LQ*HE*N381~CLP*000100023305*1*149*105.45**MC*2019283063268~NM1*QC*1*SANTISTEVAN*MARILYN****MR*J932671~NM1*82*1*HOOSHMAND-PARSI*KAYHOSROW****XX*1447291851~REF*EA*BA093D6274734F1DBFB1D7677572A14F~DTM*232*20191007~DTM*233*20191007~SVC*HC:99214:25*134*97.11**1~DTM*472*20191007~CAS*OA*23*36.89~REF*6R*CP3TKDSZNO3Z~AMT*B6*97.11~LQ*HE*N381~SVC*HC:81025*15*8.34**1~DTM*472*20191007~CAS*OA*23*6.66~REF*6R*CP3T65ONCWME~AMT*B6*8.34~LQ*HE*N381~CLP*000100023311*1*134*97.11**MC*2019283063313~NM1*QC*1*SCAMAN*SABRINA****MR*Y355037~NM1*82*1*LUCAS*PEGGI*S***XX*1366419582~REF*EA*5FECA03B30964331A8771CF91A598959~DTM*232*20191007~DTM*233*20191007~SVC*HC:99214*134*97.11**1~DTM*472*20191007~CAS*OA*23*36.89~REF*6R*CP3TU6DB4WGA~AMT*B6*97.11~LQ*HE*N381~CLP*000100023263*1*90*65.81**MC*2019283063318~NM1*QC*1*SCAMAN*SABRINA****MR*Y355037~NM1*82*1*LUCAS*PEGGI*S***XX*1366419582~REF*EA*A326485FD4DA410A94ABAA29F216E7AC~DTM*232*20191004~DTM*233*20191004~SVC*HC:99213*90*65.81**1~DTM*472*20191004~CAS*OA*23*24.19~REF*6R*CP3TT19KSD71~AMT*B6*65.81~LQ*HE*N381~CLP*000100023175*1*199*137.09**MC*2019283063179~NM1*QC*1*SCOFIELD*EDYE****MR*Y643355~NM1*82*1*GRONEMEYER*LEANNE*R***XX*1659521045~REF*EA*8892D96B068D4CD38767C9DF01D623E3~DTM*232*20191003~DTM*233*20191003~SVC*HC:99214:25*134*97.11**1~DTM*472*20191003~CAS*OA*23*36.89~REF*6R*CP3TEHDZT7HJ~AMT*B6*97.11~LQ*HE*N381~SVC*HC:90471*35*19.46**1~DTM*472*20191003~CAS*OA*23*15.54~REF*6R*CP3TEFW48DL1~AMT*B6*19.46~LQ*HE*N381~SVC*HC:90756*30*20.52**1~DTM*472*20191003~CAS*OA*23*9.48~REF*6R*CP3TIBIGERW2~AMT*B6*20.52~LQ*HE*N381~CLP*000100022974*1*149*105.45**MC*2019283063254~NM1*QC*1*SIMS*MARIAH****MR*W857204~NM1*82*1*LUCAS*PEGGI*S***XX*1366419582~REF*EA*02022952637B437892FE1F0F270945E3~DTM*232*20190930~DTM*233*20190930~SVC*HC:99214:25*134*97.11**1~DTM*472*20190930~CAS*OA*23*36.89~REF*6R*CP3T08DZ1U3N~AMT*B6*97.11~LQ*HE*N381~SVC*HC:81025*15*8.34**1~DTM*472*20190930~CAS*OA*23*6.66~REF*6R*CP3TO9LSWTNP~AMT*B6*8.34~LQ*HE*N381~CLP*000100023309*1*149*105.45**MC*2019283063257~NM1*QC*1*SIMS*MARIAH****MR*W857204~NM1*82*1*LUCAS*PEGGI*S***XX*1366419582~REF*EA*98B47507BBE341668D50453721AD6331~DTM*232*20191007~DTM*233*20191007~SVC*HC:99214:25*134*97.11**1~DTM*472*20191007~CAS*OA*23*36.89~REF*6R*CP3TGA8GKYPG~AMT*B6*97.11~LQ*HE*N381~SVC*HC:81025*15*8.34**1~DTM*472*20191007~CAS*OA*23*6.66~REF*6R*CP3T2LFNFBTK~AMT*B6*8.34~LQ*HE*N381~CLP*000100023193*1*90*65.81**MC*2019283063309~NM1*QC*1*TOMLINSON*SEAN*B***MR*O382609~NM1*82*1*SEARLES*DENISE*A***XX*1396971230~REF*EA*701153A48D9F4E44B5DF175019EFBD15~DTM*232*20191003~DTM*233*20191003~SVC*HC:99213*90*65.81**1~DTM*472*20191003~CAS*OA*23*24.19~REF*6R*CP3TJ73AW6R8~AMT*B6*65.81~LQ*HE*N381~CLP*000100023242*1*134*97.11**MC*2019283063264~NM1*QC*1*TRAMMELL*TERRANCE****MR*Q626771~NM1*82*1*KLAKER*JULIE*M***XX*1215134705~REF*EA*57D90C276394447FB4EDB83133E5F26E~DTM*232*20191004~DTM*233*20191004~SVC*HC:99214*134*97.11**1~DTM*472*20191004~CAS*OA*23*36.89~REF*6R*CP3TH28K2CWC~AMT*B6*97.11~LQ*HE*N381~CLP*000100023262*1*90*63.81*2*MC*2019283063195~NM1*QC*1*TUOTI*JOSEF*E***MR*R532382~NM1*82*1*KLAKER*JULIE*M***XX*1215134705~REF*EA*9D1FE2E3FD0E472EB5894A36E80ADC67~DTM*232*20191004~DTM*233*20191004~SVC*HC:99213*90*63.81**1~DTM*472*20191004~CAS*PR*3*2~CAS*OA*23*24.19~REF*6R*CP3T9LBA2BT9~AMT*B6*65.81~LQ*HE*N381~LQ*HE*N381~CLP*000100023359*1*54*39.39**MC*2019283063348~NM1*QC*1*VALDEZ*ESTEBAN*F***MR*M468194~NM1*82*1*CADDALI*ESTRELLA*A***XX*1164974580~REF*EA*1DC96E7B07864179B2379D6359076932~DTM*232*20191008~DTM*233*20191008~SVC*HC:99212*54*39.39**1~DTM*472*20191008~CAS*OA*23*14.61~REF*6R*CP3TP41XW44H~AMT*B6*39.39~LQ*HE*N381~CLP*000100023210*1*149*105.45**MC*2019283062911~NM1*QC*1*VARGAS*ERIKA*A***MR*L114609~NM1*82*1*KLAKER*JULIE*M***XX*1215134705~REF*EA*2085373D92AF4E4AB31BDC0E64B5ED53~DTM*232*20191003~DTM*233*20191003~SVC*HC:99214:25*134*97.11**1~DTM*472*20191003~CAS*OA*23*36.89~REF*6R*CP3TPY2ER1E5~AMT*B6*97.11~LQ*HE*N381~SVC*HC:81025*15*8.34**1~DTM*472*20191003~CAS*OA*23*6.66~REF*6R*CP3TKY0B1XOH~AMT*B6*8.34~LQ*HE*N381~CLP*000100023291*1*105*74.15**MC*2019283063200~NM1*QC*1*VILLASENOR*MIQUEILA*C***MR*K174349~NM1*82*1*HOOSHMAND-PARSI*KAYHOSROW****XX*1447291851~REF*EA*7FBFA47E567D4CF484769661101B8D75~DTM*232*20191007~DTM*233*20191007~SVC*HC:99213:25*90*65.81**1~DTM*472*20191007~CAS*OA*23*24.19~REF*6R*CP3T2MPEP835~AMT*B6*65.81~LQ*HE*N381~SVC*HC:81025*15*8.34**1~DTM*472*20191007~CAS*OA*23*6.66~REF*6R*CP3TTQC0IV6N~AMT*B6*8.34~LQ*HE*N381~CLP*000100023178*1*199*135.09*2*MC*2019283063252~NM1*QC*1*WHITE*SAMUEL*R***MR*G468224~NM1*82*1*GRONEMEYER*LEANNE*R***XX*1659521045~REF*EA*CDACFA6EE89E438D8917CF0E2B380412~DTM*232*20191003~DTM*233*20191003~SVC*HC:99214:25*134*95.11**1~DTM*472*20191003~CAS*PR*3*2~CAS*OA*23*36.89~REF*6R*CP3TPUWIIUFZ~AMT*B6*97.11~LQ*HE*N381~LQ*HE*N381~SVC*HC:90471*35*19.46**1~DTM*472*20191003~CAS*OA*23*15.54~REF*6R*CP3T29I52WKR~AMT*B6*19.46~LQ*HE*N381~SVC*HC:90756*30*20.52**1~DTM*472*20191003~CAS*OA*23*9.48~REF*6R*CP3TNG1IB5SZ~AMT*B6*20.52~LQ*HE*N381~CLP*000100023196*1*134*95.11*2*MC*2019283063261~NM1*QC*1*WILMOT*JESSE*D***MR*Y454856~NM1*82*1*KLAKER*JULIE*M***XX*1215134705~REF*EA*AB6BB82778DD4F6186DC2672C27FA518~DTM*232*20191003~DTM*233*20191003~SVC*HC:99214*134*95.11**1~DTM*472*20191003~CAS*PR*3*2~CAS*OA*23*36.89~REF*6R*CP3TSG0RBT2B~AMT*B6*97.11~LQ*HE*N381~LQ*HE*N381~CLP*000100023225*1*221*138.87**MC*2019283063293~NM1*QC*1*WOLFE*MELISAA****MR*D818118~NM1*82*1*HOOSHMAND-PARSI*KAYHOSROW****XX*1447291851~REF*EA*6DA143058451410688D1AA5AD994633D~DTM*232*20191003~DTM*233*20191003~SVC*HC:99203:25*145*97.43**1~DTM*472*20191003~CAS*OA*23*47.57~REF*6R*CP3T4TYEPOQE~AMT*B6*97.43~LQ*HE*N381~SVC*HC:H0049*36*10.92**1~DTM*472*20191003~CAS*OA*23*25.08~REF*6R*CP3TQQ8K7V03~AMT*B6*10.92~LQ*HE*N381~SVC*HC:G8431*40*30.52**1~DTM*472*20191003~CAS*OA*23*9.48~REF*6R*CP3TBY58I7EI~AMT*B6*30.52~LQ*HE*N381~SE*1455*000010013~GE*1*200001329~IEA*1*200001329~