ISA*00*          *00*          *ZZ*COMEDASSISTPROG*ZZ*6769489        *191028*0230*^*00501*300006287*0*P*:~GS*HP*COMEDASSISTPROG*6769489*20191028*023040*300006287*X*005010X221A1~ST*835*000010013~BPR*I*16709.99*C*ACH*CCP*01*075911603*DA*00000004556640373*1811725341**01*102000076*DA*2838835219*20191028~TRN*1*000798761*1811725341~REF*EV*1508250911~DTM*405*20191025~N1*PR*CO_TXIX*XV*7912900843~N3*P.O. BOX 30~N4*DENVER*CO*80201~PER*CX*MEDICAID PROVIDER SERVICES*TE*8442352387~PER*BL*MEDICAID PROVIDER SERVICES*TE*8442352387~N1*PE*HEALTH SOLUTIONS MED CENTER*XX*1508250911~REF*TJ*841158933~LX*1~CLP*000100022702*2*134*9.79**MC*2019292003935~NM1*QC*1*ALLEN*JODEEN*G***MR*Y428477~NM1*82*1*HOOSHMAND-PARSI*KAYHOSROW****XX*1447291851~REF*EA*301A5D50937F4E4493A501E7E868CB08~DTM*232*20190924~DTM*233*20190924~SVC*HC:99214*134*9.79**1~DTM*472*20190924~CAS*CO*45*124.21~REF*6R*CPUHKO7JHHG5~AMT*B6*9.79~LQ*HE*N381~LQ*HE*N381~CLP*000100022557*2*134*9.79**MC*2019297003130~NM1*QC*1*ANDERSON*KATHLEEN*R***MR*P388137~NM1*82*1*HOOSHMAND-PARSI*KAYHOSROW****XX*1447291851~REF*EA*B29515D5BE0A497FA223B2D13D69C85A~DTM*232*20190919~DTM*233*20190919~SVC*HC:99214*134*9.79**1~DTM*472*20190919~CAS*CO*45*124.21~REF*6R*CPVTHVYX52MC~AMT*B6*9.79~LQ*HE*N381~LQ*HE*N381~CLP*000100022562*2*90*6.14**MC*2019294085501~NM1*QC*1*HIJAR CONVERSE*PATRICIA****MR*C886363~NM1*74*1*CONVERSE~NM1*82*1*CADDALI*ESTRELLA*A***XX*1164974580~REF*EA*AD1586E20F8F441CACA32E5F3102DFBA~DTM*232*20190919~DTM*233*20190919~SVC*HC:99213*90*6.14**1~DTM*472*20190919~CAS*CO*45*83.86~REF*6R*CP4LZVU9VMJG~AMT*B6*6.14~LQ*HE*N381~LQ*HE*N381~CLP*000100023058*2*90*6.14**MC*2019292003938~NM1*QC*1*ENCINA*MARTA****MR*I139437~NM1*82*1*HOOSHMAND-PARSI*KAYHOSROW****XX*1447291851~REF*EA*87C5593F38FA4D69B7309088865F1C3C~DTM*232*20191001~DTM*233*20191001~SVC*HC:99213*90*6.14**1~DTM*472*20191001~CAS*CO*45*83.86~REF*6R*CP2DPLCNXVVP~AMT*B6*6.14~LQ*HE*N381~LQ*HE*N381~CLP*000100022588*4*134*0**MC*2019294085497~NM1*QC*1*SOILEAU*JOSEPH****MR*O245736~NM1*82*1*LUCAS*PEGGI*S***XX*1366419582~REF*EA*694887E3A362439F9678EF12CF5E08D8~DTM*232*20190920~DTM*233*20190920~SVC*HC:99214*134*0**0**1~DTM*472*20190920~CAS*PI*96*134~REF*6R*CP4LGSG1RQZ2~LQ*HE*N56~CLP*000100021890*4*134*0**MC*2019298004571~NM1*QC*1*SOILEAU*JOSEPH****MR*O245736~NM1*82*1*LUCAS*PEGGI*S***XX*1366419582~REF*EA*93E18575C7F04992B4567C15714326E6~DTM*232*20190903~DTM*233*20190903~SVC*HC:99214*134*0**0**1~DTM*472*20190903~CAS*PI*96*134~REF*6R*CP4X10XTNOQL~LQ*HE*N56~CLP*000100023941*1*305.23*201.67*2*MC*2019298004989~NM1*QC*1*ALEXANDER*ANTHONY*A***MR*L236477~NM1*82*1*CADDALI*ESTRELLA*A***XX*1164974580~REF*EA*90AF209E39004AE2A2F992DB40D3D6F0~DTM*232*20191018~DTM*233*20191018~SVC*HC:99395:25*165*105.82**1~DTM*472*20191018~CAS*PR*3*2~CAS*CO*45*57.18~REF*6R*CP4XQBOFE4UL~AMT*B6*107.82~LQ*HE*N381~LQ*HE*N381~SVC*HC:90471*35*19.46**1~DTM*472*20191018~CAS*CO*45*15.54~REF*6R*CP4XP1142DBW~AMT*B6*19.46~LQ*HE*N381~SVC*HC:90715*53*43.35**1~DTM*472*20191018~CAS*CO*45*9.65~REF*6R*CP4XFERCY5YF~AMT*B6*43.35~LQ*HE*N381~SVC*HC:90472*17.23*11.3**1~DTM*472*20191018~CAS*CO*45*5.93~REF*6R*CP4X76DC8PNC~AMT*B6*11.3~LQ*HE*N381~SVC*HC:90674*35*21.74**1~DTM*472*20191018~CAS*CO*45*13.26~REF*6R*CP4XYIRVOCDC~AMT*B6*21.74~LQ*HE*N381~CLP*000100023806*1*80*71.25**MC*2019294085520~NM1*QC*1*APODACA*RAQUEL*L***MR*F222913~NM1*82*1*LEWIS*HOLLY*G***XX*1295234128~REF*EA*92E798DF372448E0BE4A6B3B39B24045~DTM*232*20191016~DTM*233*20191016~SVC*HC:90834*80*71.25**1~DTM*472*20191016~CAS*CO*45*8.75~REF*6R*CP4LYOJ73WTG~AMT*B6*71.25~LQ*HE*N381~CLP*000100023796*1*157.15*116.61*2*MC*2019294085578~NM1*QC*1*ARAGON*VICTORIA*E***MR*G735675~NM1*82*1*CADDALI*ESTRELLA*A***XX*1164974580~REF*EA*C2DEC9BC0A594F6181A28DB2E8B9D34C~DTM*232*20191016~DTM*233*20191016~SVC*HC:99214:25*134*95.11**1~DTM*472*20191016~CAS*PR*3*2~CAS*CO*45*36.89~REF*6R*CP4LWIGCLND0~AMT*B6*97.11~LQ*HE*N381~LQ*HE*N381~SVC*HC:93000*23.15*21.5**1~DTM*472*20191016~CAS*CO*45*1.65~REF*6R*CP4LT94NQ3NL~AMT*B6*21.5~LQ*HE*N381~CLP*000100023972*1*204*138.31**MC*2019298004886~NM1*QC*1*ARELLANO*JOSHUA****MR*Q668955~NM1*82*1*GRONEMEYER*LEANNE*R***XX*1659521045~REF*EA*B8E80E8658014271B36336003C62BBF4~DTM*232*20191021~DTM*233*20191021~SVC*HC:99214:25*134*97.11**1~DTM*472*20191021~CAS*CO*45*36.89~REF*6R*CP4XMXXOLZ3M~AMT*B6*97.11~LQ*HE*N381~SVC*HC:90471*35*19.46**1~DTM*472*20191021~CAS*CO*45*15.54~REF*6R*CP4XS2WEA977~AMT*B6*19.46~LQ*HE*N381~SVC*HC:90674*35*21.74**1~DTM*472*20191021~CAS*CO*45*13.26~REF*6R*CP4XDYDW28ZE~AMT*B6*21.74~LQ*HE*N381~CLP*000100023845*1*90*65.81**MC*2019294085576~NM1*QC*1*ARRIAGA SHISLER*JAYLYNN*P***MR*P249394~NM1*74*1*ARRIAGASHISLER~NM1*82*1*CADDALI*ESTRELLA*A***XX*1164974580~REF*EA*90E349D2AA704DB78D905200715EB802~DTM*232*20191017~DTM*233*20191017~SVC*HC:99213*90*65.81**1~DTM*472*20191017~CAS*CO*45*24.19~REF*6R*CP4LHMYNITXK~AMT*B6*65.81~LQ*HE*N381~CLP*000100023891*1*149*105.45**MC*2019294085545~NM1*QC*1*AVILA*KRISTA*M***MR*K943511~NM1*82*1*SEARLES*DENISE*A***XX*1396971230~REF*EA*09D8C6E26C094BD5BD27EC5058F5A747~DTM*232*20191017~DTM*233*20191017~SVC*HC:99214:25*134*97.11**1~DTM*472*20191017~CAS*CO*45*36.89~REF*6R*CP4LP5BHJEYE~AMT*B6*97.11~LQ*HE*N381~SVC*HC:81025*15*8.34**1~DTM*472*20191017~CAS*CO*45*6.66~REF*6R*CP4LNCDLIMKZ~AMT*B6*8.34~LQ*HE*N381~CLP*000100023899*1*149*105.45**MC*2019294085562~NM1*QC*1*BANKSTON*AMANDA*M***MR*G892642~NM1*82*1*SEARLES*DENISE*A***XX*1396971230~REF*EA*3EA0BC8A0BF94382B3D78D7198CE76A3~DTM*232*20191017~DTM*233*20191017~SVC*HC:99214:25*134*97.11**1~DTM*472*20191017~CAS*CO*45*36.89~REF*6R*CP4LJQUM9EL7~AMT*B6*97.11~LQ*HE*N381~SVC*HC:81025*15*8.34**1~DTM*472*20191017~CAS*CO*45*6.66~REF*6R*CP4LPJ6DD58K~AMT*B6*8.34~LQ*HE*N381~CLP*000100023427*1*90*65.81**MC*2019298004676~NM1*QC*1*BARNES*SUSAN****MR*O878109~NM1*82*1*SEARLES*DENISE*A***XX*1396971230~REF*EA*2A6629D51E8445CD95426D5928127042~DTM*232*20191009~DTM*233*20191009~SVC*HC:99213*90*65.81**1~DTM*472*20191009~CAS*CO*45*24.19~REF*6R*CP4XZ670G4FO~AMT*B6*65.81~LQ*HE*N381~CLP*000100023808*1*281*191.03**MC*2019294085544~NM1*QC*1*BISHOP*VANDA****MR*T552840~NM1*82*1*SEARLES*DENISE*A***XX*1396971230~REF*EA*650684C2A778460F91999BB10D56984E~DTM*232*20191016~DTM*233*20191016~SVC*HC:99204:25*205*149.59**1~DTM*472*20191016~CAS*CO*45*55.41~REF*6R*CP4LRTT07XOR~AMT*B6*149.59~LQ*HE*N381~SVC*HC:H0049*36*10.92**1~DTM*472*20191016~CAS*CO*45*25.08~REF*6R*CP4LSMJF36T5~AMT*B6*10.92~LQ*HE*N381~SVC*HC:G8431*40*30.52**1~DTM*472*20191016~CAS*CO*45*9.48~REF*6R*CP4LW77ML545~AMT*B6*30.52~LQ*HE*N381~CLP*000100023810*1*90*65.81**MC*2019294085587~NM1*QC*1*BALL*SARAH*L***MR*P589138~NM1*74*1*BRAZEL~NM1*82*1*CADDALI*ESTRELLA*A***XX*1164974580~REF*EA*E9F11D11DD284EE096E71D1ED9692486~DTM*232*20191016~DTM*233*20191016~SVC*HC:99213*90*65.81**1~DTM*472*20191016~CAS*CO*45*24.19~REF*6R*CP4LP9UCYZX0~AMT*B6*65.81~LQ*HE*N381~CLP*000100023828*1*160*107.01**MC*2019294085550~NM1*QC*1*BROWN*SARA*E***MR*Y577195~NM1*82*1*HOOSHMAND-PARSI*KAYHOSROW****XX*1447291851~REF*EA*323537D3EBBA41BEA0B3F9E7C0D98D05~DTM*232*20191016~DTM*233*20191016~SVC*HC:99213:25*90*65.81**1~DTM*472*20191016~CAS*CO*45*24.19~REF*6R*CP4LPTGK2S32~AMT*B6*65.81~LQ*HE*N381~SVC*HC:90471*35*19.46**1~DTM*472*20191016~CAS*CO*45*15.54~REF*6R*CP4LC5UAG3IK~AMT*B6*19.46~LQ*HE*N381~SVC*HC:90674*35*21.74**1~DTM*472*20191016~CAS*CO*45*13.26~REF*6R*CP4L20V95RKN~AMT*B6*21.74~LQ*HE*N381~CLP*000100023862*1*204*138.31**MC*2019294085554~NM1*QC*1*BURNS*KYRA*J***MR*O410409~NM1*82*1*GRONEMEYER*LEANNE*R***XX*1659521045~REF*EA*1FB597C5D36E46F095A0EED40FFF4946~DTM*232*20191017~DTM*233*20191017~SVC*HC:99214:25*134*97.11**1~DTM*472*20191017~CAS*CO*45*36.89~REF*6R*CP4L6KX8XGMV~AMT*B6*97.11~LQ*HE*N381~SVC*HC:90471*35*19.46**1~DTM*472*20191017~CAS*CO*45*15.54~REF*6R*CP4LMI7MD5CM~AMT*B6*19.46~LQ*HE*N381~SVC*HC:90674*35*21.74**1~DTM*472*20191017~CAS*CO*45*13.26~REF*6R*CP4LKV538GXD~AMT*B6*21.74~LQ*HE*N381~CLP*000100023401*1*204*138.31**MC*2019294085549~NM1*QC*1*BUTKOVICH*SAM*E***MR*V079008~NM1*82*1*HOOSHMAND-PARSI*KAYHOSROW****XX*1447291851~REF*EA*12A115D4F1644C5CA79B1FC6D1250183~DTM*232*20191008~DTM*233*20191008~SVC*HC:99214:25*134*97.11**1~DTM*472*20191008~CAS*CO*45*36.89~REF*6R*CP4LC243SRLH~AMT*B6*97.11~LQ*HE*N381~SVC*HC:90471*35*19.46**1~DTM*472*20191008~CAS*CO*45*15.54~REF*6R*CP4LWND7YIQE~AMT*B6*19.46~LQ*HE*N381~SVC*HC:90674*35*21.74**1~DTM*472*20191008~CAS*CO*45*13.26~REF*6R*CP4LP8BCNVKS~AMT*B6*21.74~LQ*HE*N381~CLP*000100023884*1*90*65.81**MC*2019294085577~NM1*QC*1*CABELLO*ANNE*L***MR*J047769~NM1*82*1*CADDALI*ESTRELLA*A***XX*1164974580~REF*EA*ED4CE45D6C2A44A181C9A19924E5214F~DTM*232*20191017~DTM*233*20191017~SVC*HC:99213*90*65.81**1~DTM*472*20191017~CAS*CO*45*24.19~REF*6R*CP4LKXW88GGX~AMT*B6*65.81~LQ*HE*N381~CLP*000100023729*1*149*105.45**MC*2019294085573~NM1*QC*1*CALDERON*DAVINA*R***MR*J450070~NM1*82*1*HOOSHMAND-PARSI*KAYHOSROW****XX*1447291851~REF*EA*C2B7AD5BA4D84518B19184578D9F6A00~DTM*232*20191015~DTM*233*20191015~SVC*HC:99214:25*134*97.11**1~DTM*472*20191015~CAS*CO*45*36.89~REF*6R*CP4LIUK4RIWQ~AMT*B6*97.11~LQ*HE*N381~SVC*HC:81025*15*8.34**1~DTM*472*20191015~CAS*CO*45*6.66~REF*6R*CP4LHJEOCDJJ~AMT*B6*8.34~LQ*HE*N381~CLP*000100024010*1*90*65.81**MC*2019298004727~NM1*QC*1*CARROLL*ERIC****MR*P857714~NM1*82*1*SEARLES*DENISE*A***XX*1396971230~REF*EA*4B9AF5373A84415BA87F648EEB88AFEC~DTM*232*20191022~DTM*233*20191022~SVC*HC:99213*90*65.81**1~DTM*472*20191022~CAS*CO*45*24.19~REF*6R*CP4XJNBE6QSA~AMT*B6*65.81~LQ*HE*N381~CLP*000100023981*1*134*97.11**MC*2019298004962~NM1*QC*1*CASACK*JACOB****MR*Y190717~NM1*82*1*LUCAS*PEGGI*S***XX*1366419582~REF*EA*023C9E838F664B28865CFD6386086BF3~DTM*232*20191021~DTM*233*20191021~SVC*HC:99214*134*97.11**1~DTM*472*20191021~CAS*CO*45*36.89~REF*6R*CP4X7U9RB32B~AMT*B6*97.11~LQ*HE*N381~CLP*000100023743*1*204*136.31*2*MC*2019294085500~NM1*QC*1*COLEMAN*JAMES*D***MR*P176368~NM1*82*1*HOOSHMAND-PARSI*KAYHOSROW****XX*1447291851~REF*EA*C3E82180D7EB4701B93B262BE486B9A1~DTM*232*20191015~DTM*233*20191015~SVC*HC:99214:25*134*95.11**1~DTM*472*20191015~CAS*PR*3*2~CAS*CO*45*36.89~REF*6R*CP4LOI2LDG7G~AMT*B6*97.11~LQ*HE*N381~LQ*HE*N381~SVC*HC:90471*35*19.46**1~DTM*472*20191015~CAS*CO*45*15.54~REF*6R*CP4L4BGTROJQ~AMT*B6*19.46~LQ*HE*N381~SVC*HC:90674*35*21.74**1~DTM*472*20191015~CAS*CO*45*13.26~REF*6R*CP4LIGVE2QEB~AMT*B6*21.74~LQ*HE*N381~CLP*000100023695*1*225*142.24**MC*2019294085602~NM1*QC*1*CORDOVA*ELIAS*M***MR*Y504067~NM1*82*1*HOOSHMAND-PARSI*KAYHOSROW****XX*1447291851~REF*EA*055B23B0E0224C5D935A64EDB4F7B81C~DTM*232*20191015~DTM*233*20191015~SVC*HC:99203:25*145*97.43**1~DTM*472*20191015~CAS*CO*45*47.57~REF*6R*CP4LM0FVIZJZ~AMT*B6*97.43~LQ*HE*N381~SVC*HC:H0049*36*10.92**1~DTM*472*20191015~CAS*CO*45*25.08~REF*6R*CP4LD348ANI2~AMT*B6*10.92~LQ*HE*N381~SVC*HC:G8431*40*30.52**1~DTM*472*20191015~CAS*CO*45*9.48~REF*6R*CP4L60O2PWRD~AMT*B6*30.52~LQ*HE*N381~SVC*HC:81002*4*3.37**1~DTM*472*20191015~CAS*CO*45*.63~REF*6R*CP4LURHHSU6R~AMT*B6*3.37~LQ*HE*N381~CLP*000100023759*1*134*97.11**MC*2019294085603~NM1*QC*1*CORDOVA*ELIAS*M***MR*Y504067~NM1*82*1*KLAKER*JULIE*M***XX*1215134705~REF*EA*007FF50BF80747A3B1045A783C74A8F1~DTM*232*20191016~DTM*233*20191016~SVC*HC:99214*134*97.11**1~DTM*472*20191016~CAS*CO*45*36.89~REF*6R*CP4LD0U5D8EJ~AMT*B6*97.11~LQ*HE*N381~CLP*000100023754*1*105*74.15**MC*2019294085580~NM1*QC*1*CORDOVA*REBECCA*E***MR*Y334431~NM1*82*1*KLAKER*JULIE*M***XX*1215134705~REF*EA*85BEF8377E3749DBA0D387FAD3117DB1~DTM*232*20191016~DTM*233*20191016~SVC*HC:99213:25*90*65.81**1~DTM*472*20191016~CAS*CO*45*24.19~REF*6R*CP4LHQF4ZRFQ~AMT*B6*65.81~LQ*HE*N381~SVC*HC:81025*15*8.34**1~DTM*472*20191016~CAS*CO*45*6.66~REF*6R*CP4LGAA09KF3~AMT*B6*8.34~LQ*HE*N381~CLP*000100023987*1*351*210.71*2*MC*2019298004696~NM1*QC*1*CRAMER*CHELSEA*C***MR*G314138~NM1*82*1*GRONEMEYER*LEANNE*R***XX*1659521045~REF*EA*0AB5509D35994C24871564AC2A4D3589~DTM*232*20191021~DTM*233*20191021~SVC*HC:99204:25*205*147.59**1~DTM*472*20191021~CAS*PR*3*2~CAS*CO*45*55.41~REF*6R*CP4XF20NWFCV~AMT*B6*149.59~LQ*HE*N381~LQ*HE*N381~SVC*HC:90471*35*19.46**1~DTM*472*20191021~CAS*CO*45*15.54~REF*6R*CP4X41VO8K1Y~AMT*B6*19.46~LQ*HE*N381~SVC*HC:90674*35*21.74**1~DTM*472*20191021~CAS*CO*45*13.26~REF*6R*CP4X36V1N9C3~AMT*B6*21.74~LQ*HE*N381~SVC*HC:H0049*36*10.92**1~DTM*472*20191021~CAS*CO*45*25.08~REF*6R*CP4XC1RHMN54~AMT*B6*10.92~LQ*HE*N381~SVC*HC:G8510*40*11**1~DTM*472*20191021~CAS*CO*45*29~REF*6R*CP4X0SY89WW2~AMT*B6*11~LQ*HE*N381~CLP*000100023709*1*281*171.51**MC*2019294085537~NM1*QC*1*CRESPIN*GILBERT****MR*M707740~NM1*82*1*SEARLES*DENISE*A***XX*1396971230~REF*EA*C99BE82D1ABB4F10A9C8D7D70CD18BD9~DTM*232*20191015~DTM*233*20191015~SVC*HC:99204:25*205*149.59**1~DTM*472*20191015~CAS*CO*45*55.41~REF*6R*CP4LJFNMOSL6~AMT*B6*149.59~LQ*HE*N381~SVC*HC:H0049*36*10.92**1~DTM*472*20191015~CAS*CO*45*25.08~REF*6R*CP4LKQF6DHBL~AMT*B6*10.92~LQ*HE*N381~SVC*HC:G8510*40*11**1~DTM*472*20191015~CAS*CO*45*29~REF*6R*CP4LJVIBTV0T~AMT*B6*11~LQ*HE*N381~CLP*000100023874*1*341*186.96**MC*2019294085581~NM1*QC*1*CRUZ*KC****MR*N045363~NM1*82*1*KLAKER*JULIE*M***XX*1215134705~REF*EA*4D8A34B238394AB8A645897AEA3A1155~DTM*232*20191017~DTM*233*20191017~SVC*HC:99204:25*205*149.59**1~DTM*472*20191017~CAS*CO*45*55.41~REF*6R*CP4LSRWRS955~AMT*B6*149.59~LQ*HE*N381~SVC*HC:99415*45*7.11**1~DTM*472*20191017~CAS*CO*45*37.89~REF*6R*CP4LZO0OSX74~AMT*B6*7.11~LQ*HE*N381~SVC*HC:H0049*36*10.92**1~DTM*472*20191017~CAS*CO*45*25.08~REF*6R*CP4LHLIPBH0X~AMT*B6*10.92~LQ*HE*N381~SVC*HC:G8510*40*11**1~DTM*472*20191017~CAS*CO*45*29~REF*6R*CP4LPQ5H3NC7~AMT*B6*11~LQ*HE*N381~SVC*HC:81025*15*8.34**1~DTM*472*20191017~CAS*CO*45*6.66~REF*6R*CP4L6CIFUJA3~AMT*B6*8.34~LQ*HE*N381~CLP*000100023984*1*149*105.45**MC*2019298004785~NM1*QC*1*CRUZ*MARIAH****MR*U875752~NM1*82*1*LUCAS*PEGGI*S***XX*1366419582~REF*EA*497E323AB7E34E8B92954A307A565E95~DTM*232*20191021~DTM*233*20191021~SVC*HC:99214:25*134*97.11**1~DTM*472*20191021~CAS*CO*45*36.89~REF*6R*CP4X92V9979W~AMT*B6*97.11~LQ*HE*N381~SVC*HC:81025*15*8.34**1~DTM*472*20191021~CAS*CO*45*6.66~REF*6R*CP4XZSW1MK5K~AMT*B6*8.34~LQ*HE*N381~CLP*000100023779*1*134*97.11**MC*2019294085548~NM1*QC*1*DEJOY*ANTHONY****MR*W988017~NM1*82*1*LUCAS*PEGGI*S***XX*1366419582~REF*EA*592374A6BADE4441AD548748A03DC72A~DTM*232*20191016~DTM*233*20191016~SVC*HC:99214*134*97.11**1~DTM*472*20191016~CAS*CO*45*36.89~REF*6R*CP4LNU5VNR1R~AMT*B6*97.11~LQ*HE*N381~CLP*000100023912*1*90*65.81**MC*2019294085599~NM1*QC*1*DELMONICO*ANTONIO*F***MR*Q006594~NM1*82*1*HOOSHMAND-PARSI*KAYHOSROW****XX*1447291851~REF*EA*2A4A4E7559714CF0906FA73541401274~DTM*232*20191017~DTM*233*20191017~SVC*HC:99213*90*65.81**1~DTM*472*20191017~CAS*CO*45*24.19~REF*6R*CP4LCGTKIG67~AMT*B6*65.81~LQ*HE*N381~CLP*000100023763*1*204*136.31*2*MC*2019294085558~NM1*QC*1*DOBBS*DION*K***MR*P437953~NM1*82*1*HOOSHMAND-PARSI*KAYHOSROW****XX*1447291851~REF*EA*8D8808C929124609878757191995A228~DTM*232*20191016~DTM*233*20191016~SVC*HC:99214:25*134*95.11**1~DTM*472*20191016~CAS*PR*3*2~CAS*CO*45*36.89~REF*6R*CP4L8AVUV3DV~AMT*B6*97.11~LQ*HE*N381~LQ*HE*N381~SVC*HC:90471*35*19.46**1~DTM*472*20191016~CAS*CO*45*15.54~REF*6R*CP4LOYS52MZT~AMT*B6*19.46~LQ*HE*N381~SVC*HC:90674*35*21.74**1~DTM*472*20191016~CAS*CO*45*13.26~REF*6R*CP4LQPFGMXM1~AMT*B6*21.74~LQ*HE*N381~CLP*000100023906*1*90*65.81**MC*2019294085539~NM1*QC*1*EDMONDS*CHAD*W***MR*O652133~NM1*82*1*KLAKER*JULIE*M***XX*1215134705~REF*EA*70E645BEFA544463BEBF50401A2561D3~DTM*232*20191017~DTM*233*20191017~SVC*HC:99213*90*65.81**1~DTM*472*20191017~CAS*CO*45*24.19~REF*6R*CP4LONKGP5K3~AMT*B6*65.81~LQ*HE*N381~CLP*000100023877*1*149*105.45**MC*2019294085525~NM1*QC*1*EHLERS*DESIREE*F***MR*P131523~NM1*82*1*KLAKER*JULIE*M***XX*1215134705~REF*EA*1D251064E53048EA8610C8E226671286~DTM*232*20191017~DTM*233*20191017~SVC*HC:99214:25*134*97.11**1~DTM*472*20191017~CAS*CO*45*36.89~REF*6R*CP4LI4PDN39R~AMT*B6*97.11~LQ*HE*N381~SVC*HC:81025*15*8.34**1~DTM*472*20191017~CAS*CO*45*6.66~REF*6R*CP4LO8HA5C9Y~AMT*B6*8.34~LQ*HE*N381~CLP*000100023955*1*149*105.45**MC*2019298004573~NM1*QC*1*EISLER*KRISTIN*A***MR*P782592~NM1*82*1*KLAKER*JULIE*M***XX*1215134705~REF*EA*CFB77B00F9104F2BAEE3422A122E175E~DTM*232*20191018~DTM*233*20191018~SVC*HC:99214:25*134*97.11**1~DTM*472*20191018~CAS*CO*45*36.89~REF*6R*CP4XL5IFKYGR~AMT*B6*97.11~LQ*HE*N381~SVC*HC:81025*15*8.34**1~DTM*472*20191018~CAS*CO*45*6.66~REF*6R*CP4XOHPIWPK5~AMT*B6*8.34~LQ*HE*N381~CLP*000100023809*1*280*179.75**MC*2019294085572~NM1*QC*1*ELLISON*TRACY****MR*Y263234~NM1*82*1*HOOSHMAND-PARSI*KAYHOSROW****XX*1447291851~REF*EA*31B7ED44642747D18D8734CFD72F5EEF~DTM*232*20191016~DTM*233*20191016~SVC*HC:99214:25*134*97.11**1~DTM*472*20191016~CAS*CO*45*36.89~REF*6R*CP4L7SHBSH2W~AMT*B6*97.11~LQ*HE*N381~SVC*HC:90471*35*19.46**1~DTM*472*20191016~CAS*CO*45*15.54~REF*6R*CP4LSK0A757B~AMT*B6*19.46~LQ*HE*N381~SVC*HC:90674*35*21.74**1~DTM*472*20191016~CAS*CO*45*13.26~REF*6R*CP4LD387GHQ4~AMT*B6*21.74~LQ*HE*N381~SVC*HC:H0049*36*10.92**1~DTM*472*20191016~CAS*CO*45*25.08~REF*6R*CP4LE01AIU12~AMT*B6*10.92~LQ*HE*N381~SVC*HC:G8431*40*30.52**1~DTM*472*20191016~CAS*CO*45*9.48~REF*6R*CP4LEU8MVF7T~AMT*B6*30.52~LQ*HE*N381~CLP*000100023917*1*90*65.81**MC*2019294085594~NM1*QC*1*ESQUIBEL*JASON*K***MR*Y927579~NM1*82*1*HOOSHMAND-PARSI*KAYHOSROW****XX*1447291851~REF*EA*31D5EADEDA0D482A836B0EBA246654B8~DTM*232*20191017~DTM*233*20191017~SVC*HC:99213*90*65.81**1~DTM*472*20191017~CAS*CO*45*24.19~REF*6R*CP4LPKYCTNWZ~AMT*B6*65.81~LQ*HE*N381~CLP*000100023843*1*90*65.81**MC*2019294085557~NM1*QC*1*EWING*ALEX*J***MR*O325830~NM1*82*1*KLAKER*JULIE*M***XX*1215134705~REF*EA*4C5B8FE6D56D4B3797025092382CB0EC~DTM*232*20191017~DTM*233*20191017~SVC*HC:99213*90*65.81**1~DTM*472*20191017~CAS*CO*45*24.19~REF*6R*CP4LXPID8IQ3~AMT*B6*65.81~LQ*HE*N381~CLP*000100023323*1*204*138.31**MC*2019294085523~NM1*QC*1*FETTY*SHIRLEY****MR*L047379~NM1*82*1*HOOSHMAND-PARSI*KAYHOSROW****XX*1447291851~REF*EA*2683D4FA883343A2B66F8D33B8FAAA46~DTM*232*20191007~DTM*233*20191007~SVC*HC:99214:25*134*97.11**1~DTM*472*20191007~CAS*CO*45*36.89~REF*6R*CP4L77EX7MBZ~AMT*B6*97.11~LQ*HE*N381~SVC*HC:90471*35*19.46**1~DTM*472*20191007~CAS*CO*45*15.54~REF*6R*CP4LJM1BSD1C~AMT*B6*19.46~LQ*HE*N381~SVC*HC:90674*35*21.74**1~DTM*472*20191007~CAS*CO*45*13.26~REF*6R*CP4L213SLPNC~AMT*B6*21.74~LQ*HE*N381~CLP*000100023988*1*204*138.31**MC*2019298004772~NM1*QC*1*FIELDS*HEATHER****MR*Y397869~NM1*82*1*GRONEMEYER*LEANNE*R***XX*1659521045~REF*EA*C94AC89D15BF490C82E20187F5D0EDD3~DTM*232*20191021~DTM*233*20191021~SVC*HC:99214:25*134*97.11**1~DTM*472*20191021~CAS*CO*45*36.89~REF*6R*CP4XPIFVI1ZW~AMT*B6*97.11~LQ*HE*N381~SVC*HC:90471*35*19.46**1~DTM*472*20191021~CAS*CO*45*15.54~REF*6R*CP4XAAXMJA25~AMT*B6*19.46~LQ*HE*N381~SVC*HC:90674*35*21.74**1~DTM*472*20191021~CAS*CO*45*13.26~REF*6R*CP4XXKN9CT4V~AMT*B6*21.74~LQ*HE*N381~CLP*000100023770*1*166*87.73**MC*2019294085507~NM1*QC*1*FIORINI*CHRISTENA*E***MR*Y109693~NM1*82*1*CADDALI*ESTRELLA*A***XX*1164974580~REF*EA*F56866FBEDF24F67AEFE2EF6372DDF8A~DTM*232*20191016~DTM*233*20191016~SVC*HC:99213:25*90*65.81**1~DTM*472*20191016~CAS*CO*45*24.19~REF*6R*CP4L7WN3C9WR~AMT*B6*65.81~LQ*HE*N381~SVC*HC:H0049*36*10.92**1~DTM*472*20191016~CAS*CO*45*25.08~REF*6R*CP4LFAK6BFB0~AMT*B6*10.92~LQ*HE*N381~SVC*HC:G8510*40*11**1~DTM*472*20191016~CAS*CO*45*29~REF*6R*CP4L408EDMDD~AMT*B6*11~LQ*HE*N381~CLP*000100023844*1*149*105.45**MC*2019294085512~NM1*QC*1*FIORINI*CHRISTENA*E***MR*Y109693~NM1*82*1*KLAKER*JULIE*M***XX*1215134705~REF*EA*4EB0B26677794BAD86D4A240824CCAA9~DTM*232*20191017~DTM*233*20191017~SVC*HC:99214:25*134*97.11**1~DTM*472*20191017~CAS*CO*45*36.89~REF*6R*CP4LYCOXSB66~AMT*B6*97.11~LQ*HE*N381~SVC*HC:81025*15*8.34**1~DTM*472*20191017~CAS*CO*45*6.66~REF*6R*CP4LGDR33V5H~AMT*B6*8.34~LQ*HE*N381~CLP*000100023902*1*263*177.75**MC*2019294085591~NM1*QC*1*FLORES*JOE*F***MR*P507699~NM1*82*1*CADDALI*ESTRELLA*A***XX*1164974580~REF*EA*76173AB8B98B4A8DA95CFC46853C7526~DTM*232*20191017~DTM*233*20191017~SVC*HC:99396:25*175*114.94**1~DTM*472*20191017~CAS*CO*45*60.06~REF*6R*CP4LPPLNWSHD~AMT*B6*114.94~LQ*HE*N381~SVC*HC:90471*35*19.46**1~DTM*472*20191017~CAS*CO*45*15.54~REF*6R*CP4LTNNAEELQ~AMT*B6*19.46~LQ*HE*N381~SVC*HC:90715*53*43.35**1~DTM*472*20191017~CAS*CO*45*9.65~REF*6R*CP4L7MQ1H958~AMT*B6*43.35~LQ*HE*N381~CLP*000100023660*1*168*114.81**MC*2019298005166~NM1*QC*1*GALLEGOS*SOPHIA****MR*P491206~NM1*82*1*GRONEMEYER*LEANNE*R***XX*1659521045~REF*EA*D628E2F3DE5040289250DDC7A5DE0146~DTM*232*20191014~DTM*233*20191014~SVC*HC:99392:25*148*96.78**1~DTM*472*20191014~CAS*CO*45*51.22~REF*6R*CP4X0ZXG3UL1~AMT*B6*96.78~LQ*HE*N381~SVC*HC:96110*20*18.03**1~DTM*472*20191014~CAS*CO*45*1.97~REF*6R*CP4X5G5NXUY0~AMT*B6*18.03~LQ*HE*N381~CLP*000100023951*1*220*157.93**MC*2019298005057~NM1*QC*1*GARCIA*AMBER****MR*T910667~NM1*82*1*KLAKER*JULIE*M***XX*1215134705~REF*EA*8329F95280F142BDAA70604131E4EC64~DTM*232*20191018~DTM*233*20191018~SVC*HC:99204*205*149.59**1~DTM*472*20191018~CAS*CO*45*55.41~REF*6R*CP4XZZPI6J2T~AMT*B6*149.59~LQ*HE*N381~SVC*HC:81025*15*8.34**1~DTM*472*20191018~CAS*CO*45*6.66~REF*6R*CP4XJHSBYCSF~AMT*B6*8.34~LQ*HE*N381~CLP*000100024013*1*134*97.11**MC*2019298004645~NM1*QC*1*GARCIA*MARIO****MR*D425963~NM1*82*1*LUCAS*PEGGI*S***XX*1366419582~REF*EA*DDC6C7E7CA61404E97CDA6B260802284~DTM*232*20191022~DTM*233*20191022~SVC*HC:99214*134*97.11**1~DTM*472*20191022~CAS*CO*45*36.89~REF*6R*CP4X3Z5RH2ZE~AMT*B6*97.11~LQ*HE*N381~CLP*000100023956*1*90*63.81*2*MC*2019298005114~NM1*QC*1*GIERHART*JAMES*T***MR*G669412~NM1*82*1*KLAKER*JULIE*M***XX*1215134705~REF*EA*BC41E5221FB54244887E609C4E56E509~DTM*232*20191018~DTM*233*20191018~SVC*HC:99213*90*63.81**1~DTM*472*20191018~CAS*PR*3*2~CAS*CO*45*24.19~REF*6R*CP4XIAICKOWH~AMT*B6*65.81~LQ*HE*N381~LQ*HE*N381~CLP*000100023946*1*341*186.96**MC*2019298005210~NM1*QC*1*GOHEEN*DEBRA****MR*I143520~NM1*82*1*KLAKER*JULIE*M***XX*1215134705~REF*EA*72984C27E65545A2A148CC0B056DA905~DTM*232*20191018~DTM*233*20191018~SVC*HC:99204:25*205*149.59**1~DTM*472*20191018~CAS*CO*45*55.41~REF*6R*CP4XL2ZD80BC~AMT*B6*149.59~LQ*HE*N381~SVC*HC:99415*45*7.11**1~DTM*472*20191018~CAS*CO*45*37.89~REF*6R*CP4XGHFHPE7E~AMT*B6*7.11~LQ*HE*N381~SVC*HC:H0049*36*10.92**1~DTM*472*20191018~CAS*CO*45*25.08~REF*6R*CP4XADBEMT1E~AMT*B6*10.92~LQ*HE*N381~SVC*HC:G8510*40*11**1~DTM*472*20191018~CAS*CO*45*29~REF*6R*CP4X4X0RN3KF~AMT*B6*11~LQ*HE*N381~SVC*HC:81025*15*8.34**1~DTM*472*20191018~CAS*CO*45*6.66~REF*6R*CP4XFHZDEUHA~AMT*B6*8.34~LQ*HE*N381~CLP*000100023805*1*149*105.45**MC*2019294085590~NM1*QC*1*GOW*LAYLA****MR*O314223~NM1*82*1*GRONEMEYER*LEANNE*R***XX*1659521045~REF*EA*6D9E6B6A627C47F3BAE6FA344DC6277D~DTM*232*20191016~DTM*233*20191016~SVC*HC:99214:25*134*97.11**1~DTM*472*20191016~CAS*CO*45*36.89~REF*6R*CP4LZ61C5ER4~AMT*B6*97.11~LQ*HE*N381~SVC*HC:81025*15*8.34**1~DTM*472*20191016~CAS*CO*45*6.66~REF*6R*CP4LFHHF942L~AMT*B6*8.34~LQ*HE*N381~CLP*000100023909*1*90*65.81**MC*2019294085531~NM1*QC*1*GRAVES*DILLON*M***MR*Y440957~NM1*82*1*KLAKER*JULIE*M***XX*1215134705~REF*EA*3CF4DB6800AD4FA481812CB01C27A789~DTM*232*20191017~DTM*233*20191017~SVC*HC:99213*90*65.81**1~DTM*472*20191017~CAS*CO*45*24.19~REF*6R*CP4LFIC5WX2V~AMT*B6*65.81~LQ*HE*N381~CLP*000100024022*1*90*63.81*2*MC*2019298004735~NM1*QC*1*GROBE*GREGG*A***MR*P407681~NM1*82*1*CADDALI*ESTRELLA*A***XX*1164974580~REF*EA*ECE8A2D940824AC888AF0CDB0788F779~DTM*232*20191022~DTM*233*20191022~SVC*HC:99213*90*63.81**1~DTM*472*20191022~CAS*PR*3*2~CAS*CO*45*24.19~REF*6R*CP4X0DAIC5GW~AMT*B6*65.81~LQ*HE*N381~LQ*HE*N381~CLP*000100023926*1*134*97.11**MC*2019294085583~NM1*QC*1*HADDAN*SHAWNA****MR*V379838~NM1*82*1*GRONEMEYER*LEANNE*R***XX*1659521045~REF*EA*AB200323D7164F16B044EED3B05E2724~DTM*232*20191017~DTM*233*20191017~SVC*HC:99214*134*97.11**1~DTM*472*20191017~CAS*CO*45*36.89~REF*6R*CP4LJ2A2KP5S~AMT*B6*97.11~LQ*HE*N381~CLP*000100024016*1*2217*1429.45*2*MC*2019298004932~NM1*QC*1*HALING*PATRICK*J***MR*T780060~NM1*82*1*GRONEMEYER*LEANNE*R***XX*1659521045~REF*EA*776A7E7C4C9140CA9FCE9D83510D88C5~DTM*232*20191022~DTM*233*20191022~SVC*HC:99205:25*255*184.33**1~DTM*472*20191022~CAS*PR*3*2~CAS*CO*45*68.67~REF*6R*CP4X4PUCU1NE~AMT*B6*186.33~LQ*HE*N381~LQ*HE*N381~SVC*HC:99415*45*7.11**1~DTM*472*20191022~CAS*CO*45*37.89~REF*6R*CP4XV8RNCW9K~AMT*B6*7.11~LQ*HE*N381~SVC*HC:96372*32*0**0**1~DTM*472*20191022~CAS*CO*109*32~REF*6R*CP4XFJKK3TOI~LQ*HE*N381~SVC*HC:J2315*1805*1193.2**380~DTM*472*20191022~CAS*CO*45*611.8~REF*6R*CP4XPIQG66OU~AMT*B6*1193.2~LQ*HE*N381~SVC*HC:H0049*36*10.92**1~DTM*472*20191022~CAS*CO*45*25.08~REF*6R*CP4XXHN3Z2EK~AMT*B6*10.92~LQ*HE*N381~SVC*HC:G8431*40*30.52**1~DTM*472*20191022~CAS*CO*45*9.48~REF*6R*CP4XKJELMTHV~AMT*B6*30.52~LQ*HE*N381~SVC*HC:81002*4*3.37**1~DTM*472*20191022~CAS*CO*45*.63~REF*6R*CP4XX2B9YRVE~AMT*B6*3.37~LQ*HE*N381~CLP*000100023755*1*165*107.82**MC*2019294085559~NM1*QC*1*HARDING RICHIE*BAYLEE*L***MR*G811219~NM1*74*1*HARDING~NM1*82*1*CADDALI*ESTRELLA*A***XX*1164974580~REF*EA*69D74789F71245A6957002719488D6C5~DTM*232*20191016~DTM*233*20191016~SVC*HC:99395*165*107.82**1~DTM*472*20191016~CAS*CO*45*57.18~REF*6R*CP4LBM025X1D~AMT*B6*107.82~LQ*HE*N381~CLP*000100023766*1*65*55.35**MC*2019294085560~NM1*QC*1*HARDING RICHIE*BAYLEE*L***MR*G811219~NM1*74*1*HARDING~NM1*82*1*LEWIS*HOLLY*G***XX*1295234128~REF*EA*B63882CB7CA94E68831291643976399E~DTM*232*20191016~DTM*233*20191016~SVC*HC:90832*65*55.35**1~DTM*472*20191016~CAS*CO*45*9.65~REF*6R*CP4LTIP7MPCC~AMT*B6*55.35~LQ*HE*N381~CLP*000100023732*1*281*171.51**MC*2019294085543~NM1*QC*1*HARRIS*JANE****MR*G354297~NM1*82*1*LUCAS*PEGGI*S***XX*1366419582~REF*EA*4BBC0434633C4E42BEC3F66DAEDE28A5~DTM*232*20191015~DTM*233*20191015~SVC*HC:99204:25*205*149.59**1~DTM*472*20191015~CAS*CO*45*55.41~REF*6R*CP4L7Q4DXYGP~AMT*B6*149.59~LQ*HE*N381~SVC*HC:H0049*36*10.92**1~DTM*472*20191015~CAS*CO*45*25.08~REF*6R*CP4LHGJERN3D~AMT*B6*10.92~LQ*HE*N381~SVC*HC:G8510*40*11**1~DTM*472*20191015~CAS*CO*45*29~REF*6R*CP4LUBUCO11B~AMT*B6*11~LQ*HE*N381~CLP*000100023889*1*134*97.11**MC*2019294085551~NM1*QC*1*HERRERA*JEREMY****MR*E258249~NM1*82*1*KLAKER*JULIE*M***XX*1215134705~REF*EA*5CAE967E33AC4B0CBADBBAA8335C3BD4~DTM*232*20191017~DTM*233*20191017~SVC*HC:99214*134*97.11**1~DTM*472*20191017~CAS*CO*45*36.89~REF*6R*CP4L8LJQW2G9~AMT*B6*97.11~LQ*HE*N381~CLP*000100023858*1*54*49.18**MC*2019294085527~NM1*QC*1*JACKSON*TIMEKU****MR*M493473~NM1*82*1*CADDALI*ESTRELLA*A***XX*1164974580~REF*EA*D004D5278ECE4FA6B60FD166559886E7~DTM*232*20191017~DTM*233*20191017~SVC*HC:99212:FP*54*49.18**1~DTM*472*20191017~CAS*CO*45*4.82~REF*6R*CP4LMFRXSI9I~AMT*B6*49.18~LQ*HE*N381~CLP*000100023793*1*149*105.45**MC*2019294085593~NM1*QC*1*JARAMILLO*JESSICA****MR*P488884~NM1*82*1*KLAKER*JULIE*M***XX*1215134705~REF*EA*7777C163F20346A29D554D8A8582D2C7~DTM*232*20191016~DTM*233*20191016~SVC*HC:99214:25*134*97.11**1~DTM*472*20191016~CAS*CO*45*36.89~REF*6R*CP4L3V2ABAQI~AMT*B6*97.11~LQ*HE*N381~SVC*HC:81025*15*8.34**1~DTM*472*20191016~CAS*CO*45*6.66~REF*6R*CP4L22SQENSQ~AMT*B6*8.34~LQ*HE*N381~CLP*000100023901*1*134*97.11**MC*2019294085575~NM1*QC*1*JOHNSON*NORA****MR*J694925~NM1*82*1*GRONEMEYER*LEANNE*R***XX*1659521045~REF*EA*CC86E8CFA14E40B2942F3EA867E106A2~DTM*232*20191017~DTM*233*20191017~SVC*HC:99214*134*97.11**1~DTM*472*20191017~CAS*CO*45*36.89~REF*6R*CP4LCNUR6HSK~AMT*B6*97.11~LQ*HE*N381~CLP*000100023925*1*160*105.01*2*MC*2019294085533~NM1*QC*1*LAFOLLETTE*REBECCA*L***MR*P495941~NM1*82*1*GRONEMEYER*LEANNE*R***XX*1659521045~REF*EA*5D5D266ECC2C48E79C529E4C56B0B908~DTM*232*20191017~DTM*233*20191017~SVC*HC:99213:25*90*63.81**1~DTM*472*20191017~CAS*PR*3*2~CAS*CO*45*24.19~REF*6R*CP4LHZ3QJYXU~AMT*B6*65.81~LQ*HE*N381~LQ*HE*N381~SVC*HC:90471*35*19.46**1~DTM*472*20191017~CAS*CO*45*15.54~REF*6R*CP4L2XWZV6FB~AMT*B6*19.46~LQ*HE*N381~SVC*HC:90674*35*21.74**1~DTM*472*20191017~CAS*CO*45*13.26~REF*6R*CP4LGSQEG5YF~AMT*B6*21.74~LQ*HE*N381~CLP*000100023686*1*221*119.35**MC*2019294085567~NM1*QC*1*LAWSON*RICK****MR*T044087~NM1*82*1*SEARLES*DENISE*A***XX*1396971230~REF*EA*6CF8820C5D354EEEADCF1107E3226513~DTM*232*20191015~DTM*233*20191015~SVC*HC:99203:25*145*97.43**1~DTM*472*20191015~CAS*CO*45*47.57~REF*6R*CP4LGQT8LR6C~AMT*B6*97.43~LQ*HE*N381~SVC*HC:H0049*36*10.92**1~DTM*472*20191015~CAS*CO*45*25.08~REF*6R*CP4L5ZSOMBQ3~AMT*B6*10.92~LQ*HE*N381~SVC*HC:G8510*40*11**1~DTM*472*20191015~CAS*CO*45*29~REF*6R*CP4LR1NPAM0C~AMT*B6*11~LQ*HE*N381~CLP*000100023835*1*204*136.31*2*MC*2019294085538~NM1*QC*1*LERMA*VERONICA****MR*P119230~NM1*82*1*HOOSHMAND-PARSI*KAYHOSROW****XX*1447291851~REF*EA*57903EE289BA46348F1BC5B70AC98FC6~DTM*232*20191016~DTM*233*20191016~SVC*HC:99214:25*134*95.11**1~DTM*472*20191016~CAS*PR*3*2~CAS*CO*45*36.89~REF*6R*CP4LVU1C5KSG~AMT*B6*97.11~LQ*HE*N381~LQ*HE*N381~SVC*HC:90471*35*19.46**1~DTM*472*20191016~CAS*CO*45*15.54~REF*6R*CP4LCT1ZWFDN~AMT*B6*19.46~LQ*HE*N381~SVC*HC:90674*35*21.74**1~DTM*472*20191016~CAS*CO*45*13.26~REF*6R*CP4LCPD7RUBI~AMT*B6*21.74~LQ*HE*N381~CLP*000100023800*1*291*180.07**MC*2019294085542~NM1*QC*1*LEWIS*CYNTHIA****MR*P250034~NM1*82*1*HOOSHMAND-PARSI*KAYHOSROW****XX*1447291851~REF*EA*2ED3EA85AEEA445AAAC3724568802B83~DTM*232*20191016~DTM*233*20191016~SVC*HC:99203:25*145*97.43**1~DTM*472*20191016~CAS*CO*45*47.57~REF*6R*CP4LHPX7JXQY~AMT*B6*97.43~LQ*HE*N381~SVC*HC:H0049*36*10.92**1~DTM*472*20191016~CAS*CO*45*25.08~REF*6R*CP4L9VRGNU93~AMT*B6*10.92~LQ*HE*N381~SVC*HC:G8431*40*30.52**1~DTM*472*20191016~CAS*CO*45*9.48~REF*6R*CP4L6U8LPCWR~AMT*B6*30.52~LQ*HE*N381~SVC*HC:90471*35*19.46**1~DTM*472*20191016~CAS*CO*45*15.54~REF*6R*CP4LXI1EG1K7~AMT*B6*19.46~LQ*HE*N381~SVC*HC:90674*35*21.74**1~DTM*472*20191016~CAS*CO*45*13.26~REF*6R*CP4L5353E3X7~AMT*B6*21.74~LQ*HE*N381~CLP*000100023962*1*90*65.81**MC*2019298005008~NM1*QC*1*LOBATO*DAVINA****MR*H882144~NM1*82*1*CADDALI*ESTRELLA*A***XX*1164974580~REF*EA*A9395696DC774DA28EEA005883D1A132~DTM*232*20191018~DTM*233*20191018~SVC*HC:99213*90*65.81**1~DTM*472*20191018~CAS*CO*45*24.19~REF*6R*CP4X3HZKG7K1~AMT*B6*65.81~LQ*HE*N381~CLP*000100023940*1*160*107.01**MC*2019298005172~NM1*QC*1*LONG*AARON****MR*G254559~NM1*82*1*SEARLES*DENISE*A***XX*1396971230~REF*EA*28B31D8B33164FEF8866C4D08FA4F86A~DTM*232*20191018~DTM*233*20191018~SVC*HC:99213:25*90*65.81**1~DTM*472*20191018~CAS*CO*45*24.19~REF*6R*CP4X5GI1N2CC~AMT*B6*65.81~LQ*HE*N381~SVC*HC:90471*35*19.46**1~DTM*472*20191018~CAS*CO*45*15.54~REF*6R*CP4X4DNC7UEF~AMT*B6*19.46~LQ*HE*N381~SVC*HC:90674*35*21.74**1~DTM*472*20191018~CAS*CO*45*13.26~REF*6R*CP4XDJ0UIJEQ~AMT*B6*21.74~LQ*HE*N381~CLP*000100023849*1*160*107.01**MC*2019294085574~NM1*QC*1*LOPEZ*ALEX*A***MR*Y991632~NM1*82*1*CADDALI*ESTRELLA*A***XX*1164974580~REF*EA*30A12BD184954578864DD39E61467BBA~DTM*232*20191017~DTM*233*20191017~SVC*HC:99213:25*90*65.81**1~DTM*472*20191017~CAS*CO*45*24.19~REF*6R*CP4LT25L6BBV~AMT*B6*65.81~LQ*HE*N381~SVC*HC:90471*35*19.46**1~DTM*472*20191017~CAS*CO*45*15.54~REF*6R*CP4LXEWBWB9X~AMT*B6*19.46~LQ*HE*N381~SVC*HC:90674*35*21.74**1~DTM*472*20191017~CAS*CO*45*13.26~REF*6R*CP4LCS6JFZXF~AMT*B6*21.74~LQ*HE*N381~CLP*000100023931*1*1927*1259.01**MC*2019298005019~NM1*QC*1*MAES*ERNEST*R***MR*K993029~NM1*82*1*SEARLES*DENISE*A***XX*1396971230~REF*EA*86CDEDB01A8149288C27B5AA0AF5883D~DTM*232*20191018~DTM*233*20191018~SVC*HC:99213:25*90*65.81**1~DTM*472*20191018~CAS*CO*45*24.19~REF*6R*CP4X99SWEW91~AMT*B6*65.81~LQ*HE*N381~SVC*HC:96372*32*0**0**1~DTM*472*20191018~CAS*CO*109*32~REF*6R*CP4XVYWGRCVO~LQ*HE*N381~SVC*HC:J2315*1805*1193.2**380~DTM*472*20191018~CAS*CO*45*611.8~REF*6R*CP4XSDTHCVNC~AMT*B6*1193.2~LQ*HE*N381~CLP*000100023771*1*90*65.81**MC*2019294085565~NM1*QC*1*MAES*ODEAN****MR*J060945~NM1*82*1*CADDALI*ESTRELLA*A***XX*1164974580~REF*EA*389C405A5443479AB07D9B2022E71C42~DTM*232*20191016~DTM*233*20191016~SVC*HC:99213*90*65.81**1~DTM*472*20191016~CAS*CO*45*24.19~REF*6R*CP4LW6A1NJ08~AMT*B6*65.81~LQ*HE*N381~CLP*000100023882*1*1899*1262.38**MC*2019294085586~NM1*QC*1*MAEZ*DANIEL*E***MR*B173664~NM1*82*1*SEARLES*DENISE*A***XX*1396971230~REF*EA*6CA3D74BBFBA4889A453E2315EACB75A~DTM*232*20191017~DTM*233*20191017~SVC*HC:99213:25*90*65.81**1~DTM*472*20191017~CAS*CO*45*24.19~REF*6R*CP4LE65Y8C0Z~AMT*B6*65.81~LQ*HE*N381~SVC*HC:J2315*1805*1193.2**380~DTM*472*20191017~CAS*CO*45*611.8~REF*6R*CP4L3EZLKQ2F~AMT*B6*1193.2~LQ*HE*N381~SVC*HC:81002*4*3.37**1~DTM*472*20191017~CAS*CO*45*.63~REF*6R*CP4LA12E125M~AMT*B6*3.37~LQ*HE*N381~CLP*000100023786*1*134*95.11*2*MC*2019294085589~NM1*QC*1*MAGANA*CARLA*R***MR*M671813~NM1*82*1*KLAKER*JULIE*M***XX*1215134705~REF*EA*DDA27E24CD5843E59D6A1ED3AF136758~DTM*232*20191016~DTM*233*20191016~SVC*HC:99214*134*95.11**1~DTM*472*20191016~CAS*PR*3*2~CAS*CO*45*36.89~REF*6R*CP4LDSHDWM6Z~AMT*B6*97.11~LQ*HE*N381~LQ*HE*N381~CLP*000100023797*1*331*208.25**MC*2019298005201~NM1*QC*1*MALLETTE*ANTHONY****MR*G065099~NM1*82*1*LUCAS*PEGGI*S***XX*1366419582~REF*EA*B628B15C27D94CEA85B5516AC100B2A6~DTM*232*20191016~DTM*233*20191016~SVC*HC:99205:25*255*186.33**1~DTM*472*20191016~CAS*CO*45*68.67~REF*6R*CP4X7WJBX2JU~AMT*B6*186.33~LQ*HE*N381~SVC*HC:H0049*36*10.92**1~DTM*472*20191016~CAS*CO*45*25.08~REF*6R*CP4XNKDOXRT8~AMT*B6*10.92~LQ*HE*N381~SVC*HC:G8510*40*11**1~DTM*472*20191016~CAS*CO*45*29~REF*6R*CP4XIAJWT67A~AMT*B6*11~LQ*HE*N381~CLP*000100023794*1*90*65.81**MC*2019294085584~NM1*QC*1*MARTINEZ*DEBRA*A***MR*D395711~NM1*82*1*GRONEMEYER*LEANNE*R***XX*1659521045~REF*EA*4DE782F1A25644B89592629C56BC031B~DTM*232*20191016~DTM*233*20191016~SVC*HC:99213*90*65.81**1~DTM*472*20191016~CAS*CO*45*24.19~REF*6R*CP4LSNSZZ5DS~AMT*B6*65.81~LQ*HE*N381~CLP*000100023659*1*134*97.11**MC*2019294085600~NM1*QC*1*MARTINEZ*PEGGY*Y***MR*Y894999~NM1*82*1*GRONEMEYER*LEANNE*R***XX*1659521045~REF*EA*18B99ED849EB413CBFDDB2D14A6DF2F1~DTM*232*20191014~DTM*233*20191014~SVC*HC:99214*134*97.11**1~DTM*472*20191014~CAS*CO*45*36.89~REF*6R*CP4LA5G5JFXR~AMT*B6*97.11~LQ*HE*N381~CLP*000100023936*1*134*97.11**MC*2019298005148~NM1*QC*1*MAURO*RONDA*L***MR*U480140~NM1*82*1*KLAKER*JULIE*M***XX*1215134705~REF*EA*A70C3EC8748148FFAC34A11653584E5E~DTM*232*20191018~DTM*233*20191018~SVC*HC:99214*134*97.11**1~DTM*472*20191018~CAS*CO*45*36.89~REF*6R*CP4XD8O5M2CQ~AMT*B6*97.11~LQ*HE*N381~CLP*000100023822*1*134*97.11**MC*2019294085601~NM1*QC*1*MEDINA*TAMMY*A***MR*F616296~NM1*82*1*GRONEMEYER*LEANNE*R***XX*1659521045~REF*EA*0C23DDDC0CA5443C9914AF35F6EF3146~DTM*232*20191016~DTM*233*20191016~SVC*HC:99214*134*97.11**1~DTM*472*20191016~CAS*CO*45*36.89~REF*6R*CP4LHAMFCUL3~AMT*B6*97.11~LQ*HE*N381~CLP*000100023622*1*90*65.81**MC*2019294085535~NM1*QC*1*METTS*MALCOLM*X***MR*P609645~NM1*82*1*GRONEMEYER*LEANNE*R***XX*1659521045~REF*EA*3A9ED2665E1746CAAB7458ADD7CCD50F~DTM*232*20191014~DTM*233*20191014~SVC*HC:99213*90*65.81**1~DTM*472*20191014~CAS*CO*45*24.19~REF*6R*CP4LSHNVVU9T~AMT*B6*65.81~LQ*HE*N381~CLP*000100023778*1*105*74.15**MC*2019294085564~NM1*QC*1*MONSON*SAVANNAH*R***MR*U391305~NM1*82*1*GRONEMEYER*LEANNE*R***XX*1659521045~REF*EA*0FCC7BF7122246E6A0C9A57994FBEB24~DTM*232*20191016~DTM*233*20191016~SVC*HC:99213:25*90*65.81**1~DTM*472*20191016~CAS*CO*45*24.19~REF*6R*CP4LJ4EQ0EI1~AMT*B6*65.81~LQ*HE*N381~SVC*HC:81025*15*8.34**1~DTM*472*20191016~CAS*CO*45*6.66~REF*6R*CP4LKZZC84FH~AMT*B6*8.34~LQ*HE*N381~CLP*000100023358*1*204*138.31**MC*2019294085596~NM1*QC*1*MONTEZ*HELEN****MR*I186131~NM1*82*1*HOOSHMAND-PARSI*KAYHOSROW****XX*1447291851~REF*EA*02FC8D114F064B97B72B088E66A55CE4~DTM*232*20191008~DTM*233*20191008~SVC*HC:99214:25*134*97.11**1~DTM*472*20191008~CAS*CO*45*36.89~REF*6R*CP4LZK51MDER~AMT*B6*97.11~LQ*HE*N381~SVC*HC:90471*35*19.46**1~DTM*472*20191008~CAS*CO*45*15.54~REF*6R*CP4LCDQM4QVX~AMT*B6*19.46~LQ*HE*N381~SVC*HC:90674*35*21.74**1~DTM*472*20191008~CAS*CO*45*13.26~REF*6R*CP4LB7R05HM4~AMT*B6*21.74~LQ*HE*N381~CLP*000100023727*1*105*74.15**MC*2019294085571~NM1*QC*1*MONTEZ*JASMINE*R***MR*Y365117~NM1*82*1*HOOSHMAND-PARSI*KAYHOSROW****XX*1447291851~REF*EA*7BB0D9CBEB1F4E638C2418904D08E50E~DTM*232*20191015~DTM*233*20191015~SVC*HC:99213:25*90*65.81**1~DTM*472*20191015~CAS*CO*45*24.19~REF*6R*CP4LD7GQC7D8~AMT*B6*65.81~LQ*HE*N381~SVC*HC:81025*15*8.34**1~DTM*472*20191015~CAS*CO*45*6.66~REF*6R*CP4LNWPABHAF~AMT*B6*8.34~LQ*HE*N381~CLP*000100023996*1*149*105.45**MC*2019298004821~NM1*QC*1*MONTOYA*GERALDINE****MR*F588453~NM1*82*1*LUCAS*PEGGI*S***XX*1366419582~REF*EA*126969427BC34842A79733D570BFE828~DTM*232*20191021~DTM*233*20191021~SVC*HC:99214:25*134*97.11**1~DTM*472*20191021~CAS*CO*45*36.89~REF*6R*CP4X2YVDAQ9Q~AMT*B6*97.11~LQ*HE*N381~SVC*HC:81025*15*8.34**1~DTM*472*20191021~CAS*CO*45*6.66~REF*6R*CP4X2BTIBTO9~AMT*B6*8.34~LQ*HE*N381~CLP*000100023846*1*149*105.45**MC*2019294085534~NM1*QC*1*MOORE*LISSA*M***MR*L243184~NM1*82*1*SEARLES*DENISE*A***XX*1396971230~REF*EA*F7E1A3C0B5234D60B80E90638E5372C7~DTM*232*20191017~DTM*233*20191017~SVC*HC:99214:25*134*97.11**1~DTM*472*20191017~CAS*CO*45*36.89~REF*6R*CP4LCL1NY764~AMT*B6*97.11~LQ*HE*N381~SVC*HC:81025*15*8.34**1~DTM*472*20191017~CAS*CO*45*6.66~REF*6R*CP4LPFBRS8PY~AMT*B6*8.34~LQ*HE*N381~CLP*000100023823*1*204*138.31**MC*2019298005130~NM1*QC*1*MORRIS*LETITIA*A***MR*P370330~NM1*82*1*GRONEMEYER*LEANNE*R***XX*1659521045~REF*EA*5816D0BA36014A1EBEBA549243F43CBE~DTM*232*20191016~DTM*233*20191016~SVC*HC:99214:25*134*97.11**1~DTM*472*20191016~CAS*CO*45*36.89~REF*6R*CP4XXB2RZMY6~AMT*B6*97.11~LQ*HE*N381~SVC*HC:90471*35*19.46**1~DTM*472*20191016~CAS*CO*45*15.54~REF*6R*CP4XZCNA1FZN~AMT*B6*19.46~LQ*HE*N381~SVC*HC:90674*35*21.74**1~DTM*472*20191016~CAS*CO*45*13.26~REF*6R*CP4XTJCKNOUG~AMT*B6*21.74~LQ*HE*N381~CLP*000100023908*1*204*138.31**MC*2019294085570~NM1*QC*1*NELSON*WILLIAM*L***MR*C654639~NM1*82*1*GRONEMEYER*LEANNE*R***XX*1659521045~REF*EA*4BD96B1D24884513AF9FD219F422C0A9~DTM*232*20191017~DTM*233*20191017~SVC*HC:99214:25*134*97.11**1~DTM*472*20191017~CAS*CO*45*36.89~REF*6R*CP4LWXRMKT2D~AMT*B6*97.11~LQ*HE*N381~SVC*HC:90471*35*19.46**1~DTM*472*20191017~CAS*CO*45*15.54~REF*6R*CP4LG9HMA2UY~AMT*B6*19.46~LQ*HE*N381~SVC*HC:90674*35*21.74**1~DTM*472*20191017~CAS*CO*45*13.26~REF*6R*CP4LAC58LAVF~AMT*B6*21.74~LQ*HE*N381~CLP*000100023774*1*90*65.81**MC*2019294085528~NM1*QC*1*NORTON*TIMOTHY*L***MR*O938357~NM1*82*1*GRONEMEYER*LEANNE*R***XX*1659521045~REF*EA*982C24FD18E9434E88D8BA322E25D31D~DTM*232*20191016~DTM*233*20191016~SVC*HC:99213*90*65.81**1~DTM*472*20191016~CAS*CO*45*24.19~REF*6R*CP4LML1QVCER~AMT*B6*65.81~LQ*HE*N381~CLP*000100023995*1*204*138.31**MC*2019298005185~NM1*QC*1*QUASTHOFF*ELIZABETH*A***MR*P470059~NM1*82*1*GRONEMEYER*LEANNE*R***XX*1659521045~REF*EA*534117F75E2947ACB00F5493C7255142~DTM*232*20191021~DTM*233*20191021~SVC*HC:99214:25*134*97.11**1~DTM*472*20191021~CAS*CO*45*36.89~REF*6R*CP4X5RN6NP6I~AMT*B6*97.11~LQ*HE*N381~SVC*HC:90471*35*19.46**1~DTM*472*20191021~CAS*CO*45*15.54~REF*6R*CP4XI5RM2YEE~AMT*B6*19.46~LQ*HE*N381~SVC*HC:90674*35*21.74**1~DTM*472*20191021~CAS*CO*45*13.26~REF*6R*CP4XKL6B43BP~AMT*B6*21.74~LQ*HE*N381~CLP*000100023850*1*90*63.81*2*MC*2019294085597~NM1*QC*1*QUINTANA*KELLI*M***MR*P696536~NM1*82*1*CADDALI*ESTRELLA*A***XX*1164974580~REF*EA*A5C349EB860E463D9B38DD28A3FF751C~DTM*232*20191017~DTM*233*20191017~SVC*HC:99213*90*63.81**1~DTM*472*20191017~CAS*PR*3*2~CAS*CO*45*24.19~REF*6R*CP4LKGHPZS9M~AMT*B6*65.81~LQ*HE*N381~LQ*HE*N381~CLP*000100023841*1*105*72.15*2*MC*2019294085515~NM1*QC*1*ROBIN*RONDI*L***MR*L564167~NM1*82*1*GRONEMEYER*LEANNE*R***XX*1659521045~REF*EA*5364CBE8E26345FABE94283D26DCAE2F~DTM*232*20191017~DTM*233*20191017~SVC*HC:99213:25*90*63.81**1~DTM*472*20191017~CAS*PR*3*2~CAS*CO*45*24.19~REF*6R*CP4LJRDCBFP1~AMT*B6*65.81~LQ*HE*N381~LQ*HE*N381~SVC*HC:81025*15*8.34**1~DTM*472*20191017~CAS*CO*45*6.66~REF*6R*CP4LY3WOQH7K~AMT*B6*8.34~LQ*HE*N381~CLP*000100023924*1*54*39.39**MC*2019294085536~NM1*QC*1*ROBINSON*CHRISTINA****MR*O374388~NM1*82*1*SEARLES*DENISE*A***XX*1396971230~REF*EA*0943CFEA9DDB4675B4C89301B5EF1163~DTM*232*20191017~DTM*233*20191017~SVC*HC:99212*54*39.39**1~DTM*472*20191017~CAS*CO*45*14.61~REF*6R*CP4L6ALJHN90~AMT*B6*39.39~LQ*HE*N381~CLP*000100023895*1*134*97.11**MC*2019294085552~NM1*QC*1*SALAZAR*FELICIA*H***MR*G554326~NM1*82*1*KLAKER*JULIE*M***XX*1215134705~REF*EA*C240400682514CFF8B75CFA9F85F3435~DTM*232*20191017~DTM*233*20191017~SVC*HC:99214*134*97.11**1~DTM*472*20191017~CAS*CO*45*36.89~REF*6R*CP4LP2JAGUFM~AMT*B6*97.11~LQ*HE*N381~CLP*000100023788*1*149*105.45**MC*2019294085553~NM1*QC*1*SALAZAR*FELICIA*H***MR*G554326~NM1*82*1*KLAKER*JULIE*M***XX*1215134705~REF*EA*4B631E17041F446DABF7787C480F72A6~DTM*232*20191016~DTM*233*20191016~SVC*HC:99214:25*134*97.11**1~DTM*472*20191016~CAS*CO*45*36.89~REF*6R*CP4LTFN3VMB6~AMT*B6*97.11~LQ*HE*N381~SVC*HC:81025*15*8.34**1~DTM*472*20191016~CAS*CO*45*6.66~REF*6R*CP4L1W1RH2BH~AMT*B6*8.34~LQ*HE*N381~CLP*000100023880*1*235*149.02**MC*2019294085556~NM1*QC*1*SANCHEZ*MARIO****MR*L108247~NM1*82*1*HOOSHMAND-PARSI*KAYHOSROW****XX*1447291851~REF*EA*653A96E09624468F8F903566A2F597E3~DTM*232*20191017~DTM*233*20191017~SVC*HC:99395:25*165*107.82**1~DTM*472*20191017~CAS*CO*45*57.18~REF*6R*CP4LRSZGDZ5O~AMT*B6*107.82~LQ*HE*N381~SVC*HC:90471*35*19.46**1~DTM*472*20191017~CAS*CO*45*15.54~REF*6R*CP4LKALVCOOR~AMT*B6*19.46~LQ*HE*N381~SVC*HC:90674*35*21.74**1~DTM*472*20191017~CAS*CO*45*13.26~REF*6R*CP4LI96Q3ZTH~AMT*B6*21.74~LQ*HE*N381~CLP*000100023907*1*90*65.81**MC*2019294085547~NM1*QC*1*SANDOVAL*THERESA*M***MR*D398624~NM1*82*1*GRONEMEYER*LEANNE*R***XX*1659521045~REF*EA*43B9EBE1C6BA4A95826D2B0F795B9032~DTM*232*20191017~DTM*233*20191017~SVC*HC:99213*90*65.81**1~DTM*472*20191017~CAS*CO*45*24.19~REF*6R*CP4LJTFRVD91~AMT*B6*65.81~LQ*HE*N381~CLP*000100024001*1*90*65.81**MC*2019298004863~NM1*QC*1*SANDOVAL*THERESA*M***MR*D398624~NM1*82*1*GRONEMEYER*LEANNE*R***XX*1659521045~REF*EA*631BD0E18C584738AB6CEDDA950B937D~DTM*232*20191021~DTM*233*20191021~SVC*HC:99213*90*65.81**1~DTM*472*20191021~CAS*CO*45*24.19~REF*6R*CP4XE0EB1HDI~AMT*B6*65.81~LQ*HE*N381~CLP*000100023803*1*90*63.81*2*MC*2019294085563~NM1*QC*1*SMITH*KAMRYN****MR*Y284802~NM1*82*1*CADDALI*ESTRELLA*A***XX*1164974580~REF*EA*7DABBAC2B75A49A8874DBD1165FE11A3~DTM*232*20191016~DTM*233*20191016~SVC*HC:99213*90*63.81**1~DTM*472*20191016~CAS*PR*3*2~CAS*CO*45*24.19~REF*6R*CP4LUF9WEVP3~AMT*B6*65.81~LQ*HE*N381~LQ*HE*N381~CLP*000100023943*1*90*65.81**MC*2019294085566~NM1*QC*1*SMITH*NICOLETTE****MR*J544310~NM1*82*1*SEARLES*DENISE*A***XX*1396971230~REF*EA*B85D515CAA5F453EA0AA74610CB0BC8D~DTM*232*20191018~DTM*233*20191018~SVC*HC:99213*90*65.81**1~DTM*472*20191018~CAS*CO*45*24.19~REF*6R*CP4LUWDPWW2R~AMT*B6*65.81~LQ*HE*N381~CLP*000100023923*1*134*95.11*2*MC*2019294085561~NM1*QC*1*SMITH*ROBIN****MR*P136864~NM1*82*1*GRONEMEYER*LEANNE*R***XX*1659521045~REF*EA*604DE44E482D47659C2EBE174C0C4872~DTM*232*20191017~DTM*233*20191017~SVC*HC:99214*134*95.11**1~DTM*472*20191017~CAS*PR*3*2~CAS*CO*45*36.89~REF*6R*CP4L0WS1O9QW~AMT*B6*97.11~LQ*HE*N381~LQ*HE*N381~CLP*000100023999*1*90*65.81**MC*2019298004839~NM1*QC*1*SNEAD*EIRRACE*A***MR*Y161982~NM1*82*1*GRONEMEYER*LEANNE*R***XX*1659521045~REF*EA*5A6C707BDA1449A2BA22CCE98A10F838~DTM*232*20191021~DTM*233*20191021~SVC*HC:99213*90*65.81**1~DTM*472*20191021~CAS*CO*45*24.19~REF*6R*CP4X52TOFWJG~AMT*B6*65.81~LQ*HE*N381~CLP*000100023913*1*134*97.11**MC*2019294085598~NM1*QC*1*SPINUZZI*TRINA****MR*K013869~NM1*82*1*GRONEMEYER*LEANNE*R***XX*1659521045~REF*EA*E7A7DFAE229148758AF3FC0621619F6A~DTM*232*20191017~DTM*233*20191017~SVC*HC:99214*134*97.11**1~DTM*472*20191017~CAS*CO*45*36.89~REF*6R*CP4LHBNKC0TF~AMT*B6*97.11~LQ*HE*N381~CLP*000100024000*1*204*136.31*2*MC*2019298004746~NM1*QC*1*STEVENSON*NAUTHIA****MR*U395793~NM1*82*1*GRONEMEYER*LEANNE*R***XX*1659521045~REF*EA*9D9E24E5FFB3401E81EB0B4EB73D9ACB~DTM*232*20191021~DTM*233*20191021~SVC*HC:99214:25*134*95.11**1~DTM*472*20191021~CAS*PR*3*2~CAS*CO*45*36.89~REF*6R*CP4XRFTSEDTY~AMT*B6*97.11~LQ*HE*N381~LQ*HE*N381~SVC*HC:90471*35*19.46**1~DTM*472*20191021~CAS*CO*45*15.54~REF*6R*CP4XRHWCNC91~AMT*B6*19.46~LQ*HE*N381~SVC*HC:90674*35*21.74**1~DTM*472*20191021~CAS*CO*45*13.26~REF*6R*CP4X6WXMVZDV~AMT*B6*21.74~LQ*HE*N381~CLP*000100023870*1*204*138.31**MC*2019298005081~NM1*QC*1*STRAIT*LORRAINE****MR*Y360507~NM1*82*1*GRONEMEYER*LEANNE*R***XX*1659521045~REF*EA*E8875BCACD4A45AA835C845B1F9472B2~DTM*232*20191017~DTM*233*20191017~SVC*HC:99214:25*134*97.11**1~DTM*472*20191017~CAS*CO*45*36.89~REF*6R*CP4X36CVMG0X~AMT*B6*97.11~LQ*HE*N381~SVC*HC:90471*35*19.46**1~DTM*472*20191017~CAS*CO*45*15.54~REF*6R*CP4XQ83RPXNG~AMT*B6*19.46~LQ*HE*N381~SVC*HC:90674*35*21.74**1~DTM*472*20191017~CAS*CO*45*13.26~REF*6R*CP4XSLKCK7BY~AMT*B6*21.74~LQ*HE*N381~CLP*000100024003*1*204*136.31*2*MC*2019298005075~NM1*QC*1*THOMS*AUTUM*L***MR*G034587~NM1*82*1*LUCAS*PEGGI*S***XX*1366419582~REF*EA*E48028847FCC4D52B7FE665B767C8A2D~DTM*232*20191021~DTM*233*20191021~SVC*HC:99214:25*134*95.11**1~DTM*472*20191021~CAS*PR*3*2~CAS*CO*45*36.89~REF*6R*CP4XRNO2FVSK~AMT*B6*97.11~LQ*HE*N381~LQ*HE*N381~SVC*HC:90471*35*19.46**1~DTM*472*20191021~CAS*CO*45*15.54~REF*6R*CP4XRWOJTLKZ~AMT*B6*19.46~LQ*HE*N381~SVC*HC:90674*35*21.74**1~DTM*472*20191021~CAS*CO*45*13.26~REF*6R*CP4X9Z2OIEYE~AMT*B6*21.74~LQ*HE*N381~CLP*000100023883*1*90*65.81**MC*2019294085588~NM1*QC*1*TOMLINSON*SEAN*B***MR*O382609~NM1*82*1*SEARLES*DENISE*A***XX*1396971230~REF*EA*768C5FBD2BB14F1495CD871D42B810DF~DTM*232*20191017~DTM*233*20191017~SVC*HC:99213*90*65.81**1~DTM*472*20191017~CAS*CO*45*24.19~REF*6R*CP4L58082VMY~AMT*B6*65.81~LQ*HE*N381~CLP*000100023798*1*281*160.59**MC*2019294085522~NM1*QC*1*TRUJILLO*ROSS****MR*J012615~NM1*82*1*SEARLES*DENISE*A***XX*1396971230~REF*EA*4A461D63F2EE4B10A51E0D0AB1C7E41A~DTM*232*20191016~DTM*233*20191016~SVC*HC:99204*205*149.59**1~DTM*472*20191016~CAS*CO*45*55.41~REF*6R*CP4LHXHUWODY~AMT*B6*149.59~LQ*HE*N381~SVC*HC:H0049*36*0**0**1~DTM*472*20191016~CAS*PI*97*36~REF*6R*CP4L4K6QN1X9~LQ*HE*N20~LQ*HE*N381~SVC*HC:G8510*40*11**1~DTM*472*20191016~CAS*CO*45*29~REF*6R*CP4LI07JXFFJ~AMT*B6*11~LQ*HE*N381~CLP*000100023833*1*160*107.01**MC*2019294085585~NM1*QC*1*TYLER*NATHAN*R***MR*W909005~NM1*82*1*HOOSHMAND-PARSI*KAYHOSROW****XX*1447291851~REF*EA*F0D7071344B84DFC981451BD513C267E~DTM*232*20191016~DTM*233*20191016~SVC*HC:99213:25*90*65.81**1~DTM*472*20191016~CAS*CO*45*24.19~REF*6R*CP4LP983YS7B~AMT*B6*65.81~LQ*HE*N381~SVC*HC:90471*35*19.46**1~DTM*472*20191016~CAS*CO*45*15.54~REF*6R*CP4LC1L1L079~AMT*B6*19.46~LQ*HE*N381~SVC*HC:90674*35*21.74**1~DTM*472*20191016~CAS*CO*45*13.26~REF*6R*CP4L5MZREGRW~AMT*B6*21.74~LQ*HE*N381~CLP*000100023741*1*160*107.01**MC*2019294085541~NM1*QC*1*VALLEJOS*RANDY*L***MR*Y264890~NM1*82*1*HOOSHMAND-PARSI*KAYHOSROW****XX*1447291851~REF*EA*2D8995237B2A4C9F816D46915B3D2466~DTM*232*20191015~DTM*233*20191015~SVC*HC:99213:25*90*65.81**1~DTM*472*20191015~CAS*CO*45*24.19~REF*6R*CP4LT3DS34VZ~AMT*B6*65.81~LQ*HE*N381~SVC*HC:90471*35*19.46**1~DTM*472*20191015~CAS*CO*45*15.54~REF*6R*CP4L4O242VWV~AMT*B6*19.46~LQ*HE*N381~SVC*HC:90674*35*21.74**1~DTM*472*20191015~CAS*CO*45*13.26~REF*6R*CP4LVA6Q23WQ~AMT*B6*21.74~LQ*HE*N381~CLP*000100023952*1*149*105.45**MC*2019298004616~NM1*QC*1*VARGAS*ERIKA*A***MR*L114609~NM1*82*1*KLAKER*JULIE*M***XX*1215134705~REF*EA*7FE351E341474EFCBECEA1C57CF92EFE~DTM*232*20191018~DTM*233*20191018~SVC*HC:99214:25*134*97.11**1~DTM*472*20191018~CAS*CO*45*36.89~REF*6R*CP4X7ZB1VCFI~AMT*B6*97.11~LQ*HE*N381~SVC*HC:81025*15*8.34**1~DTM*472*20191018~CAS*CO*45*6.66~REF*6R*CP4X4AS32VUC~AMT*B6*8.34~LQ*HE*N381~CLP*000100023762*1*2135*1373.19*2*MC*2019294085546~NM1*QC*1*URIE*NATHAN*J***MR*K375615~NM1*74*1*VASQUEZ~NM1*82*1*GRONEMEYER*LEANNE*R***XX*1659521045~REF*EA*45E532CC2A4F4C9CAA7E25127489C566~DTM*232*20191016~DTM*233*20191016~SVC*HC:99204:25*205*147.59**1~DTM*472*20191016~CAS*PR*3*2~CAS*CO*45*55.41~REF*6R*CP4LX15FJ9GU~AMT*B6*149.59~LQ*HE*N381~LQ*HE*N381~SVC*HC:J2315*1805*1193.2**380~DTM*472*20191016~CAS*CO*45*611.8~REF*6R*CP4LPGPPADV3~AMT*B6*1193.2~LQ*HE*N381~SVC*HC:H0049*36*10.92**1~DTM*472*20191016~CAS*CO*45*25.08~REF*6R*CP4LWBK1GND5~AMT*B6*10.92~LQ*HE*N381~SVC*HC:G8510*40*11**1~DTM*472*20191016~CAS*CO*45*29~REF*6R*CP4LRDEOLY57~AMT*B6*11~LQ*HE*N381~SVC*HC:99415*45*7.11**1~DTM*472*20191016~CAS*CO*45*37.89~REF*6R*CP4LRE3F072N~AMT*B6*7.11~LQ*HE*N381~SVC*HC:81002*4*3.37**1~DTM*472*20191016~CAS*CO*45*.63~REF*6R*CP4LZORMYMUD~AMT*B6*3.37~LQ*HE*N381~CLP*000100023978*1*134*97.11**MC*2019298005048~NM1*QC*1*VAUGHT*SHANNON*M***MR*J574689~NM1*82*1*GRONEMEYER*LEANNE*R***XX*1659521045~REF*EA*50EAFB50FD6648E9A69FAF3BA218BFA6~DTM*232*20191021~DTM*233*20191021~SVC*HC:99214*134*97.11**1~DTM*472*20191021~CAS*CO*45*36.89~REF*6R*CP4XZQ7DFTSH~AMT*B6*97.11~LQ*HE*N381~CLP*000100023842*1*203.15*151.49**MC*2019298004902~NM1*QC*1*VIGIL*LITHA*A***MR*Q383977~NM1*82*1*GRONEMEYER*LEANNE*R***XX*1659521045~REF*EA*6B5D5C89A2874C888DDC4C62F685761D~DTM*232*20191017~DTM*233*20191017~SVC*HC:99215:25*180*129.99**1~DTM*472*20191017~CAS*CO*45*50.01~REF*6R*CP4XVTMXACPB~AMT*B6*129.99~LQ*HE*N381~SVC*HC:93000*23.15*21.5**1~DTM*472*20191017~CAS*CO*45*1.65~REF*6R*CP4XKHJHKXT4~AMT*B6*21.5~LQ*HE*N381~CLP*000100022688*1*80*71.25**MC*2019294085540~NM1*QC*1*WHITE*KELVIN****MR*P661213~NM1*82*1*LEWIS*HOLLY*G***XX*1295234128~REF*EA*56AEEAD4D8764A50933172A927468715~DTM*232*20190924~DTM*233*20190924~SVC*HC:90834*80*71.25**1~DTM*472*20190924~CAS*CO*45*8.75~REF*6R*CP4LMTN2B28T~AMT*B6*71.25~LQ*HE*N381~CLP*000100023979*1*134*97.11**MC*2019298005095~NM1*QC*1*WRIGHT*WILLIAM****MR*G359670~NM1*82*1*GRONEMEYER*LEANNE*R***XX*1659521045~REF*EA*898617762D9B4D2EA704272A0142F26E~DTM*232*20191021~DTM*233*20191021~SVC*HC:99214*134*97.11**1~DTM*472*20191021~CAS*CO*45*36.89~REF*6R*CP4XBE4XCF6T~AMT*B6*97.11~LQ*HE*N381~CLP*000100023773*1*149*105.45**MC*2019294085582~NM1*QC*1*WYATT*SERENITY*L***MR*P779049~NM1*82*1*KLAKER*JULIE*M***XX*1215134705~REF*EA*19C24D11B69741EAA11D6B339E31B821~DTM*232*20191016~DTM*233*20191016~SVC*HC:99214:25*134*97.11**1~DTM*472*20191016~CAS*CO*45*36.89~REF*6R*CP4LM39BEFPZ~AMT*B6*97.11~LQ*HE*N381~SVC*HC:81025*15*8.34**1~DTM*472*20191016~CAS*CO*45*6.66~REF*6R*CP4LF3KNG7SY~AMT*B6*8.34~LQ*HE*N381~CLP*000100023888*1*134*97.11**MC*2019294085592~NM1*QC*1*ZUPANCIC*CARLOS*A***MR*K226313~NM1*82*1*KLAKER*JULIE*M***XX*1215134705~REF*EA*64BDB0DABA6F434AA96111DE0E1416F8~DTM*232*20191017~DTM*233*20191017~SVC*HC:99214*134*97.11**1~DTM*472*20191017~CAS*CO*45*36.89~REF*6R*CP4LTDP7YC8U~AMT*B6*97.11~LQ*HE*N381~CLP*000100021664*4*90*0**MC*2019294085579~NM1*QC*1*CORDOVA ALMUINA*JUAN****MR*Y121841~NM1*74*1*CORDOVAALMUINA~NM1*82*1*HOOSHMAND-PARSI*KAYHOSROW****XX*1447291851~REF*EA*780D9426352040EBB8C6E962E7D24DF8~DTM*232*20190828~DTM*233*20190828~SVC*HC:99213*90*0**0**1~DTM*472*20190828~CAS*PI*96*90~REF*6R*CP4LGGNFU4ML~LQ*HE*N30~LQ*HE*MA92~CLP*000100023299*4*205*0**MC*2019298004927~NM1*QC*1*DAVID*CASSANDRA****MR*R733683~NM1*82*1*LUCAS*PEGGI*S***XX*1366419582~REF*EA*561B7802080C4C529387645529764CCA~DTM*232*20191007~DTM*233*20191007~SVC*HC:99204:25*205*0**0**1~DTM*472*20191007~CAS*PI*16*205~REF*6R*CP4XQJMBMIRQ~LQ*HE*MA92~CLP*000100022706*4*134*0**MC*2019294085555~NM1*QC*1*GARZA*PATRICIA****MR*Y090236~NM1*82*1*HOOSHMAND-PARSI*KAYHOSROW****XX*1447291851~REF*EA*D13259AE1EA349DCB185B9D0DD138795~DTM*232*20190924~DTM*233*20190924~SVC*HC:99214*134*0**0**1~DTM*472*20190924~CAS*PI*167*134~REF*6R*CP4L6SEJOZ5R~LQ*HE*MA63~LQ*HE*MA92~LQ*HE*N56~CLP*000100023953*4*90*0**MC*2019294085569~NM1*QC*1*RODERICK*THOMAS****MR*O744246~NM1*82*1*CADDALI*ESTRELLA*A***XX*1164974580~REF*EA*754FF8217B9444659D371DEF1F9AE9A4~DTM*232*20191018~DTM*233*20191018~DTM*036*20190331~SVC*HC:99213*90*0**0**1~DTM*472*20191018~CAS*CO*26*90~REF*6R*CP4LJTTPFGGS~LQ*HE*N30~CLP*000100023621*4*32*0**MC*2019294085595~NM1*QC*1*TILLEY*SAVANNAH****MR*S123439~NM1*82*1*LUCAS*PEGGI*S***XX*1366419582~REF*EA*4F3A5FBAD15F45AE9966896CE0381372~DTM*232*20191014~DTM*233*20191014~SVC*HC:96372*32*0**0**1~DTM*472*20191014~CAS*CO*109*32~REF*6R*CP4LU7KWXGI7~LQ*HE*N381~CLP*000100022251*4*90*0**MC*2019294085568~NM1*QC*1*TRUJILLO*YOLANDA*M***MR*J869832~NM1*82*1*CADDALI*ESTRELLA*A***XX*1164974580~REF*EA*BBAE648B93F14F40957AAE650EB45CF7~DTM*232*20190911~DTM*233*20190911~SVC*HC:99213*90*0**0**1~DTM*472*20190911~CAS*PI*96*90~REF*6R*CP4L233HKHGF~LQ*HE*N30~LQ*HE*MA92~CLP*38646A*22*-330*-170.63**MC*5219255011082~NM1*QC*1*QUINTANA-TUTT*NYA*S***MR*V057483~NM1*74*1*QUINTANATUTT~NM1*82*1*LUCAS*PEGGI*S***XX*1366419582~DTM*232*20190712~DTM*233*20190712~SVC*HC:99395:25*-160*-107.82**1~DTM*472*20190712~CAS*CO*45*-52.18~REF*6R*42966~AMT*B6*107.82~LQ*HE*N381~SVC*HC:90471*-45*-19.46**1~DTM*472*20190712~CAS*CO*45*-25.54~REF*6R*42967~AMT*B6*19.46~LQ*HE*N381~SVC*HC:90715*-125*-43.35**1~DTM*472*20190712~CAS*CO*45*-81.65~REF*6R*42968~AMT*B6*43.35~LQ*HE*N381~CLP*38646A*1*330*170.63**MC*5219296014271~NM1*QC*1*QUINTANA-TUTT*NYA*S***MR*V057483~NM1*74*1*QUINTANATUTT~NM1*82*1*LUCAS*PEGGI*S***XX*1366419582~DTM*232*20190712~DTM*233*20190712~SVC*HC:99395:25*160*107.82**1~DTM*472*20190712~CAS*CO*45*52.18~REF*6R*42966~AMT*B6*107.82~LQ*HE*N381~SVC*HC:90471*45*19.46**1~DTM*472*20190712~CAS*CO*45*25.54~REF*6R*42967~AMT*B6*19.46~LQ*HE*N381~SVC*HC:90715*125*43.35**1~DTM*472*20190712~CAS*CO*45*81.65~REF*6R*42968~AMT*B6*43.35~LQ*HE*N381~PLB*1508250911*20191231*CS:0000370585474*-170.63*CS:0000370585474*170.63~SE*2313*000010013~GE*1*300006287~IEA*1*300006287~