ISA*00*          *00*          *ZZ*COMEDASSISTPROG*ZZ*6769489        *191202*0228*^*00501*300002431*0*P*:~GS*HP*COMEDASSISTPROG*6769489*20191202*022834*300002431*X*005010X221A1~ST*835*000010013~BPR*I*16745.88*C*ACH*CCP*01*075911603*DA*00000004556640373*1811725341**01*102000076*DA*2838835219*20191202~TRN*1*000829862*1811725341~REF*EV*1508250911~DTM*405*20191129~N1*PR*CO_TXIX*XV*7912900843~N3*P.O. BOX 30~N4*DENVER*CO*80201~PER*CX*MEDICAID PROVIDER SERVICES*TE*8442352387~PER*BL*MEDICAID PROVIDER SERVICES*TE*8442352387~N1*PE*HEALTH SOLUTIONS MED CENTER*XX*1508250911~REF*TJ*841158933~LX*1~CLP*000100024660*2*54*3.07**MC*2019327001781~NM1*QC*1*AVILA*ROBERT*B***MR*F251953~NM1*82*1*HOOSHMAND-PARSI*KAYHOSROW****XX*1447291851~REF*EA*D1EF1B75058244E68C5D8D06FB4337E8~DTM*232*20191105~DTM*233*20191105~SVC*HC:99212*54*3.07**1~DTM*472*20191105~CAS*CO*45*50.93~REF*6R*CPC9JKLQPV85~AMT*B6*3.07~LQ*HE*N381~LQ*HE*N381~CLP*000100024535*2*134*9.79**MC*2019327001785~NM1*QC*1*AVILA*ROBERT*B***MR*F251953~NM1*82*1*HOOSHMAND-PARSI*KAYHOSROW****XX*1447291851~REF*EA*BE0D8407A9F94761B397EE1C886A5515~DTM*232*20191104~DTM*233*20191104~SVC*HC:99214*134*9.79**1~DTM*472*20191104~CAS*CO*45*124.21~REF*6R*CPC9MV4WKEAC~AMT*B6*9.79~LQ*HE*N381~LQ*HE*N381~CLP*000100024576*2*201*18.93**MC*2019333007857~NM1*QC*1*BURCH*ROSALIE*A***MR*B253706~NM1*82*1*GRONEMEYER*LEANNE*R***XX*1659521045~REF*EA*5057E03C26B84B84BC14B042F69DE832~DTM*232*20191104~DTM*233*20191104~SVC*HC:99214:25*134*18.93**1~DTM*472*20191104~CAS*CO*45*115.07~REF*6R*CPD5RMLA13Q9~AMT*B6*18.93~LQ*HE*N381~LQ*HE*N381~SVC*HC:G0008*32*0**1~DTM*472*20191104~CAS*OA*P22*32~REF*6R*CPD5Y1GHC25T~LQ*HE*MA125~SVC*HC:90674*35*0**1~DTM*472*20191104~CAS*CO*45*35~REF*6R*CPD5SODVDS4F~LQ*HE*N381~CLP*000100021776*2*23.15*3.5**MC*2019330035876~NM1*QC*1*CLARK*PATRICK****MR*O278601~NM1*82*1*HOOSHMAND-PARSI*KAYHOSROW****XX*1447291851~REF*EA*5EAC4D78C9464BFE9EBB0638D8025A73~DTM*232*20190829~DTM*233*20190829~SVC*HC:93000*23.15*3.5**1~DTM*472*20190829~CAS*CO*45*19.65~REF*6R*CPEH6N6WAPBT~AMT*B6*3.5~LQ*HE*N381~LQ*HE*N381~CLP*000100024665*2*134*18.93**MC*2019327001766~NM1*QC*1*DIAZ*CARL*J***MR*I533514~NM1*82*1*LUCAS*PEGGI*S***XX*1366419582~REF*EA*FBA51E4EE2174D5A87BC67A1D8C4A57C~DTM*232*20191105~DTM*233*20191105~SVC*HC:99214*134*18.93**1~DTM*472*20191105~CAS*CO*45*115.07~REF*6R*CPC9A3AZITWO~AMT*B6*18.93~LQ*HE*N381~LQ*HE*N381~CLP*000100024586*2*134*18.93**MC*2019327001787~NM1*QC*1*ENCINA*MARTA****MR*I139437~NM1*82*1*LUCAS*PEGGI*S***XX*1366419582~REF*EA*6306C18EE75D45C284B04444B8FDC718~DTM*232*20191104~DTM*233*20191104~SVC*HC:99214*134*18.93**1~DTM*472*20191104~CAS*CO*45*115.07~REF*6R*CPC9CWZRASTC~AMT*B6*18.93~LQ*HE*N381~LQ*HE*N381~CLP*36805B*2*90*12.94**MC*2019329034281~NM1*QC*1*GARCIA*PAMELA*D***MR*P170101~NM1*82*1*CADDALI*ESTRELLA*A***XX*1164974580~DTM*232*20190523~DTM*233*20190523~SVC*HC:99213*90*12.94**1~DTM*472*20190523~CAS*CO*45*77.06~REF*6R*40923~AMT*B6*12.94~LQ*HE*N381~LQ*HE*N381~CLP*000100024856*2*134*9.79**MC*2019332007380~NM1*QC*1*LUCERO*JOSEPH*M***MR*R578443~NM1*82*1*HOOSHMAND-PARSI*KAYHOSROW****XX*1447291851~REF*EA*A275F89B4BE549A1A23A470566F43F7F~DTM*232*20191107~DTM*233*20191107~SVC*HC:99214*134*9.79**1~DTM*472*20191107~CAS*CO*45*124.21~REF*6R*CPDLSRVFQOVL~AMT*B6*9.79~LQ*HE*N381~LQ*HE*N381~CLP*000100024634*2*90*5.02**MC*2019327001756~NM1*QC*1*MARRONE*JOHN*H***MR*G491256~NM1*82*1*ROBERTS*BRAD*A***XX*1538435698~REF*EA*972BCE87B9754325AFA55A410EEA8C72~DTM*232*20191105~DTM*233*20191105~SVC*HC:99213*90*5.02**1~DTM*472*20191105~CAS*CO*45*84.98~REF*6R*CPC90WXIH93A~AMT*B6*5.02~LQ*HE*N381~LQ*HE*N381~CLP*000100024800*2*90*6.14**MC*2019332007376~NM1*QC*1*MUHIC*JOHN*M***MR*M342951~NM1*82*1*HOOSHMAND-PARSI*KAYHOSROW****XX*1447291851~REF*EA*8056D4DA79A54A468C52473F2FE33E16~DTM*232*20191106~DTM*233*20191106~SVC*HC:99213*90*6.14**1~DTM*472*20191106~CAS*CO*45*83.86~REF*6R*CPDLB7850LOG~AMT*B6*6.14~LQ*HE*N381~LQ*HE*N381~CLP*000100024589*2*157.15*13.29**MC*2019327001757~NM1*QC*1*MURPHY*JAMES*P***MR*O503555~NM1*82*1*HOOSHMAND-PARSI*KAYHOSROW****XX*1447291851~REF*EA*39BFA5F1CE7F4881BA90B8D836B532C1~DTM*232*20191104~DTM*233*20191104~SVC*HC:99214:25*134*9.79**1~DTM*472*20191104~CAS*CO*45*124.21~REF*6R*CPC95KVVUQQO~AMT*B6*9.79~LQ*HE*N381~LQ*HE*N381~SVC*HC:93000*23.15*3.5**1~DTM*472*20191104~CAS*CO*45*19.65~REF*6R*CPC9B7KA5CCS~AMT*B6*3.5~LQ*HE*N381~LQ*HE*N381~CLP*000100024556*2*134*9.79**MC*2019327001762~NM1*QC*1*ORTIZ*DEBORAH*M***MR*K925625~NM1*82*1*HOOSHMAND-PARSI*KAYHOSROW****XX*1447291851~REF*EA*22123DEBC755412FBFDF2BC5B4788C20~DTM*232*20191104~DTM*233*20191104~SVC*HC:99214*134*9.79**1~DTM*472*20191104~CAS*CO*45*124.21~REF*6R*CPC9ZVMJJFTE~AMT*B6*9.79~LQ*HE*N381~LQ*HE*N381~CLP*000100024859*2*235.15*3.5**MC*2019333007855~NM1*QC*1*THOMAS*SIDNEY****MR*B976371~NM1*82*1*HOOSHMAND-PARSI*KAYHOSROW****XX*1447291851~REF*EA*3DCF262E39614BEDB7059C16D5E7DC10~DTM*232*20191107~DTM*233*20191107~SVC*HC:G0439:25*145*0**1~DTM*472*20191107~CAS*OA*P22*145~REF*6R*CPD5SGFXARKV~LQ*HE*MA125~SVC*HC:G0008*32*0**1~DTM*472*20191107~CAS*OA*P22*32~REF*6R*CPD5LSTG8BMY~LQ*HE*MA125~SVC*HC:90674*35*0**1~DTM*472*20191107~CAS*CO*45*35~REF*6R*CPD5QF0XX8E0~LQ*HE*N381~SVC*HC:93000*23.15*3.5**1~DTM*472*20191107~CAS*CO*45*19.65~REF*6R*CPD5T1G5DPY9~AMT*B6*3.5~LQ*HE*N381~LQ*HE*N381~CLP*37452C*2*212*28.34**MC*2019329034296~NM1*QC*1*WAGNER*DOROTHY*J***MR*P790476~NM1*82*1*CADDALI*ESTRELLA*A***XX*1164974580~DTM*232*20190606~DTM*233*20190606~SVC*HC:99215:25*160*25.36**1~DTM*472*20190606~CAS*CO*45*134.64~REF*6R*41571~AMT*B6*25.36~LQ*HE*N381~LQ*HE*N381~SVC*HC:93000*52*2.98**1~DTM*472*20190606~CAS*CO*45*49.02~REF*6R*41572~AMT*B6*2.98~LQ*HE*N381~LQ*HE*N381~CLP*37493C*2*90*12.94**MC*2019329034300~NM1*QC*1*WAGNER*DOROTHY*J***MR*P790476~NM1*82*1*CADDALI*ESTRELLA*A***XX*1164974580~DTM*232*20190627~DTM*233*20190627~SVC*HC:99213*90*12.94**1~DTM*472*20190627~CAS*CO*45*77.06~REF*6R*42353~AMT*B6*12.94~LQ*HE*N381~LQ*HE*N381~CLP*000100024626*2*90*12.94**MC*2019327001764~NM1*QC*1*WITHAAR*CHARLES****MR*R330415~NM1*82*1*CADDALI*ESTRELLA*A***XX*1164974580~REF*EA*4FEC17FDCBFC42BCAA4B01690AB82639~DTM*232*20191105~DTM*233*20191105~SVC*HC:99213*90*12.94**1~DTM*472*20191105~CAS*CO*45*77.06~REF*6R*CPC999ZA3GZ4~AMT*B6*12.94~LQ*HE*N381~LQ*HE*N381~CLP*38401B*4*90*0**MC*2019329042865~NM1*QC*1*WAGNER*DOROTHY*J***MR*P790476~NM1*82*1*CADDALI*ESTRELLA*A***XX*1164974580~DTM*232*20190820~DTM*233*20190820~SVC*HC:99213*90*0**0**1~DTM*472*20190820~CAS*PI*16*90~LQ*HE*M47~CLP*38401B*22*-90*-12.94**MC*2019263045069~NM1*QC*1*WAGNER*DOROTHY*J***MR*P790476~NM1*82*1*CADDALI*ESTRELLA*A***XX*1164974580~DTM*232*20190820~DTM*233*20190820~SVC*HC:99213*-90*-12.94**1~DTM*472*20190820~CAS*CO*45*-77.06~REF*6R*44665~AMT*B6*12.94~LQ*HE*N381~LQ*HE*N381~CLP*38401B*4*90*0**MC*5919329005744~NM1*QC*1*WAGNER*DOROTHY*J***MR*P790476~NM1*82*1*CADDALI*ESTRELLA*A***XX*1164974580~DTM*232*20190820~DTM*233*20190820~SVC*HC:99213*90*0**1~DTM*472*20190820~CAS*CO*129*90~REF*6R*44665~LQ*HE*N59~CLP*000100023780*1*134*95.11*2*MC*2019330055731~NM1*QC*1*ABEYTA*KRISTA****MR*G102892~NM1*82*1*LUCAS*PEGGI*S***XX*1366419582~REF*EA*865B9373C20E4F46BCC8E6A99C66B7EC~DTM*232*20191016~DTM*233*20191016~SVC*HC:99214*134*95.11**1~DTM*472*20191016~CAS*PR*3*2~CAS*CO*45*36.89~REF*6R*CPEH2NUBNYU9~AMT*B6*97.11~LQ*HE*N381~LQ*HE*N381~CLP*000100025613*1*1971*1290.31**MC*2019330055672~NM1*QC*1*ADAMS*CHRISTOPHER****MR*Y546450~NM1*82*1*SEARLES*DENISE*A***XX*1396971230~REF*EA*D610DA124D534BB38460C9BDB879609C~DTM*232*20191121~DTM*233*20191121~SVC*HC:99214:25*134*97.11**1~DTM*472*20191121~CAS*CO*45*36.89~REF*6R*CPEH5PC2NM11~AMT*B6*97.11~LQ*HE*N381~SVC*HC:96372*32*0**0**1~DTM*472*20191121~CAS*CO*109*32~REF*6R*CPEH24QH1CBI~LQ*HE*N381~SVC*HC:J2315*1805*1193.2**380~DTM*472*20191121~CAS*CO*45*611.8~REF*6R*CPEHSG4EZUJL~AMT*B6*1193.2~LQ*HE*N381~CLP*000100025113*1*134*97.11**MC*2019331028570~NM1*QC*1*AKIN*ASHLEY****MR*P601836~NM1*82*1*HOOSHMAND-PARSI*KAYHOSROW****XX*1447291851~REF*EA*A7350C347FBE47F7AD50D6C5DA216026~DTM*232*20191113~DTM*233*20191113~SVC*HC:99214*134*97.11**1~DTM*472*20191113~CAS*CO*45*36.89~REF*6R*CPE9MSFXY07J~AMT*B6*97.11~LQ*HE*N381~CLP*000100025587*1*54*39.39**MC*2019330057850~NM1*QC*1*AMES*STACY*L***MR*K978061~NM1*82*1*CADDALI*ESTRELLA*A***XX*1164974580~REF*EA*305D7A85B42D4E678B8273572FEC8BE7~DTM*232*20191121~DTM*233*20191121~SVC*HC:99212*54*39.39**1~DTM*472*20191121~CAS*CO*45*14.61~REF*6R*CPEHVYBM692X~AMT*B6*39.39~LQ*HE*N381~CLP*39628A*1*221.16*171.51**MC*2019329033110~NM1*QC*1*ANDERSON*JACQULINE*M***MR*G934658~NM1*82*1*SEARLES*DENISE*A***XX*1396971230~DTM*232*20190809~DTM*233*20190809~SVC*HC:99204:25*165*149.59**1~DTM*472*20190809~CAS*CO*45*15.41~REF*6R*44980~AMT*B6*149.59~LQ*HE*N381~SVC*HC:H0049*36.16*10.92**1~DTM*472*20190809~CAS*CO*45*25.24~REF*6R*45017~AMT*B6*10.92~LQ*HE*N381~SVC*HC:G8510*20*11**1~DTM*472*20190809~CAS*CO*45*9~REF*6R*45018~AMT*B6*11~LQ*HE*N381~CLP*40668A*1*55*39.39**MC*2019329033396~NM1*QC*1*ANDERSON*JACQULINE*M***MR*G934658~NM1*82*1*SEARLES*DENISE*A***XX*1396971230~DTM*232*20190822~DTM*233*20190822~SVC*HC:99212*55*39.39**1~DTM*472*20190822~CAS*CO*45*15.61~REF*6R*44998~AMT*B6*39.39~LQ*HE*N381~CLP*000100025685*1*134*97.11**MC*2019330055495~NM1*QC*1*ANDERSON*JACQULINE*M***MR*G934658~NM1*82*1*SEARLES*DENISE*A***XX*1396971230~REF*EA*F57156D6C83D4EDDA697AF605AB1423A~DTM*232*20191122~DTM*233*20191122~SVC*HC:99214*134*97.11**1~DTM*472*20191122~CAS*CO*45*36.89~REF*6R*CPEH9CWEN154~AMT*B6*97.11~LQ*HE*N381~CLP*000100025549*1*134*95.11*2*MC*2019330057802~NM1*QC*1*ANDREWS*HEIDI****MR*O787323~NM1*82*1*GRONEMEYER*LEANNE*R***XX*1659521045~REF*EA*3FA6BE2F56404AF898B54B4F702ABEE1~DTM*232*20191120~DTM*233*20191120~SVC*HC:99214*134*95.11**1~DTM*472*20191120~CAS*PR*3*2~CAS*CO*45*36.89~REF*6R*CPEHX9OFOFXX~AMT*B6*97.11~LQ*HE*N381~LQ*HE*N381~CLP*40302A*1*217.16*138.87**MC*2019329033253~NM1*QC*1*ARAGON*CHARLES****MR*Y629838~NM1*82*1*SEARLES*DENISE*A***XX*1396971230~DTM*232*20190814~DTM*233*20190814~SVC*HC:99203:25*145*97.43**1~DTM*472*20190814~CAS*CO*45*47.57~REF*6R*44976~AMT*B6*97.43~LQ*HE*N381~SVC*HC:H0049*36.16*10.92**1~DTM*472*20190814~CAS*CO*45*25.24~REF*6R*45023~AMT*B6*10.92~LQ*HE*N381~SVC*HC:G8431*36*30.52**1~DTM*472*20190814~CAS*CO*45*5.48~REF*6R*45024~AMT*B6*30.52~LQ*HE*N381~CLP*40797A*1*90*65.81**MC*2019329033484~NM1*QC*1*ARPAN*NATYVA*I***MR*G444810~NM1*82*1*SEARLES*DENISE*A***XX*1396971230~DTM*232*20190822~DTM*233*20190822~SVC*HC:99213*90*65.81**1~DTM*472*20190822~CAS*CO*45*24.19~REF*6R*44997~AMT*B6*65.81~LQ*HE*N381~CLP*000100025635*1*149*105.53**MC*2019330055695~NM1*QC*1*AVILA*KRISTA*M***MR*K943511~NM1*82*1*SEARLES*DENISE*A***XX*1396971230~REF*EA*5CF34C3731064F9C93BD33395DF9BAD0~DTM*232*20191122~DTM*233*20191122~SVC*HC:99214:25*134*97.11**1~DTM*472*20191122~CAS*CO*45*36.89~REF*6R*CPEH6ZKSHZ26~AMT*B6*97.11~LQ*HE*N381~SVC*HC:81025*15*8.42**1~DTM*472*20191122~CAS*CO*45*6.58~REF*6R*CPEH8PF6NBRS~AMT*B6*8.42~LQ*HE*N381~CLP*000100025631*1*210*139.57*2*MC*2019331028737~NM1*QC*1*AZZAM*KELLI*J***MR*T224226~NM1*82*1*GRONEMEYER*LEANNE*R***XX*1659521045~REF*EA*0CC7AA3481164ABEA9D949A637F6E0FA~DTM*232*20191121~DTM*233*20191121~SVC*HC:99214:25:FP*134*117.65**1~DTM*472*20191121~CAS*PR*3*2~CAS*CO*45*14.35~REF*6R*CPE9EH4DTO9Z~AMT*B6*119.65~LQ*HE*N381~LQ*HE*N381~SVC*HC:H0049*36*10.92**1~DTM*472*20191121~CAS*CO*45*25.08~REF*6R*CPE9ZZROP7EI~AMT*B6*10.92~LQ*HE*N381~SVC*HC:G8510*40*11**1~DTM*472*20191121~CAS*CO*45*29~REF*6R*CPE9X7ERPJ5N~AMT*B6*11~LQ*HE*N381~CLP*40185A*1*90*65.81**MC*2019329033208~NM1*QC*1*BANKSTON*AMANDA*M***MR*G892642~NM1*82*1*SEARLES*DENISE*A***XX*1396971230~DTM*232*20190809~DTM*233*20190809~SVC*HC:99213*90*65.81**1~DTM*472*20190809~CAS*CO*45*24.19~REF*6R*44978~AMT*B6*65.81~LQ*HE*N381~CLP*000100025589*1*149*105.53**MC*2019330055799~NM1*QC*1*BANKSTON*AMANDA*M***MR*G892642~NM1*82*1*SEARLES*DENISE*A***XX*1396971230~REF*EA*89FFDDF271B64ABC86B25F7726A7B3AA~DTM*232*20191121~DTM*233*20191121~SVC*HC:99214:25*134*97.11**1~DTM*472*20191121~CAS*CO*45*36.89~REF*6R*CPEHRJI9RXOG~AMT*B6*97.11~LQ*HE*N381~SVC*HC:81025*15*8.42**1~DTM*472*20191121~CAS*CO*45*6.58~REF*6R*CPEHV7FN5V1M~AMT*B6*8.42~LQ*HE*N381~CLP*000100025711*1*149*105.53**MC*2019331028607~NM1*QC*1*BAROS*MELANIE*A***MR*L096798~NM1*82*1*HOOSHMAND-PARSI*KAYHOSROW****XX*1447291851~REF*EA*87C1D2082840433A8BFCE261FB4FD27F~DTM*232*20191125~DTM*233*20191125~SVC*HC:99214:25*134*97.11**1~DTM*472*20191125~CAS*CO*45*36.89~REF*6R*CPE9250LI9N7~AMT*B6*97.11~LQ*HE*N381~SVC*HC:81025*15*8.42**1~DTM*472*20191125~CAS*CO*45*6.58~REF*6R*CPE99E6QVABM~AMT*B6*8.42~LQ*HE*N381~CLP*000100025638*1*1986*1298.73**MC*2019330057786~NM1*QC*1*BENAVIDEZ*MICHELLE*N***MR*M679006~NM1*82*1*SEARLES*DENISE*A***XX*1396971230~REF*EA*01CABF6DFEFA4991B96CFCA6FE6A91D1~DTM*232*20191122~DTM*233*20191122~SVC*HC:99214:25*134*97.11**1~DTM*472*20191122~CAS*CO*45*36.89~REF*6R*CPEHLXYIEGQP~AMT*B6*97.11~LQ*HE*N381~SVC*HC:96372*32*0**0**1~DTM*472*20191122~CAS*CO*109*32~REF*6R*CPEHN12KFNAD~LQ*HE*N381~SVC*HC:J2315*1805*1193.2**380~DTM*472*20191122~CAS*CO*45*611.8~REF*6R*CPEHYR8HWOMD~AMT*B6*1193.2~LQ*HE*N381~SVC*HC:81025*15*8.42**1~DTM*472*20191122~CAS*CO*45*6.58~REF*6R*CPEH4IOFRLJG~AMT*B6*8.42~LQ*HE*N381~CLP*40597A*1*201.16*119.35**MC*2019329033340~NM1*QC*1*BERNAL*AARON****MR*Q626987~NM1*82*1*SEARLES*DENISE*A***XX*1396971230~DTM*232*20190823~DTM*233*20190823~SVC*HC:99203:25*145*97.43**1~DTM*472*20190823~CAS*CO*45*47.57~REF*6R*44995~AMT*B6*97.43~LQ*HE*N381~SVC*HC:H0049*36.16*10.92**1~DTM*472*20190823~CAS*CO*45*25.24~REF*6R*45033~AMT*B6*10.92~LQ*HE*N381~SVC*HC:G8510*20*11**1~DTM*472*20190823~CAS*CO*45*9~REF*6R*45034~AMT*B6*11~LQ*HE*N381~CLP*40599A*1*322.16*243.3**MC*2019329033356~NM1*QC*1*BOULIER*JEWEL*R***MR*W913486~NM1*82*1*SEARLES*DENISE*A***XX*1396971230~DTM*232*20190822~DTM*233*20190822~SVC*HC:99205:25*190*186.33**1~DTM*472*20190822~CAS*CO*45*3.67~REF*6R*44968~AMT*B6*186.33~LQ*HE*N381~SVC*HC:99415*45*7.11**1~DTM*472*20190822~CAS*CO*45*37.89~REF*6R*44969~AMT*B6*7.11~LQ*HE*N381~SVC*HC:H0049*36.16*10.92**1~DTM*472*20190822~CAS*CO*45*25.24~REF*6R*44970~AMT*B6*10.92~LQ*HE*N381~SVC*HC:G8431*36*30.52**1~DTM*472*20190822~CAS*CO*45*5.48~REF*6R*45030~AMT*B6*30.52~LQ*HE*N381~SVC*HC:81025*15*8.42**1~DTM*472*20190822~CAS*CO*45*6.58~REF*6R*45031~AMT*B6*8.42~LQ*HE*N381~CLP*40786A*1*135*97.11**MC*2019329033423~NM1*QC*1*BOULIER*JEWEL*R***MR*W913486~NM1*82*1*SEARLES*DENISE*A***XX*1396971230~DTM*232*20190823~DTM*233*20190823~SVC*HC:99214*135*97.11**1~DTM*472*20190823~CAS*CO*45*37.89~REF*6R*45002~AMT*B6*97.11~LQ*HE*N381~CLP*000100025723*1*149*105.53**MC*2019331028531~NM1*QC*1*BOULIER*JEWEL*R***MR*W913486~NM1*82*1*LUCAS*PEGGI*S***XX*1366419582~REF*EA*6EA39D9F3F9A4CC08CB47CEF5E0727B3~DTM*232*20191125~DTM*233*20191125~SVC*HC:99214:25*134*97.11**1~DTM*472*20191125~CAS*CO*45*36.89~REF*6R*CPE9C4K6N4H7~AMT*B6*97.11~LQ*HE*N381~SVC*HC:81025*15*8.42**1~DTM*472*20191125~CAS*CO*45*6.58~REF*6R*CPE9SZ4OQSIM~AMT*B6*8.42~LQ*HE*N381~CLP*000100024624*1*90*65.81**MC*2019330055524~NM1*QC*1*BRODEUR*MICHAEL****MR*O634397~NM1*82*1*ROBERTS*BRAD*A***XX*1538435698~REF*EA*D48E390EF706407F8CE160A9E4D82571~DTM*232*20191105~DTM*233*20191105~SVC*HC:99213*90*65.81**1~DTM*472*20191105~CAS*CO*45*24.19~REF*6R*CPEHBFFJW47A~AMT*B6*65.81~LQ*HE*N381~CLP*000100025743*1*134*97.11**MC*2019331028616~NM1*QC*1*BURACKER MARTINEZ*BRENDON*G***MR*Y807368~NM1*74*1*BURACKERMARTINE~NM1*82*1*GRONEMEYER*LEANNE*R***XX*1659521045~REF*EA*AB690FD759584600BDCF71EACE142916~DTM*232*20191125~DTM*233*20191125~SVC*HC:99214*134*97.11**1~DTM*472*20191125~CAS*CO*45*36.89~REF*6R*CPE9UK2C347R~AMT*B6*97.11~LQ*HE*N381~CLP*000100025577*1*160*105.01*2*MC*2019330055713~NM1*QC*1*BUTLER*BEATRICE****MR*I033994~NM1*82*1*GRONEMEYER*LEANNE*R***XX*1659521045~REF*EA*71E72D61FCDE407A817F6AEDE6C4CBDF~DTM*232*20191121~DTM*233*20191121~SVC*HC:99213:25*90*63.81**1~DTM*472*20191121~CAS*PR*3*2~CAS*CO*45*24.19~REF*6R*CPEHHFXNFOSU~AMT*B6*65.81~LQ*HE*N381~LQ*HE*N381~SVC*HC:90471*35*19.46**1~DTM*472*20191121~CAS*CO*45*15.54~REF*6R*CPEH1DZIFSJ7~AMT*B6*19.46~LQ*HE*N381~SVC*HC:90674*35*21.74**1~DTM*472*20191121~CAS*CO*45*13.26~REF*6R*CPEH5Z1B75OV~AMT*B6*21.74~LQ*HE*N381~CLP*000100025626*1*134*97.11**MC*2019330055613~NM1*QC*1*PADILLA*CARA*F***MR*Y011382~NM1*74*1*CARLYLE~NM1*82*1*KLAKER*JULIE*M***XX*1215134705~REF*EA*669167B80EE746B1B67E0C758D90D75C~DTM*232*20191121~DTM*233*20191121~SVC*HC:99214*134*97.11**1~DTM*472*20191121~CAS*CO*45*36.89~REF*6R*CPEH9UJM36H5~AMT*B6*97.11~LQ*HE*N381~CLP*000100023278*1*134*97.11**MC*2019330055786~NM1*QC*1*CASACK*JACOB****MR*Y190717~NM1*82*1*LUCAS*PEGGI*S***XX*1366419582~REF*EA*2D9DAA73AD3F4FA18ADA6564B2F5B390~DTM*232*20191007~DTM*233*20191007~SVC*HC:99214*134*97.11**1~DTM*472*20191007~CAS*CO*45*36.89~REF*6R*CPEHI3HKW8TI~AMT*B6*97.11~LQ*HE*N381~CLP*000100025672*1*54*39.39**MC*2019330055661~NM1*QC*1*CASEY*ELLEN****MR*R305730~NM1*82*1*CADDALI*ESTRELLA*A***XX*1164974580~REF*EA*76ECD51C58E8424BB16F06B72EA19FE8~DTM*232*20191122~DTM*233*20191122~SVC*HC:99212*54*39.39**1~DTM*472*20191122~CAS*CO*45*14.61~REF*6R*CPEHJD54NTQF~AMT*B6*39.39~LQ*HE*N381~CLP*000100025792*1*134*97.11**MC*2019331028790~NM1*QC*1*CHAVEZ*DALTON****MR*Q846049~NM1*82*1*HOOSHMAND-PARSI*KAYHOSROW****XX*1447291851~REF*EA*0ED1B3FB3BB94591BC9FD719EF90953D~DTM*232*20191126~DTM*233*20191126~SVC*HC:99214*134*97.11**1~DTM*472*20191126~CAS*CO*45*36.89~REF*6R*CPE9C71Y9J9N~AMT*B6*97.11~LQ*HE*N381~CLP*000100025584*1*149*105.53**MC*2019330055572~NM1*QC*1*CHAVEZ*MELISSA****MR*J002962~NM1*82*1*SEARLES*DENISE*A***XX*1396971230~REF*EA*60F622595D0E4DADB519B49CC90056E4~DTM*232*20191121~DTM*233*20191121~SVC*HC:99214:25*134*97.11**1~DTM*472*20191121~CAS*CO*45*36.89~REF*6R*CPEH3BUPCJL5~AMT*B6*97.11~LQ*HE*N381~SVC*HC:81025*15*8.42**1~DTM*472*20191121~CAS*CO*45*6.58~REF*6R*CPEH6AWN9ZMX~AMT*B6*8.42~LQ*HE*N381~CLP*000100025680*1*109*77.63**MC*2019330055517~NM1*QC*1*CORDOVA*ANDREA****MR*D732228~NM1*82*1*LUCAS*PEGGI*S***XX*1366419582~REF*EA*057BEA71018F4FCE926D984CC82C2EA8~DTM*232*20191122~DTM*233*20191122~SVC*HC:99213:25*90*65.81**1~DTM*472*20191122~CAS*CO*45*24.19~REF*6R*CPEHXZDIPYR2~AMT*B6*65.81~LQ*HE*N381~SVC*HC:81025*15*8.42**1~DTM*472*20191122~CAS*CO*45*6.58~REF*6R*CPEHKQGSFZ1W~AMT*B6*8.42~LQ*HE*N381~SVC*HC:81002*4*3.4**1~DTM*472*20191122~CAS*CO*45*.6~REF*6R*CPEHDTB268NH~AMT*B6*3.4~LQ*HE*N381~CLP*000100025701*1*134*95.11*2*MC*2019331028461~NM1*QC*1*CRAMER*CHELSEA*C***MR*G314138~NM1*82*1*LUCAS*PEGGI*S***XX*1366419582~REF*EA*91370AD26FB64D249660FB30E775D2EC~DTM*232*20191125~DTM*233*20191125~SVC*HC:99214*134*95.11**1~DTM*472*20191125~CAS*PR*3*2~CAS*CO*45*36.89~REF*6R*CPE9PETPVBE2~AMT*B6*97.11~LQ*HE*N381~LQ*HE*N381~CLP*40007A*1*105*74.23**MC*2019330039038~NM1*QC*1*DAVIS*ZOE****MR*U420492~NM1*82*1*HOOSHMAND-PARSI*KAYHOSROW****XX*1447291851~DTM*232*20190819~DTM*233*20190819~SVC*HC:99213:25*90*65.81**1~DTM*472*20190819~CAS*CO*45*24.19~REF*6R*44949~AMT*B6*65.81~LQ*HE*N381~SVC*HC:81025*15*8.42**1~DTM*472*20190819~CAS*CO*45*6.58~REF*6R*44950~AMT*B6*8.42~LQ*HE*N381~CLP*000100025720*1*90*63.81*2*MC*2019331028729~NM1*QC*1*DEARY*ALEXANDRA*M***MR*O901983~NM1*82*1*HOOSHMAND-PARSI*KAYHOSROW****XX*1447291851~REF*EA*5ECC56BABD3D4393ABF643221C9BB3CE~DTM*232*20191125~DTM*233*20191125~SVC*HC:99213*90*63.81**1~DTM*472*20191125~CAS*PR*3*2~CAS*CO*45*24.19~REF*6R*CPE9QRZLZ3KL~AMT*B6*65.81~LQ*HE*N381~LQ*HE*N381~CLP*39528A*1*135*97.11**MC*2019330038989~NM1*QC*1*DURAN*ALVIN*R***MR*W176209~NM1*82*1*KLAKER*JULIE*M***XX*1215134705~DTM*232*20190731~DTM*233*20190731~SVC*HC:99214*135*97.11**1~DTM*472*20190731~CAS*CO*45*37.89~REF*6R*44946~AMT*B6*97.11~LQ*HE*N381~CLP*000100025455*1*175*114.94**MC*2019330055851~NM1*QC*1*DURAN*CLIFFORD*R***MR*P500498~NM1*82*1*LUCAS*PEGGI*S***XX*1366419582~REF*EA*833298AE945D4B3DBE1949B80B7FB4F6~DTM*232*20191119~DTM*233*20191119~SVC*HC:99396*175*114.94**1~DTM*472*20191119~CAS*CO*45*60.06~REF*6R*CPEH1IWJ7ZXC~AMT*B6*114.94~LQ*HE*N381~CLP*000100025677*1*331*227.77**MC*2019330055684~NM1*QC*1*DURAN*DANELLE****MR*J114866~NM1*82*1*LUCAS*PEGGI*S***XX*1366419582~REF*EA*D67FF8DB39B348D18E430C6140104108~DTM*232*20191122~DTM*233*20191122~SVC*HC:99205:25*255*186.33**1~DTM*472*20191122~CAS*CO*45*68.67~REF*6R*CPEH69GLVX98~AMT*B6*186.33~LQ*HE*N381~SVC*HC:H0049*36*10.92**1~DTM*472*20191122~CAS*CO*45*25.08~REF*6R*CPEH8P6A03AR~AMT*B6*10.92~LQ*HE*N381~SVC*HC:G8431*40*30.52**1~DTM*472*20191122~CAS*CO*45*9.48~REF*6R*CPEHEL3SDIK1~AMT*B6*30.52~LQ*HE*N381~CLP*40619A*1*217.16*138.87**MC*2019329033386~NM1*QC*1*EAST*NICOLE****MR*R201731~NM1*82*1*SEARLES*DENISE*A***XX*1396971230~DTM*232*20190823~DTM*233*20190823~SVC*HC:99203:25*145*97.43**1~DTM*472*20190823~CAS*CO*45*47.57~REF*6R*44994~AMT*B6*97.43~LQ*HE*N381~SVC*HC:H0049*36.16*10.92**1~DTM*472*20190823~CAS*CO*45*25.24~REF*6R*45035~AMT*B6*10.92~LQ*HE*N381~SVC*HC:G8431*36*30.52**1~DTM*472*20190823~CAS*CO*45*5.48~REF*6R*45036~AMT*B6*30.52~LQ*HE*N381~CLP*000100025590*1*134*97.11**MC*2019331028486~NM1*QC*1*ELIAS*ANJELICA*Y***MR*Y499355~NM1*82*1*GRONEMEYER*LEANNE*R***XX*1659521045~REF*EA*39899FF677D0467CA8F2B9F7A67D107D~DTM*232*20191121~DTM*233*20191121~SVC*HC:99214*134*97.11**1~DTM*472*20191121~CAS*CO*45*36.89~REF*6R*CPE96D3MA1W4~AMT*B6*97.11~LQ*HE*N381~CLP*000100025661*1*149*105.53**MC*2019330055532~NM1*QC*1*ELZY*BETHANY****MR*U829312~NM1*82*1*KLAKER*JULIE*M***XX*1215134705~REF*EA*DB313476B8F941DB968D3A1B21B3F8B6~DTM*232*20191122~DTM*233*20191122~SVC*HC:99214:25*134*97.11**1~DTM*472*20191122~CAS*CO*45*36.89~REF*6R*CPEHHUQRZA87~AMT*B6*97.11~LQ*HE*N381~SVC*HC:81025*15*8.42**1~DTM*472*20191122~CAS*CO*45*6.58~REF*6R*CPEHNWWFSJAA~AMT*B6*8.42~LQ*HE*N381~CLP*40011A*1*145*96.46**MC*2019329033158~NM1*QC*1*ESPINOZA*ELIJAH*J***MR*O197652~NM1*82*1*SEARLES*DENISE*A***XX*1396971230~DTM*232*20190820~DTM*233*20190820~SVC*HC:99393*145*96.46**1~DTM*472*20190820~CAS*CO*45*48.54~REF*6R*44972~AMT*B6*96.46~LQ*HE*N381~CLP*39819A*1*227*67.13**MC*2019330039033~NM1*QC*1*ESPINOZA*ELIJAH*J***MR*O197652~NM1*82*1*SEARLES*DENISE*A***XX*1396971230~DTM*232*20190806~DTM*233*20190806~SVC*HC:99202*227*67.13**1~DTM*472*20190806~CAS*CO*45*159.87~REF*6R*45027~AMT*B6*67.13~LQ*HE*N381~CLP*000100025585*1*134*97.11**MC*2019330055655~NM1*QC*1*FIELDS*HEATHER****MR*Y397869~NM1*82*1*GRONEMEYER*LEANNE*R***XX*1659521045~REF*EA*3BC6BDE6D425471893AF2D4624E75FB8~DTM*232*20191121~DTM*233*20191121~SVC*HC:99214*134*97.11**1~DTM*472*20191121~CAS*CO*45*36.89~REF*6R*CPEHMLGLFJ8W~AMT*B6*97.11~LQ*HE*N381~CLP*000100025561*1*149*105.53**MC*2019330055506~NM1*QC*1*FIORINI*CHRISTENA*E***MR*Y109693~NM1*82*1*KLAKER*JULIE*M***XX*1215134705~REF*EA*F30D5193F67B49B4B4DB7C901AC6F3FC~DTM*232*20191121~DTM*233*20191121~SVC*HC:99214:25*134*97.11**1~DTM*472*20191121~CAS*CO*45*36.89~REF*6R*CPEH9C1QQVKL~AMT*B6*97.11~LQ*HE*N381~SVC*HC:81025*15*8.42**1~DTM*472*20191121~CAS*CO*45*6.58~REF*6R*CPEH7HNLU7YX~AMT*B6*8.42~LQ*HE*N381~CLP*39810A*1*237.16*189.03*2*MC*2019329033138~NM1*QC*1*FITTS*CHAD****MR*P109446~NM1*82*1*SEARLES*DENISE*A***XX*1396971230~DTM*232*20190731~DTM*233*20190731~SVC*HC:99204:25*165*147.59**1~DTM*472*20190731~CAS*PR*3*2~CAS*CO*45*15.41~REF*6R*44988~AMT*B6*149.59~LQ*HE*N381~LQ*HE*N381~SVC*HC:H0049*36.16*10.92**1~DTM*472*20190731~CAS*CO*45*25.24~REF*6R*45010~AMT*B6*10.92~LQ*HE*N381~SVC*HC:G8431*36*30.52**1~DTM*472*20190731~CAS*CO*45*5.48~REF*6R*45011~AMT*B6*30.52~LQ*HE*N381~CLP*39837A*1*90*63.81*2*MC*2019329033148~NM1*QC*1*FITTS*CHAD****MR*P109446~NM1*82*1*SEARLES*DENISE*A***XX*1396971230~DTM*232*20190822~DTM*233*20190822~SVC*HC:99213*90*63.81**1~DTM*472*20190822~CAS*PR*3*2~CAS*CO*45*24.19~REF*6R*44999~AMT*B6*65.81~LQ*HE*N381~LQ*HE*N381~CLP*000100025554*1*149*105.53**MC*2019330057884~NM1*QC*1*FITZPATRICK*TINA****MR*M581665~NM1*82*1*SEARLES*DENISE*A***XX*1396971230~REF*EA*52D646618C194393B37B94B052F71689~DTM*232*20191121~DTM*233*20191121~SVC*HC:99214:25*134*97.11**1~DTM*472*20191121~CAS*CO*45*36.89~REF*6R*CPEHD9QSW69Y~AMT*B6*97.11~LQ*HE*N381~SVC*HC:81025*15*8.42**1~DTM*472*20191121~CAS*CO*45*6.58~REF*6R*CPEH7OFHHJRU~AMT*B6*8.42~LQ*HE*N381~CLP*000100025586*1*90*65.81**MC*2019330057855~NM1*QC*1*FLYNT*ZOLA****MR*Q759937~NM1*82*1*KLAKER*JULIE*M***XX*1215134705~REF*EA*37BF7A2810464262AFA98F219DE9987E~DTM*232*20191121~DTM*233*20191121~SVC*HC:99213*90*65.81**1~DTM*472*20191121~CAS*CO*45*24.19~REF*6R*CPEHEP4XWB9D~AMT*B6*65.81~LQ*HE*N381~CLP*000100025625*1*204*138.31**MC*2019330055602~NM1*QC*1*GALLEGOS*ANNETTE****MR*O775073~NM1*82*1*GRONEMEYER*LEANNE*R***XX*1659521045~REF*EA*E06688C60971440192CEC4E02E5705B8~DTM*232*20191121~DTM*233*20191121~SVC*HC:99214:25*134*97.11**1~DTM*472*20191121~CAS*CO*45*36.89~REF*6R*CPEHN4L7HV1V~AMT*B6*97.11~LQ*HE*N381~SVC*HC:90471*35*19.46**1~DTM*472*20191121~CAS*CO*45*15.54~REF*6R*CPEHSY7NAMCZ~AMT*B6*19.46~LQ*HE*N381~SVC*HC:90674*35*21.74**1~DTM*472*20191121~CAS*CO*45*13.26~REF*6R*CPEHJV6WCFXX~AMT*B6*21.74~LQ*HE*N381~CLP*000100025606*1*281*191.03**MC*2019330057837~NM1*QC*1*GETTS*BOBBY****MR*G631811~NM1*74*1*GETTS III~NM1*82*1*CADDALI*ESTRELLA*A***XX*1164974580~REF*EA*24477D6067AB4F6082DE44624D76A103~DTM*232*20191121~DTM*233*20191121~SVC*HC:99204:25*205*149.59**1~DTM*472*20191121~CAS*CO*45*55.41~REF*6R*CPEHVP5KHIYI~AMT*B6*149.59~LQ*HE*N381~SVC*HC:H0049*36*10.92**1~DTM*472*20191121~CAS*CO*45*25.08~REF*6R*CPEH5JG35CHO~AMT*B6*10.92~LQ*HE*N381~SVC*HC:G8431*40*30.52**1~DTM*472*20191121~CAS*CO*45*9.48~REF*6R*CPEHG8DSZSFM~AMT*B6*30.52~LQ*HE*N381~CLP*000100025615*1*80*71.25**MC*2019330057842~NM1*QC*1*GETTS*BOBBY****MR*G631811~NM1*74*1*GETTS III~NM1*82*1*LEWIS*HOLLY*G***XX*1295234128~REF*EA*3C9CDC711CF740A99AADA4874C85E9D1~DTM*232*20191121~DTM*233*20191121~SVC*HC:90834*80*71.25**1~DTM*472*20191121~CAS*CO*45*8.75~REF*6R*CPEH1B14BZ4I~AMT*B6*71.25~LQ*HE*N381~CLP*000100025632*1*90*63.81*2*MC*2019330055749~NM1*QC*1*GILLESPIE*BRADLEY****MR*P498032~NM1*82*1*SEARLES*DENISE*A***XX*1396971230~REF*EA*BB919E5770EC43D3AEF049C9C6431F0F~DTM*232*20191121~DTM*233*20191121~SVC*HC:99213*90*63.81**1~DTM*472*20191121~CAS*PR*3*2~CAS*CO*45*24.19~REF*6R*CPEH3J80HNCH~AMT*B6*65.81~LQ*HE*N381~LQ*HE*N381~CLP*000100025754*1*149*103.53*2*MC*2019331028764~NM1*QC*1*GUERRERO*SONYA*M***MR*S127505~NM1*82*1*LUCAS*PEGGI*S***XX*1366419582~REF*EA*86A551A3A56546DD80BAABCDB51F9891~DTM*232*20191125~DTM*233*20191125~SVC*HC:99214:25*134*95.11**1~DTM*472*20191125~CAS*PR*3*2~CAS*CO*45*36.89~REF*6R*CPE9Z549IY8D~AMT*B6*97.11~LQ*HE*N381~LQ*HE*N381~SVC*HC:81025*15*8.42**1~DTM*472*20191125~CAS*CO*45*6.58~REF*6R*CPE9IW48V4J8~AMT*B6*8.42~LQ*HE*N381~CLP*000100025757*1*134*97.11**MC*2019331028777~NM1*QC*1*HADDAN*SHAWNA****MR*V379838~NM1*82*1*GRONEMEYER*LEANNE*R***XX*1659521045~REF*EA*6DC80100B48A47C7B519BB176B08F341~DTM*232*20191125~DTM*233*20191125~SVC*HC:99214*134*97.11**1~DTM*472*20191125~CAS*CO*45*36.89~REF*6R*CPE90JMKZVZN~AMT*B6*97.11~LQ*HE*N381~CLP*40793A*1*150*105.53**MC*2019329033448~NM1*QC*1*HALL*KRISTINA*K***MR*S324169~NM1*82*1*SEARLES*DENISE*A***XX*1396971230~DTM*232*20190822~DTM*233*20190822~SVC*HC:99214:25*135*97.11**1~DTM*472*20190822~CAS*CO*45*37.89~REF*6R*45000~AMT*B6*97.11~LQ*HE*N381~SVC*HC:81025*15*8.42**1~DTM*472*20190822~CAS*CO*45*6.58~REF*6R*45032~AMT*B6*8.42~LQ*HE*N381~CLP*000100025609*1*149*105.1*.43*MC*2019330055583~NM1*QC*1*HALL*KRISTINA*K***MR*S324169~NM1*82*1*KLAKER*JULIE*M***XX*1215134705~REF*EA*50C75D5636894FBEA6E5C6910F86C4D7~DTM*232*20191121~DTM*233*20191121~SVC*HC:99214:25*134*96.68**1~DTM*472*20191121~CAS*PR*3*.43~CAS*CO*45*36.89~REF*6R*CPEH18OIX3FA~AMT*B6*97.11~LQ*HE*N381~LQ*HE*N381~SVC*HC:81025*15*8.42**1~DTM*472*20191121~CAS*CO*45*6.58~REF*6R*CPEH6CDZDHK3~AMT*B6*8.42~LQ*HE*N381~CLP*000100025772*1*134*97.11**MC*2019331028500~NM1*QC*1*HEMPHILL*TIM*J***MR*O582563~NM1*82*1*SEARLES*DENISE*A***XX*1396971230~REF*EA*5C47BBB163214A23AB1E1D6336BDF213~DTM*232*20191126~DTM*233*20191126~SVC*HC:99214*134*97.11**1~DTM*472*20191126~CAS*CO*45*36.89~REF*6R*CPE9Q05SSOIK~AMT*B6*97.11~LQ*HE*N381~CLP*000100025802*1*134*97.11**MC*2019331028471~NM1*QC*1*HEREDIA*NEISHA****MR*M350525~NM1*82*1*HOOSHMAND-PARSI*KAYHOSROW****XX*1447291851~REF*EA*3DC1C0987EAC4550BDAAC4AA06C4C92B~DTM*232*20191126~DTM*233*20191126~SVC*HC:99214*134*97.11**1~DTM*472*20191126~CAS*CO*45*36.89~REF*6R*CPE9IT6XVURS~AMT*B6*97.11~LQ*HE*N381~CLP*40544A*1*160*105.82*2*MC*2019329033285~NM1*QC*1*HERNANDEZ*CONTESSA*M***MR*U660089~NM1*82*1*SEARLES*DENISE*A***XX*1396971230~DTM*232*20190823~DTM*233*20190823~SVC*HC:99395*160*105.82**1~DTM*472*20190823~CAS*PR*3*2~CAS*CO*45*52.18~REF*6R*44990~AMT*B6*107.82~LQ*HE*N381~LQ*HE*N381~CLP*000100023545*1*281*171.51**MC*2019330057774~NM1*QC*1*HOCKMAN*SONDRA****MR*G961555~NM1*82*1*LUCAS*PEGGI*S***XX*1366419582~REF*EA*AC818B15D4EB4EFA9039E45DF2D0E993~DTM*232*20191011~DTM*233*20191011~SVC*HC:99204:25*205*149.59**1~DTM*472*20191011~CAS*CO*45*55.41~REF*6R*CPEHSKQUFI9J~AMT*B6*149.59~LQ*HE*N381~SVC*HC:H0049*36*10.92**1~DTM*472*20191011~CAS*CO*45*25.08~REF*6R*CPEH7N4WDZ9R~AMT*B6*10.92~LQ*HE*N381~SVC*HC:G8510*40*11**1~DTM*472*20191011~CAS*CO*45*29~REF*6R*CPEH6O0FLLDG~AMT*B6*11~LQ*HE*N381~CLP*000100025724*1*134*97.11**MC*2019331028561~NM1*QC*1*HUDGINS*JILL*Y***MR*P061258~NM1*82*1*GRONEMEYER*LEANNE*R***XX*1659521045~REF*EA*B1489893FA9D40FDA09BD4EF5659B2D2~DTM*232*20191125~DTM*233*20191125~SVC*HC:99214*134*97.11**1~DTM*472*20191125~CAS*CO*45*36.89~REF*6R*CPE9788MRXO7~AMT*B6*97.11~LQ*HE*N381~CLP*000100025621*1*54*39.39**MC*2019330055792~NM1*QC*1*JACKSON*BENJAMIN****MR*O929718~NM1*82*1*CADDALI*ESTRELLA*A***XX*1164974580~REF*EA*5292F4191D9D4077AFFF597B15D092E4~DTM*232*20191121~DTM*233*20191121~SVC*HC:99212*54*39.39**1~DTM*472*20191121~CAS*CO*45*14.61~REF*6R*CPEHY21TLTF7~AMT*B6*39.39~LQ*HE*N381~CLP*000100025623*1*54*39.39**MC*2019330055594~NM1*QC*1*JACKSON*JULISSA*R***MR*P315853~NM1*82*1*CADDALI*ESTRELLA*A***XX*1164974580~REF*EA*B377FCA5CAF14CEAB4FEB88EBE01E28C~DTM*232*20191121~DTM*233*20191121~SVC*HC:99212*54*39.39**1~DTM*472*20191121~CAS*CO*45*14.61~REF*6R*CPEHFMALB2GC~AMT*B6*39.39~LQ*HE*N381~CLP*000100025630*1*134*95.11*2*MC*2019330055565~NM1*QC*1*JOHNS*ANTHONY****MR*Y863371~NM1*82*1*SEARLES*DENISE*A***XX*1396971230~REF*EA*509E3EBE2D1348498CC82D44E4EB7E69~DTM*232*20191121~DTM*233*20191121~SVC*HC:99214*134*95.11**1~DTM*472*20191121~CAS*PR*3*2~CAS*CO*45*36.89~REF*6R*CPEHY84APBMT~AMT*B6*97.11~LQ*HE*N381~LQ*HE*N381~CLP*000100025660*1*134*95.11*2*MC*2019330055767~NM1*QC*1*JOHNSON*LASHAWN****MR*J148245~NM1*82*1*LUCAS*PEGGI*S***XX*1366419582~REF*EA*93E68BE031A042DA92FCBD379942D227~DTM*232*20191122~DTM*233*20191122~SVC*HC:99214*134*95.11**1~DTM*472*20191122~CAS*PR*3*2~CAS*CO*45*36.89~REF*6R*CPEHG766T1BT~AMT*B6*97.11~LQ*HE*N381~LQ*HE*N381~CLP*000100025667*1*134*95.11*2*MC*2019330055543~NM1*QC*1*JUSTIS*JALYN****MR*W031230~NM1*82*1*LUCAS*PEGGI*S***XX*1366419582~REF*EA*FDEBAF043708404ABC84B1D06F7B5502~DTM*232*20191122~DTM*233*20191122~SVC*HC:99214*134*95.11**1~DTM*472*20191122~CAS*PR*3*2~CAS*CO*45*36.89~REF*6R*CPEHQHG4FJV0~AMT*B6*97.11~LQ*HE*N381~LQ*HE*N381~CLP*40799A*1*135*97.11**MC*2019329033498~NM1*QC*1*KILLOUGH*MACKENZIE*L***MR*Y936673~NM1*82*1*SEARLES*DENISE*A***XX*1396971230~DTM*232*20190822~DTM*233*20190822~SVC*HC:99214*135*97.11**1~DTM*472*20190822~CAS*CO*45*37.89~REF*6R*44996~AMT*B6*97.11~LQ*HE*N381~CLP*000100025530*1*331*208.25**MC*2019330057827~NM1*QC*1*KING*AVA****MR*P868656~NM1*82*1*CADDALI*ESTRELLA*A***XX*1164974580~REF*EA*FEBDB86A1D264606B15CBBCE76AE58DC~DTM*232*20191120~DTM*233*20191120~SVC*HC:99205:25*255*186.33**1~DTM*472*20191120~CAS*CO*45*68.67~REF*6R*CPEHKG2FMW2W~AMT*B6*186.33~LQ*HE*N381~SVC*HC:H0049*36*10.92**1~DTM*472*20191120~CAS*CO*45*25.08~REF*6R*CPEHZV8J82VV~AMT*B6*10.92~LQ*HE*N381~SVC*HC:G8510*40*11**1~DTM*472*20191120~CAS*CO*45*29~REF*6R*CPEHURHKUAPZ~AMT*B6*11~LQ*HE*N381~CLP*40792A*1*365.16*160.54**MC*2019329033439~NM1*QC*1*KOVTYNOBICH*TOBIAS*J***MR*P106481~NM1*74*1*KOVTYNOVICH~NM1*82*1*SEARLES*DENISE*A***XX*1396971230~DTM*232*20190823~DTM*233*20190823~SVC*HC:99386:25*309*138.62**1~DTM*472*20190823~CAS*CO*45*170.38~REF*6R*45038~AMT*B6*138.62~LQ*HE*N381~SVC*HC:H0049*36.16*10.92**1~DTM*472*20190823~CAS*CO*45*25.24~REF*6R*45039~AMT*B6*10.92~LQ*HE*N381~SVC*HC:G8510*20*11**1~DTM*472*20190823~CAS*CO*45*9~REF*6R*45040~AMT*B6*11~LQ*HE*N381~CLP*000100025756*1*138*100.51**MC*2019331028312~NM1*QC*1*LEFFEL*AMY*N***MR*O980464~NM1*82*1*LUCAS*PEGGI*S***XX*1366419582~REF*EA*1374C1071918455592B55F75D956B92C~DTM*232*20191125~DTM*233*20191125~SVC*HC:99214:25*134*97.11**1~DTM*472*20191125~CAS*CO*45*36.89~REF*6R*CPE99TAPSO3M~AMT*B6*97.11~LQ*HE*N381~SVC*HC:81002*4*3.4**1~DTM*472*20191125~CAS*CO*45*.6~REF*6R*CPE91VGUTZM6~AMT*B6*3.4~LQ*HE*N381~CLP*000100025601*1*138*90.61**MC*2019330055599~NM1*QC*1*LERMA*CAREMI****MR*P878927~NM1*82*1*GRONEMEYER*LEANNE*R***XX*1659521045~REF*EA*0AC9D5D0A6414F7D8649F2A30A2B6045~DTM*232*20191121~DTM*233*20191121~SVC*HC:99391*138*90.61**1~DTM*472*20191121~CAS*CO*45*47.39~REF*6R*CPEH1GZZXFKQ~AMT*B6*90.61~LQ*HE*N381~CLP*000100025669*1*225*125.45*2*MC*2019330055639~NM1*QC*1*LERMA*VERONICA****MR*P119230~NM1*82*1*KLAKER*JULIE*M***XX*1215134705~REF*EA*C0C9D818B49C48CBAF108649C5E246C1~DTM*232*20191122~DTM*233*20191122~SVC*HC:99214:25*134*95.11**1~DTM*472*20191122~CAS*PR*3*2~CAS*CO*45*36.89~REF*6R*CPEHYUHH48SM~AMT*B6*97.11~LQ*HE*N381~LQ*HE*N381~SVC*HC:H0049*36*10.92**1~DTM*472*20191122~CAS*CO*45*25.08~REF*6R*CPEH8EE0TP8O~AMT*B6*10.92~LQ*HE*N381~SVC*HC:G8510*40*11**1~DTM*472*20191122~CAS*CO*45*29~REF*6R*CPEHQD5U5PV7~AMT*B6*11~LQ*HE*N381~SVC*HC:81025*15*8.42**1~DTM*472*20191122~CAS*CO*45*6.58~REF*6R*CPEHQ71GXD3X~AMT*B6*8.42~LQ*HE*N381~CLP*000100025725*1*149*103.53*2*MC*2019331028516~NM1*QC*1*LERMA*VERONICA****MR*P119230~NM1*82*1*LUCAS*PEGGI*S***XX*1366419582~REF*EA*D6706E3CC0DA419295CC0D808226AA64~DTM*232*20191125~DTM*233*20191125~SVC*HC:99214:25*134*95.11**1~DTM*472*20191125~CAS*PR*3*2~CAS*CO*45*36.89~REF*6R*CPE9JGU8C8R6~AMT*B6*97.11~LQ*HE*N381~LQ*HE*N381~SVC*HC:81025*15*8.42**1~DTM*472*20191125~CAS*CO*45*6.58~REF*6R*CPE9JNRT90F5~AMT*B6*8.42~LQ*HE*N381~CLP*000100025699*1*134*97.11**MC*2019330055630~NM1*QC*1*LORETO*JOSHUA*R***MR*E192810~NM1*82*1*LUCAS*PEGGI*S***XX*1366419582~REF*EA*C5ABA088E42D45999C84E248B49A7445~DTM*232*20191125~DTM*233*20191125~SVC*HC:99214*134*97.11**1~DTM*472*20191125~CAS*CO*45*36.89~REF*6R*CPEHHZ0XPWVA~AMT*B6*97.11~LQ*HE*N381~CLP*000100025622*1*1971*1290.31**MC*2019330057760~NM1*QC*1*MAES*ERNEST*R***MR*K993029~NM1*82*1*SEARLES*DENISE*A***XX*1396971230~REF*EA*8176B10D6A9D41D1B920E9D66015008C~DTM*232*20191121~DTM*233*20191121~SVC*HC:99214:25*134*97.11**1~DTM*472*20191121~CAS*CO*45*36.89~REF*6R*CPEHCGKA3XET~AMT*B6*97.11~LQ*HE*N381~SVC*HC:96372*32*0**0**1~DTM*472*20191121~CAS*CO*109*32~REF*6R*CPEHDYDY91XR~LQ*HE*N381~SVC*HC:J2315*1805*1193.2**380~DTM*472*20191121~CAS*CO*45*611.8~REF*6R*CPEHNXDGSCA5~AMT*B6*1193.2~LQ*HE*N381~CLP*40171A*1*207.16*138.55**MC*2019329033179~NM1*QC*1*MALHIOT*JARED****MR*O663216~NM1*82*1*SEARLES*DENISE*A***XX*1396971230~DTM*232*20190808~DTM*233*20190808~SVC*HC:99214:25*135*97.11**1~DTM*472*20190808~CAS*CO*45*37.89~REF*6R*44983~AMT*B6*97.11~LQ*HE*N381~SVC*HC:H0049*36.16*10.92**1~DTM*472*20190808~CAS*CO*45*25.24~REF*6R*45015~AMT*B6*10.92~LQ*HE*N381~SVC*HC:G8431*36*30.52**1~DTM*472*20190808~CAS*CO*45*5.48~REF*6R*45016~AMT*B6*30.52~LQ*HE*N381~CLP*000100025285*1*65*55.35**MC*2019331028717~NM1*QC*1*MARQUEZ*JON****MR*S249531~NM1*82*1*LEWIS*HOLLY*G***XX*1295234128~REF*EA*B912666DC5494604BF24C7535343E7D8~DTM*232*20191115~DTM*233*20191115~SVC*HC:90832*65*55.35**1~DTM*472*20191115~CAS*CO*45*9.65~REF*6R*CPE9FEJTJ4A6~AMT*B6*55.35~LQ*HE*N381~CLP*000100025592*1*90*65.81**MC*2019330055678~NM1*QC*1*MARTIN*SABRINA*L***MR*Y030235~NM1*82*1*KLAKER*JULIE*M***XX*1215134705~REF*EA*958EDAB8371244C28083896D61CFEA47~DTM*232*20191121~DTM*233*20191121~SVC*HC:99213*90*65.81**1~DTM*472*20191121~CAS*CO*45*24.19~REF*6R*CPEHPA2SO4AP~AMT*B6*65.81~LQ*HE*N381~CLP*000100025534*1*149*103.53*2*MC*2019330055857~NM1*QC*1*MARTINEZ*DANIELLE*L***MR*U458658~NM1*82*1*KLAKER*JULIE*M***XX*1215134705~REF*EA*89ACCDEF01F14EB489257578BB84384B~DTM*232*20191120~DTM*233*20191120~SVC*HC:99214:25*134*95.11**1~DTM*472*20191120~CAS*PR*3*2~CAS*CO*45*36.89~REF*6R*CPEHPGNOMMYQ~AMT*B6*97.11~LQ*HE*N381~LQ*HE*N381~SVC*HC:81025*15*8.42**1~DTM*472*20191120~CAS*CO*45*6.58~REF*6R*CPEHQ4MH0GMX~AMT*B6*8.42~LQ*HE*N381~CLP*000100025018*1*124*80.59**MC*2019331028691~NM1*QC*1*MARTINEZ*LOREN*J***MR*P324169~NM1*82*1*HOOSHMAND-PARSI*KAYHOSROW****XX*1447291851~REF*EA*11019E72C48B4713A0F1EBF3F7AF4294~DTM*232*20191111~DTM*233*20191111~SVC*HC:99212:25*54*39.39**1~DTM*472*20191111~CAS*CO*45*14.61~REF*6R*CPEH5NOADYIN~AMT*B6*39.39~LQ*HE*N381~SVC*HC:90471*35*19.46**1~DTM*472*20191111~CAS*CO*45*15.54~REF*6R*CPEHBDBRWCU4~AMT*B6*19.46~LQ*HE*N381~SVC*HC:90674*35*21.74**1~DTM*472*20191111~CAS*CO*45*13.26~REF*6R*CPEHTL0M38LA~AMT*B6*21.74~LQ*HE*N381~CLP*000100025604*1*134*97.11**MC*2019330057810~NM1*QC*1*MAURO*RONDA*L***MR*U480140~NM1*82*1*KLAKER*JULIE*M***XX*1215134705~REF*EA*AA5ED99D2DF44D158F27528CFD96C68D~DTM*232*20191121~DTM*233*20191121~SVC*HC:99214*134*97.11**1~DTM*472*20191121~CAS*CO*45*36.89~REF*6R*CPEH9UJ508QE~AMT*B6*97.11~LQ*HE*N381~CLP*000100025763*1*134*97.11**MC*2019331028584~NM1*QC*1*MONTOYA*GERALDINE****MR*F588453~NM1*82*1*LUCAS*PEGGI*S***XX*1366419582~REF*EA*2F18B173E4694595A825ED02EF526DD2~DTM*232*20191125~DTM*233*20191125~SVC*HC:99214*134*97.11**1~DTM*472*20191125~CAS*CO*45*36.89~REF*6R*CPE9E5435ALL~AMT*B6*97.11~LQ*HE*N381~CLP*000100025683*1*90*65.81**MC*2019330055780~NM1*QC*1*MOWERY*NICOLA*R***MR*R085928~NM1*82*1*CADDALI*ESTRELLA*A***XX*1164974580~REF*EA*492431CF3C564E3FA1DCE56BDA68CAD8~DTM*232*20191122~DTM*233*20191122~SVC*HC:99213*90*65.81**1~DTM*472*20191122~CAS*CO*45*24.19~REF*6R*CPEHF6DDMDDB~AMT*B6*65.81~LQ*HE*N381~CLP*40568A*1*135*97.11**MC*2019329033299~NM1*QC*1*MYERS*SCOTT*A***MR*P255708~NM1*82*1*SEARLES*DENISE*A***XX*1396971230~DTM*232*20190820~DTM*233*20190820~SVC*HC:99214*135*97.11**1~DTM*472*20190820~CAS*CO*45*37.89~REF*6R*44975~AMT*B6*97.11~LQ*HE*N381~CLP*40724A*1*55*39.39**MC*2019329033410~NM1*QC*1*NAGL*SAVANNAH*N***MR*T692109~NM1*82*1*SEARLES*DENISE*A***XX*1396971230~DTM*232*20190822~DTM*233*20190822~SVC*HC:99212*55*39.39**1~DTM*472*20190822~CAS*CO*45*15.61~REF*6R*44967~AMT*B6*39.39~LQ*HE*N381~CLP*000100025498*1*380*218.76**MC*2019330055546~NM1*QC*1*NEWCOMBE*NOLAN*J***MR*G938738~NM1*82*1*GRONEMEYER*LEANNE*R***XX*1659521045~REF*EA*8B8F28774D1D4211B546F24D30007A88~DTM*232*20191120~DTM*233*20191120~SVC*HC:99205:25*255*186.33**1~DTM*472*20191120~CAS*CO*45*68.67~REF*6R*CPEHF9U2385X~AMT*B6*186.33~LQ*HE*N381~SVC*HC:99415*45*7.11**1~DTM*472*20191120~CAS*CO*45*37.89~REF*6R*CPEHTZM47U6W~AMT*B6*7.11~LQ*HE*N381~SVC*HC:H0049*36*10.92**1~DTM*472*20191120~CAS*CO*45*25.08~REF*6R*CPEH50FXK9VC~AMT*B6*10.92~LQ*HE*N381~SVC*HC:G8510*40*11**1~DTM*472*20191120~CAS*CO*45*29~REF*6R*CPEHQ0GSAHQI~AMT*B6*11~LQ*HE*N381~SVC*HC:81002*4*3.4**1~DTM*472*20191120~CAS*CO*45*.6~REF*6R*CPEHO1ZIKY6S~AMT*B6*3.4~LQ*HE*N381~CLP*000100025559*1*134*95.11*2*MC*2019330055665~NM1*QC*1*ORNELAS*MICHAEL*A***MR*Q985383~NM1*82*1*SEARLES*DENISE*A***XX*1396971230~REF*EA*C0C965AFD6BB4BE3A3B04522AFE003A2~DTM*232*20191121~DTM*233*20191121~SVC*HC:99214*134*95.11**1~DTM*472*20191121~CAS*PR*3*2~CAS*CO*45*36.89~REF*6R*CPEHX5GCV6FD~AMT*B6*97.11~LQ*HE*N381~LQ*HE*N381~CLP*000100025503*1*149*105.53**MC*2019330055810~NM1*QC*1*PADILLA*LAURA*C***MR*Y008082~NM1*82*1*KLAKER*JULIE*M***XX*1215134705~REF*EA*AED540EB743145498D25450886EBA5D0~DTM*232*20191120~DTM*233*20191120~SVC*HC:99214:25*134*97.11**1~DTM*472*20191120~CAS*CO*45*36.89~REF*6R*CPEH84X47NPA~AMT*B6*97.11~LQ*HE*N381~SVC*HC:81025*15*8.42**1~DTM*472*20191120~CAS*CO*45*6.58~REF*6R*CPEHEOXMAQRH~AMT*B6*8.42~LQ*HE*N381~CLP*000100025616*1*134*97.11**MC*2019331028440~NM1*QC*1*PADILLA*TAYLOR*A***MR*W985021~NM1*82*1*GRONEMEYER*LEANNE*R***XX*1659521045~REF*EA*55D188CCD65C4432BFE544C1C972CC7D~DTM*232*20191121~DTM*233*20191121~SVC*HC:99214*134*97.11**1~DTM*472*20191121~CAS*CO*45*36.89~REF*6R*CPE9IUMD1O9B~AMT*B6*97.11~LQ*HE*N381~CLP*000100025581*1*134*97.11**MC*2019330057877~NM1*QC*1*PINO*LINDA****MR*K510641~NM1*82*1*KLAKER*JULIE*M***XX*1215134705~REF*EA*62F3AFEB48324E38AF72DD816B40C654~DTM*232*20191121~DTM*233*20191121~SVC*HC:99214*134*97.11**1~DTM*472*20191121~CAS*CO*45*36.89~REF*6R*CPEHNDBVEYFH~AMT*B6*97.11~LQ*HE*N381~CLP*000100025583*1*160*105.01*2*MC*2019330057792~NM1*QC*1*PINO*SAMANTHA*M***MR*O785220~NM1*82*1*GRONEMEYER*LEANNE*R***XX*1659521045~REF*EA*F57455171901445488AB8F3618B3547A~DTM*232*20191121~DTM*233*20191121~SVC*HC:99213:25*90*63.81**1~DTM*472*20191121~CAS*PR*3*2~CAS*CO*45*24.19~REF*6R*CPEH6VBNDW10~AMT*B6*65.81~LQ*HE*N381~LQ*HE*N381~SVC*HC:90471*35*19.46**1~DTM*472*20191121~CAS*CO*45*15.54~REF*6R*CPEHONY15Q1I~AMT*B6*19.46~LQ*HE*N381~SVC*HC:90674*35*21.74**1~DTM*472*20191121~CAS*CO*45*13.26~REF*6R*CPEHFXTX6DXL~AMT*B6*21.74~LQ*HE*N381~CLP*000100025662*1*90*65.81**MC*2019330057820~NM1*QC*1*RATHBUN*AARON*W***MR*P304001~NM1*82*1*KLAKER*JULIE*M***XX*1215134705~REF*EA*B38DE02568FA4C3B9FFE13D7A3D61DF9~DTM*232*20191122~DTM*233*20191122~SVC*HC:99213*90*65.81**1~DTM*472*20191122~CAS*CO*45*24.19~REF*6R*CPEHG5WX46UA~AMT*B6*65.81~LQ*HE*N381~CLP*000100025629*1*149*103.53*2*MC*2019330055758~NM1*QC*1*RICO*MARY JOE****MR*K904935~NM1*82*1*SEARLES*DENISE*A***XX*1396971230~REF*EA*EE0035AA015447EDAAD41B1BD960BA17~DTM*232*20191121~DTM*233*20191121~SVC*HC:99214:25*134*95.11**1~DTM*472*20191121~CAS*PR*3*2~CAS*CO*45*36.89~REF*6R*CPEHGBGZ70JU~AMT*B6*97.11~LQ*HE*N381~LQ*HE*N381~SVC*HC:81025*15*8.42**1~DTM*472*20191121~CAS*CO*45*6.58~REF*6R*CPEHUMEH6PBZ~AMT*B6*8.42~LQ*HE*N381~CLP*40067A*1*201.16*119.35**MC*2019329033164~NM1*QC*1*RIESE*TED****MR*O996967~NM1*82*1*SEARLES*DENISE*A***XX*1396971230~DTM*232*20190809~DTM*233*20190809~SVC*HC:99203:25*145*97.43**1~DTM*472*20190809~CAS*CO*45*47.57~REF*6R*44979~AMT*B6*97.43~LQ*HE*N381~SVC*HC:H0049*36.16*10.92**1~DTM*472*20190809~CAS*CO*45*25.24~REF*6R*45019~AMT*B6*10.92~LQ*HE*N381~SVC*HC:G8510*20*11**1~DTM*472*20190809~CAS*CO*45*9~REF*6R*45020~AMT*B6*11~LQ*HE*N381~CLP*40879A*1*55*39.39**MC*2019329033516~NM1*QC*1*RIESE*TED****MR*O996967~NM1*82*1*SEARLES*DENISE*A***XX*1396971230~DTM*232*20190823~DTM*233*20190823~SVC*HC:99212*55*39.39**1~DTM*472*20190823~CAS*CO*45*15.61~REF*6R*44992~AMT*B6*39.39~LQ*HE*N381~CLP*000100025594*1*221*138.87**MC*2019330055486~NM1*QC*1*ROBLES*CHRISTINA****MR*R014142~NM1*82*1*SEARLES*DENISE*A***XX*1396971230~REF*EA*E125D3DB07CA47FC98AE82952AF6F877~DTM*232*20191121~DTM*233*20191121~SVC*HC:99203:25*145*97.43**1~DTM*472*20191121~CAS*CO*45*47.57~REF*6R*CPEH345RK1NM~AMT*B6*97.43~LQ*HE*N381~SVC*HC:H0049*36*10.92**1~DTM*472*20191121~CAS*CO*45*25.08~REF*6R*CPEHLJ17C1U7~AMT*B6*10.92~LQ*HE*N381~SVC*HC:G8431*40*30.52**1~DTM*472*20191121~CAS*CO*45*9.48~REF*6R*CPEHMX1FB9BC~AMT*B6*30.52~LQ*HE*N381~CLP*000100025595*1*391*243.3**MC*2019330055821~NM1*QC*1*RODRIGUEZ*JANESSA*T***MR*T378808~NM1*82*1*KLAKER*JULIE*M***XX*1215134705~REF*EA*E87170959A5C49F0936D6B2F66114932~DTM*232*20191121~DTM*233*20191121~SVC*HC:99205:25*255*186.33**1~DTM*472*20191121~CAS*CO*45*68.67~REF*6R*CPEHYNUSWYTN~AMT*B6*186.33~LQ*HE*N381~SVC*HC:99415*45*7.11**1~DTM*472*20191121~CAS*CO*45*37.89~REF*6R*CPEHV9OMBZ2Q~AMT*B6*7.11~LQ*HE*N381~SVC*HC:H0049*36*10.92**1~DTM*472*20191121~CAS*CO*45*25.08~REF*6R*CPEHBNRH31NV~AMT*B6*10.92~LQ*HE*N381~SVC*HC:G8431*40*30.52**1~DTM*472*20191121~CAS*CO*45*9.48~REF*6R*CPEHF1XCZRB7~AMT*B6*30.52~LQ*HE*N381~SVC*HC:81025*15*8.42**1~DTM*472*20191121~CAS*CO*45*6.58~REF*6R*CPEHM6Q4K6IF~AMT*B6*8.42~LQ*HE*N381~CLP*000100025673*1*90*65.81**MC*2019330055843~NM1*QC*1*RODRIGUEZ*JANESSA*T***MR*T378808~NM1*82*1*KLAKER*JULIE*M***XX*1215134705~REF*EA*034B7AC7C7764B07912355CCA933B7DB~DTM*232*20191122~DTM*233*20191122~SVC*HC:99213*90*65.81**1~DTM*472*20191122~CAS*CO*45*24.19~REF*6R*CPEHJ47H7ZLM~AMT*B6*65.81~LQ*HE*N381~CLP*40338A*1*324.16*142.08**MC*2019329033264~NM1*QC*1*ROMERO*MICHAEL*A***MR*Y097538~NM1*82*1*SEARLES*DENISE*A***XX*1396971230~DTM*232*20190822~DTM*233*20190822~SVC*HC:99385:25*268*120.16**1~DTM*472*20190822~CAS*CO*45*147.84~REF*6R*44971~AMT*B6*120.16~LQ*HE*N381~SVC*HC:H0049*36.16*10.92**1~DTM*472*20190822~CAS*CO*45*25.24~REF*6R*45028~AMT*B6*10.92~LQ*HE*N381~SVC*HC:G8510*20*11**1~DTM*472*20190822~CAS*CO*45*9~REF*6R*45029~AMT*B6*11~LQ*HE*N381~CLP*000100025570*1*148*96.78**MC*2019330057800~NM1*QC*1*ROPER*SHALONE*A***MR*P628185~NM1*82*1*GRONEMEYER*LEANNE*R***XX*1659521045~REF*EA*B08FB6506FD540D98C8B3208E3578B2F~DTM*232*20191121~DTM*233*20191121~SVC*HC:99392*148*96.78**1~DTM*472*20191121~CAS*CO*45*51.22~REF*6R*CPEH6PGJ3OJH~AMT*B6*96.78~LQ*HE*N381~CLP*39321A*1*135*97.11**MC*2019330038976~NM1*QC*1*ROYBAL*CELESTINA*A***MR*I238627~NM1*82*1*LUCAS*PEGGI*S***XX*1366419582~DTM*232*20190819~DTM*233*20190819~SVC*HC:99214*135*97.11**1~DTM*472*20190819~CAS*CO*45*37.89~REF*6R*44958~AMT*B6*97.11~LQ*HE*N381~CLP*000100025674*1*124*80.59**MC*2019330057863~NM1*QC*1*RUIZ*RACHEL****MR*S803725~NM1*82*1*SEARLES*DENISE*A***XX*1396971230~REF*EA*9FA4D48644A840B28CDB037C208142E1~DTM*232*20191122~DTM*233*20191122~SVC*HC:99212:25*54*39.39**1~DTM*472*20191122~CAS*CO*45*14.61~REF*6R*CPEH6CFFCT4W~AMT*B6*39.39~LQ*HE*N381~SVC*HC:90471*35*19.46**1~DTM*472*20191122~CAS*CO*45*15.54~REF*6R*CPEHIHC31N2J~AMT*B6*19.46~LQ*HE*N381~SVC*HC:90674*35*21.74**1~DTM*472*20191122~CAS*CO*45*13.26~REF*6R*CPEH9DCA7LWI~AMT*B6*21.74~LQ*HE*N381~CLP*000100025666*1*149*105.53**MC*2019330055740~NM1*QC*1*SALAZAR*FELICIA*H***MR*G554326~NM1*82*1*KLAKER*JULIE*M***XX*1215134705~REF*EA*1A2893A27FE7459EBD3DCE4271047BAA~DTM*232*20191122~DTM*233*20191122~SVC*HC:99214:25*134*97.11**1~DTM*472*20191122~CAS*CO*45*36.89~REF*6R*CPEHCAOTE0GS~AMT*B6*97.11~LQ*HE*N381~SVC*HC:81025*15*8.42**1~DTM*472*20191122~CAS*CO*45*6.58~REF*6R*CPEHCQD15X7X~AMT*B6*8.42~LQ*HE*N381~CLP*000100025704*1*134*97.11**MC*2019331028681~NM1*QC*1*SALAZAR*THOMAS*L***MR*C452323~NM1*82*1*LUCAS*PEGGI*S***XX*1366419582~REF*EA*D908E45D4AA94D5B8F421450B7065B8E~DTM*232*20191125~DTM*233*20191125~SVC*HC:99214*134*97.11**1~DTM*472*20191125~CAS*CO*45*36.89~REF*6R*CPE9A1B7UJIW~AMT*B6*97.11~LQ*HE*N381~CLP*000100025760*1*134*97.11**MC*2019331028659~NM1*QC*1*SANCHEZ*MARIO****MR*L108247~NM1*82*1*HOOSHMAND-PARSI*KAYHOSROW****XX*1447291851~REF*EA*B9D0FC3BD78F4480A8832830A78B9073~DTM*232*20191125~DTM*233*20191125~SVC*HC:99214*134*97.11**1~DTM*472*20191125~CAS*CO*45*36.89~REF*6R*CPE9CGANKKEK~AMT*B6*97.11~LQ*HE*N381~CLP*000100025753*1*134*97.11**MC*2019331028750~NM1*QC*1*SANTISTEVAN*MARILYN****MR*J932671~NM1*82*1*HOOSHMAND-PARSI*KAYHOSROW****XX*1447291851~REF*EA*429813FF82AF459F9257F4CA63816764~DTM*232*20191125~DTM*233*20191125~SVC*HC:99214*134*97.11**1~DTM*472*20191125~CAS*CO*45*36.89~REF*6R*CPE90GY6J1T3~AMT*B6*97.11~LQ*HE*N381~CLP*000100025698*1*134*97.11**MC*2019330055623~NM1*QC*1*SCHUDAR*JOHN*R***MR*Y988342~NM1*82*1*LUCAS*PEGGI*S***XX*1366419582~REF*EA*E6D2F373A9CB42378BB72BE85614C58E~DTM*232*20191125~DTM*233*20191125~SVC*HC:99214*134*97.11**1~DTM*472*20191125~CAS*CO*45*36.89~REF*6R*CPEH91D6WI4E~AMT*B6*97.11~LQ*HE*N381~CLP*40205A*1*70*47.81**MC*2019329033230~NM1*QC*1*SELLS*LETTY*A***MR*U285051~NM1*82*1*SEARLES*DENISE*A***XX*1396971230~DTM*232*20190808~DTM*233*20190808~SVC*HC:99212:25*55*39.39**1~DTM*472*20190808~CAS*CO*45*15.61~REF*6R*44981~AMT*B6*39.39~LQ*HE*N381~SVC*HC:81025*15*8.42**1~DTM*472*20190808~CAS*CO*45*6.58~REF*6R*44982~AMT*B6*8.42~LQ*HE*N381~CLP*40123A*1*283.16*87.05*2*MC*2019330039048~NM1*QC*1*SMITH*RYAN*D***MR*G017888~NM1*82*1*SEARLES*DENISE*A***XX*1396971230~DTM*232*20190809~DTM*233*20190809~SVC*HC:99202:25*227*65.13**1~DTM*472*20190809~CAS*PR*3*2~CAS*CO*45*159.87~REF*6R*44977~AMT*B6*67.13~LQ*HE*N381~LQ*HE*N381~SVC*HC:H0049*36.16*10.92**1~DTM*472*20190809~CAS*CO*45*25.24~REF*6R*45021~AMT*B6*10.92~LQ*HE*N381~SVC*HC:G8510*20*11**1~DTM*472*20190809~CAS*CO*45*9~REF*6R*45022~AMT*B6*11~LQ*HE*N381~CLP*39643A*1*150*105.53**MC*2019330038999~NM1*QC*1*SOSA*KENDRA*E***MR*R268169~NM1*82*1*KLAKER*JULIE*M***XX*1215134705~DTM*232*20190731~DTM*233*20190731~SVC*HC:99214:25*135*97.11**1~DTM*472*20190731~CAS*CO*45*37.89~REF*6R*44947~AMT*B6*97.11~LQ*HE*N381~SVC*HC:81025*15*8.42**1~DTM*472*20190731~CAS*CO*45*6.58~REF*6R*45052~AMT*B6*8.42~LQ*HE*N381~CLP*000100025765*1*134*97.11**MC*2019331028800~NM1*QC*1*SPINUZZI*TRINA****MR*K013869~NM1*82*1*LUCAS*PEGGI*S***XX*1366419582~REF*EA*8D9DC453E41F46009DA1319EF994536A~DTM*232*20191125~DTM*233*20191125~SVC*HC:99214*134*97.11**1~DTM*472*20191125~CAS*CO*45*36.89~REF*6R*CPE9MFMIFWJ3~AMT*B6*97.11~LQ*HE*N381~CLP*000100025709*1*134*97.11**MC*2019331028549~NM1*QC*1*STELLE*NANCY****MR*E258967~NM1*82*1*GRONEMEYER*LEANNE*R***XX*1659521045~REF*EA*191D9C787272489CAC589E0B540D5C8C~DTM*232*20191125~DTM*233*20191125~SVC*HC:99214*134*97.11**1~DTM*472*20191125~CAS*CO*45*36.89~REF*6R*CPE9B1M8PTXS~AMT*B6*97.11~LQ*HE*N381~CLP*000100025788*1*204*138.31**MC*2019331028640~NM1*QC*1*TAFOYA*KENNETH*T***MR*N782270~NM1*82*1*GRONEMEYER*LEANNE*R***XX*1659521045~REF*EA*B5B8544F68194A17AB0C28EDBA8DACF6~DTM*232*20191126~DTM*233*20191126~SVC*HC:99214:25*134*97.11**1~DTM*472*20191126~CAS*CO*45*36.89~REF*6R*CPE99VR8W5EG~AMT*B6*97.11~LQ*HE*N381~SVC*HC:90471*35*19.46**1~DTM*472*20191126~CAS*CO*45*15.54~REF*6R*CPE9XMS5DSGS~AMT*B6*19.46~LQ*HE*N381~SVC*HC:90674*35*21.74**1~DTM*472*20191126~CAS*CO*45*13.26~REF*6R*CPE9K8W595EO~AMT*B6*21.74~LQ*HE*N381~CLP*000100025758*1*149*105.53**MC*2019331028627~NM1*QC*1*TANKSLEY*DAYSHA*A***MR*O203621~NM1*82*1*LUCAS*PEGGI*S***XX*1366419582~REF*EA*624A32564B3A46CBA6DE59177167A7A4~DTM*232*20191125~DTM*233*20191125~SVC*HC:99214:25*134*97.11**1~DTM*472*20191125~CAS*CO*45*36.89~REF*6R*CPE99032W5UV~AMT*B6*97.11~LQ*HE*N381~SVC*HC:81025*15*8.42**1~DTM*472*20191125~CAS*CO*45*6.58~REF*6R*CPE965HAMN80~AMT*B6*8.42~LQ*HE*N381~CLP*39718A*1*55*39.39**MC*2019330039021~NM1*QC*1*TRUJILLO*RICHARD*P***MR*G844415~NM1*82*1*HOOSHMAND-PARSI*KAYHOSROW****XX*1447291851~DTM*232*20190730~DTM*233*20190730~SVC*HC:99212*55*39.39**1~DTM*472*20190730~CAS*CO*45*15.61~REF*6R*44953~AMT*B6*39.39~LQ*HE*N381~CLP*000100025645*1*138*100.51**MC*2019330055701~NM1*QC*1*ULIBARRI*STEPHANIE*R***MR*W341555~NM1*82*1*KLAKER*JULIE*M***XX*1215134705~REF*EA*FE23144AC74546A29BB7820EF362B1CF~DTM*232*20191122~DTM*233*20191122~SVC*HC:99214:25*134*97.11**1~DTM*472*20191122~CAS*CO*45*36.89~REF*6R*CPEHTRZNVUND~AMT*B6*97.11~LQ*HE*N381~SVC*HC:81002*4*3.4**1~DTM*472*20191122~CAS*CO*45*.6~REF*6R*CPEHQMB1Q6QQ~AMT*B6*3.4~LQ*HE*N381~CLP*000100025796*1*54*39.39**MC*2019331028811~NM1*QC*1*VALDEZ*ESTEBAN*F***MR*M468194~NM1*82*1*CADDALI*ESTRELLA*A***XX*1164974580~REF*EA*1A57A141BEF14969B15C4CB4717F4892~DTM*232*20191126~DTM*233*20191126~SVC*HC:99212*54*39.39**1~DTM*472*20191126~CAS*CO*45*14.61~REF*6R*CPE99ZRVY500~AMT*B6*39.39~LQ*HE*N381~CLP*000100025624*1*90*65.81**MC*2019330055720~NM1*QC*1*VALDEZ*MICHAEL****MR*S188705~NM1*82*1*KLAKER*JULIE*M***XX*1215134705~REF*EA*648812D5C50D47F6A530C5BE9D9E02B3~DTM*232*20191121~DTM*233*20191121~SVC*HC:99213*90*65.81**1~DTM*472*20191121~CAS*CO*45*24.19~REF*6R*CPEHWELGC44G~AMT*B6*65.81~LQ*HE*N381~CLP*000100025702*1*204*138.31**MC*2019331028704~NM1*QC*1*VIGIL*LITHA*A***MR*Q383977~NM1*82*1*GRONEMEYER*LEANNE*R***XX*1659521045~REF*EA*C211937AAA8546CDAF5F509C425C5418~DTM*232*20191125~DTM*233*20191125~SVC*HC:99214:25*134*97.11**1~DTM*472*20191125~CAS*CO*45*36.89~REF*6R*CPE914VNN0K8~AMT*B6*97.11~LQ*HE*N381~SVC*HC:90471*35*19.46**1~DTM*472*20191125~CAS*CO*45*15.54~REF*6R*CPE986QKEYC3~AMT*B6*19.46~LQ*HE*N381~SVC*HC:90674*35*21.74**1~DTM*472*20191125~CAS*CO*45*13.26~REF*6R*CPE9FRMSB60P~AMT*B6*21.74~LQ*HE*N381~CLP*000100022361*1*331*208.25**MC*2019330055710~NM1*QC*1*VIGIL*THOMAS****MR*T906376~NM1*82*1*LUCAS*PEGGI*S***XX*1366419582~REF*EA*C29D84C357C9400B9CBA56BAF3DD04A8~DTM*232*20190913~DTM*233*20190913~SVC*HC:99205:25*255*186.33**1~DTM*472*20190913~CAS*CO*45*68.67~REF*6R*CPEHJEA7L67J~AMT*B6*186.33~LQ*HE*N381~SVC*HC:H0049*36*10.92**1~DTM*472*20190913~CAS*CO*45*25.08~REF*6R*CPEH7HW2O9DT~AMT*B6*10.92~LQ*HE*N381~SVC*HC:G8510*40*11**1~DTM*472*20190913~CAS*CO*45*29~REF*6R*CPEH3Z8AQ5WM~AMT*B6*11~LQ*HE*N381~CLP*40430A*1*133*39.08**MC*2019329033272~NM1*QC*1*VILLAFUERTE*DWAYNE****MR*I506809~NM1*82*1*SEARLES*DENISE*A***XX*1396971230~DTM*232*20190823~DTM*233*20190823~SVC*HC:99201*133*39.08**1~DTM*472*20190823~CAS*CO*45*93.92~REF*6R*44993~AMT*B6*39.08~LQ*HE*N381~CLP*39779A*1*237.16*191.03**MC*2019329033125~NM1*QC*1*WALTER*JOY****MR*G296571~NM1*82*1*SEARLES*DENISE*A***XX*1396971230~DTM*232*20190731~DTM*233*20190731~SVC*HC:99204:25*165*149.59**1~DTM*472*20190731~CAS*CO*45*15.41~REF*6R*44989~AMT*B6*149.59~LQ*HE*N381~SVC*HC:H0049*36.16*10.92**1~DTM*472*20190731~CAS*CO*45*25.24~REF*6R*45007~AMT*B6*10.92~LQ*HE*N381~SVC*HC:G8431*36*30.52**1~DTM*472*20190731~CAS*CO*45*5.48~REF*6R*45008~AMT*B6*30.52~LQ*HE*N381~CLP*39802A*1*135*97.11**MC*2019330039025~NM1*QC*1*WALTER*JOY****MR*G296571~NM1*82*1*SEARLES*DENISE*A***XX*1396971230~DTM*232*20190807~DTM*233*20190807~SVC*HC:99214*135*97.11**1~DTM*472*20190807~CAS*CO*45*37.89~REF*6R*45009~AMT*B6*97.11~LQ*HE*N381~CLP*000100025571*1*134*95.11*2*MC*2019330057833~NM1*QC*1*WILLIS*CHARLES*D***MR*P650839~NM1*82*1*CADDALI*ESTRELLA*A***XX*1164974580~REF*EA*0AA310ED5A44430B9650D12B226898CE~DTM*232*20191121~DTM*233*20191121~SVC*HC:99214*134*95.11**1~DTM*472*20191121~CAS*PR*3*2~CAS*CO*45*36.89~REF*6R*CPEHD692W9JF~AMT*B6*97.11~LQ*HE*N381~LQ*HE*N381~CLP*000100025684*1*289.66*197.7**MC*2019330057779~NM1*QC*1*WINEGARD*ERIN*E***MR*U514872~NM1*82*1*LUCAS*PEGGI*S***XX*1366419582~REF*EA*B6498E4181DA45439D1CD0539C3F31E4~DTM*232*20191122~DTM*233*20191122~SVC*HC:99204:25*205*149.59**1~DTM*472*20191122~CAS*CO*45*55.41~REF*6R*CPEHIO52EJ9U~AMT*B6*149.59~LQ*HE*N381~SVC*HC:H0049*36*10.92**1~DTM*472*20191122~CAS*CO*45*25.08~REF*6R*CPEHU4M87ZEI~AMT*B6*10.92~LQ*HE*N381~SVC*HC:G8431*40*30.52**1~DTM*472*20191122~CAS*CO*45*9.48~REF*6R*CPEHRLI92WFZ~AMT*B6*30.52~LQ*HE*N381~SVC*HC:86580*8.66*6.67**1~DTM*472*20191122~CAS*CO*45*1.99~REF*6R*CPEHCZGNEUD9~AMT*B6*6.67~LQ*HE*N381~CLP*000100025642*1*105*74.23**MC*2019330057844~NM1*QC*1*WOODARD*LYDIA****MR*P869732~NM1*82*1*KLAKER*JULIE*M***XX*1215134705~REF*EA*1D4BE9C2DACB4544B04F37FF3AEAF840~DTM*232*20191122~DTM*233*20191122~SVC*HC:99213:25*90*65.81**1~DTM*472*20191122~CAS*CO*45*24.19~REF*6R*CPEHVFWBXK6J~AMT*B6*65.81~LQ*HE*N381~SVC*HC:81025*15*8.42**1~DTM*472*20191122~CAS*CO*45*6.58~REF*6R*CPEH38ZYJ5DY~AMT*B6*8.42~LQ*HE*N381~CLP*000100025738*1*134*97.11**MC*2019331028452~NM1*QC*1*YALOTZ*SHANE*W***MR*M883525~NM1*82*1*HOOSHMAND-PARSI*KAYHOSROW****XX*1447291851~REF*EA*51200F14CE874D109FE9674482F0FFC7~DTM*232*20191125~DTM*233*20191125~SVC*HC:99214*134*97.11**1~DTM*472*20191125~CAS*CO*45*36.89~REF*6R*CPE9ZQSJ5IW0~AMT*B6*97.11~LQ*HE*N381~CLP*000100024447*1*15*7.42*1*MC*2019330055688~NM1*QC*1*ARMSTRONG YOUNGBLOOD*CASSIDY****MR*Y096253~NM1*74*1*YOUNGBLOOD**R~NM1*82*1*KLAKER*JULIE*M***XX*1215134705~REF*EA*37E6EA58A4C646E9841CFA28E7BDB0A8~DTM*232*20191101~DTM*233*20191101~SVC*HC:81025*15*7.42**1~DTM*472*20191101~CAS*PR*3*1~CAS*CO*45*6.58~REF*6R*CPEHG3MLR0FK~AMT*B6*8.42~LQ*HE*N381~LQ*HE*N381~CLP*000100025729*1*105*72.23*2*MC*2019331028593~NM1*QC*1*ARMSTRONG YOUNGBLOOD*CASSIDY****MR*Y096253~NM1*74*1*YOUNGBLOOD**R~NM1*82*1*HOOSHMAND-PARSI*KAYHOSROW****XX*1447291851~REF*EA*44443C58A4C647F0968DA0530C5A27E9~DTM*232*20191125~DTM*233*20191125~SVC*HC:99213:25*90*63.81**1~DTM*472*20191125~CAS*PR*3*2~CAS*CO*45*24.19~REF*6R*CPE9L68SIJLO~AMT*B6*65.81~LQ*HE*N381~LQ*HE*N381~SVC*HC:81025*15*8.42**1~DTM*472*20191125~CAS*CO*45*6.58~REF*6R*CPE9KNZXPXD4~AMT*B6*8.42~LQ*HE*N381~CLP*40099A*4*488.16*0**MC*2019329033177~NM1*QC*1*BANKSTON*AMANDA*M***MR*G892642~NM1*82*1*SEARLES*DENISE*A***XX*1396971230~DTM*232*20190808~DTM*233*20190808~SVC*HC:99205:25:FP*190*0**0**1~DTM*472*20190808~CAS*PI*16*190~REF*6R*44984~LQ*HE*N554~SVC*HC:99415*45*0**0**1~DTM*472*20190808~CAS*PI*16*45~REF*6R*44985~LQ*HE*N554~SVC*HC:96372:FP*53*0**0**1~DTM*472*20190808~CAS*PI*16*53~REF*6R*44986~LQ*HE*N554~SVC*HC:J1050:FP*129*0**0**150~DTM*472*20190808~CAS*PI*16*129~REF*6R*44987~LQ*HE*N554~SVC*HC:81025*15*0**0**1~DTM*472*20190808~CAS*PI*16*15~REF*6R*45012~LQ*HE*N554~SVC*HC:H0049*36.16*0**0**1~DTM*472*20190808~CAS*PI*16*36.16~REF*6R*45013~LQ*HE*N554~SVC*HC:G8510*20*0**0**1~DTM*472*20190808~CAS*PI*16*20~REF*6R*45014~LQ*HE*N554~CLP*000100023222*4*23.15*0**MC*2019331028829~NM1*QC*1*GUNN*MELITA*G***MR*O588174~NM1*82*1*HOOSHMAND-PARSI*KAYHOSROW****XX*1447291851~REF*EA*5C223B24526741EABDE8B6D084B9B70B~DTM*232*20191003~DTM*233*20191003~SVC*HC:93000*23.15*0**0**1~DTM*472*20191003~CAS*PI*96*23.15~REF*6R*CPEHL1JF6P54~LQ*HE*N30~LQ*HE*MA92~CLP*000100024853*4*134*0**MC*2019331028797~NM1*QC*1*RUCKER*MARITTA****MR*P639220~NM1*82*1*HOOSHMAND-PARSI*KAYHOSROW****XX*1447291851~REF*EA*F936641633844C888AF4A701E3645127~DTM*232*20191107~DTM*233*20191107~SVC*HC:99214*134*0**0**1~DTM*472*20191107~CAS*PI*16*134~REF*6R*CPE9C4M81BD9~LQ*HE*MA92~LQ*HE*MA92~LQ*HE*MA92~LQ*HE*MA92~LQ*HE*N56~PLB*1508250911*20191231*CS:0000371824767*-12.94*CS:0000371824767*12.94~SE*2508*000010013~GE*1*300002431~IEA*1*300002431~