ISA*00*          *00*          *ZZ*COMEDASSISTPROG*ZZ*6769489        *191125*0231*^*00501*200003242*0*P*:~GS*HP*COMEDASSISTPROG*6769489*20191125*023113*200003242*X*005010X221A1~ST*835*000010013~BPR*I*21732.83*C*ACH*CCP*01*075911603*DA*00000004556640373*1811725341**01*102000076*DA*2838835219*20191125~TRN*1*000823742*1811725341~REF*EV*1508250911~DTM*405*20191122~N1*PR*CO_TXIX*XV*7912900843~N3*P.O. BOX 30~N4*DENVER*CO*80201~PER*CX*MEDICAID PROVIDER SERVICES*TE*8442352387~PER*BL*MEDICAID PROVIDER SERVICES*TE*8442352387~N1*PE*HEALTH SOLUTIONS MED CENTER*XX*1508250911~REF*TJ*841158933~LX*1~CLP*000100021669*2*145*18.89**MC*2019326007783~NM1*QC*1*ACOSTA*ROSALINA****MR*P610914~NM1*82*1*LUCAS*PEGGI*S***XX*1366419582~REF*EA*4679E313337F441FBA1C19C15FD11D83~DTM*232*20190828~DTM*233*20190828~SVC*HC:99203*145*18.89**1~DTM*472*20190828~CAS*CO*45*126.11~REF*6R*CPCHP5W8FAL1~AMT*B6*18.89~LQ*HE*N381~LQ*HE*N381~CLP*000100022213*2*134*18.93**MC*2019326007786~NM1*QC*1*ACOSTA*ROSALINA****MR*P610914~NM1*82*1*LUCAS*PEGGI*S***XX*1366419582~REF*EA*91632C3AF09846D3A5425802998D531E~DTM*232*20190911~DTM*233*20190911~SVC*HC:99214*134*18.93**1~DTM*472*20190911~CAS*CO*45*115.07~REF*6R*CPCHIXDJY1I8~AMT*B6*18.93~LQ*HE*N381~LQ*HE*N381~CLP*000100022931*2*134*18.93**MC*2019326007787~NM1*QC*1*ACOSTA*ROSALINA****MR*P610914~NM1*82*1*LUCAS*PEGGI*S***XX*1366419582~REF*EA*B895E8EBC1E34A5683D5A7F9BF59D689~DTM*232*20190927~DTM*233*20190927~SVC*HC:99214*134*18.93**1~DTM*472*20190927~CAS*CO*45*115.07~REF*6R*CPCHKXO5N6LZ~AMT*B6*18.93~LQ*HE*N381~LQ*HE*N381~CLP*39743*2*55*37.06**MC*2219322005728~NM1*QC*1*ADAMS*THEA*C***MR*P361655~DTM*232*20190815~DTM*233*20190815~SVC*HC:99212*55*37.06**1~DTM*472*20190815~CAS*CO*45*17.94~REF*HPI*1164974580~AMT*B6*37.06~LQ*HE*N381~LQ*HE*N381~CLP*35658*2*135*18.93**MC*2219322006145~NM1*QC*1*AMORIN*RUTH*E***MR*P722248~DTM*232*20190508~DTM*233*20190508~SVC*HC:99214*135*18.93**1~DTM*472*20190508~CAS*CO*45*116.07~REF*HPI*1164974580~AMT*B6*18.93~LQ*HE*N381~LQ*HE*N381~CLP*36076*2*90*12.94**MC*2219322006224~NM1*QC*1*ANDERSON*KATHY*R***MR*P388137~DTM*232*20190507~DTM*233*20190507~SVC*HC:99213*90*12.94**1~DTM*472*20190507~CAS*CO*45*77.06~REF*HPI*1659521045~AMT*B6*12.94~LQ*HE*N381~LQ*HE*N381~CLP*36111*2*90*12.94**MC*2219322006296~NM1*QC*1*ANDERSON*KATHY*R***MR*P388137~DTM*232*20190529~DTM*233*20190529~SVC*HC:99213*90*12.94**1~DTM*472*20190529~CAS*CO*45*77.06~REF*HPI*1659521045~AMT*B6*12.94~LQ*HE*N381~LQ*HE*N381~CLP*35675*2*90*12.94**MC*2219322006452~NM1*QC*1*BALLENTINE*JULIE*C***MR*K756103~DTM*232*20190515~DTM*233*20190515~SVC*HC:99213*90*12.94**1~DTM*472*20190515~CAS*CO*45*77.06~REF*HPI*1164974580~AMT*B6*12.94~LQ*HE*N381~LQ*HE*N381~CLP*35840*2*90*12.94**MC*2219322006628~NM1*QC*1*CHANDLER*VERONICA*L***MR*U875646~DTM*232*20190509~DTM*233*20190509~SVC*HC:99213*90*12.94**1~DTM*472*20190509~CAS*CO*45*77.06~REF*HPI*1659521045~AMT*B6*12.94~LQ*HE*N381~LQ*HE*N381~CLP*39032*2*242.28*11.22**MC*2219322004490~NM1*QC*1*CHAPMAN*LAURA*A***MR*G346808~DTM*232*20190710~DTM*233*20190710~SVC*HC:99204:25*165*0**0**1~DTM*472*20190710~CAS*PI*5*165~REF*HPI*1164974580~LQ*HE*N95~LQ*HE*M77~SVC*HC:G0444*20.12*0**1~DTM*472*20190710~CAS*CO*45*20.12~REF*HPI*1164974580~SVC*HC:G0396*36.16*11.22**1~DTM*472*20190710~CAS*OA*P22*24.94~REF*HPI*1164974580~AMT*B6*11.22~LQ*HE*MA125~LQ*HE*MA125~SVC*HC:81002*6*0**1~DTM*472*20190710~CAS*CO*45*6~REF*HPI*1164974580~LQ*HE*N381~SVC*HC:81025*15*0**1~DTM*472*20190710~CAS*CO*45*15~REF*HPI*1164974580~LQ*HE*N381~CLP*38743*2*90*12.94**MC*2219322006712~NM1*QC*1*CHAVEZ*CHRISTOPHER*S***MR*D491163~DTM*232*20190722~DTM*233*20190722~SVC*HC:99213*90*12.94**1~DTM*472*20190722~CAS*CO*45*77.06~REF*HPI*1659521045~AMT*B6*12.94~LQ*HE*N381~LQ*HE*N381~CLP*000100023299*2*265*48.64**MC*2019320003093~NM1*QC*1*DAVID*CASSANDRA*M***MR*R733683~NM1*82*1*LUCAS*PEGGI*S***XX*1366419582~REF*EA*85C48B7DC33D463EBBE4D88D1F866D36~DTM*232*20191007~DTM*233*20191007~SVC*HC:99204:25*205*28.64**1~DTM*472*20191007~CAS*CO*45*176.36~REF*6R*CP5TPJIXZXES~AMT*B6*28.64~LQ*HE*N381~LQ*HE*N381~SVC*HC:G0444*20*20**1~DTM*472*20191007~REF*6R*CP5TY6NYBQ29~AMT*B6*20~SVC*HC:G0396*40*0**0**1~DTM*472*20191007~CAS*CO*56*40~REF*6R*CP5T205M1TJ8~LQ*HE*N130~LQ*HE*N30~LQ*HE*MA125~CLP*000100023568*2*142.66*18.93**MC*2019320003097~NM1*QC*1*DAVID*CASSANDRA*M***MR*R733683~NM1*82*1*LUCAS*PEGGI*S***XX*1366419582~REF*EA*CCE83950745A45D6BA7E5144B503FA34~DTM*232*20191011~DTM*233*20191011~SVC*HC:99214:25*134*18.93**1~DTM*472*20191011~CAS*CO*45*115.07~REF*6R*CP5TM2SZZQ1G~AMT*B6*18.93~LQ*HE*N381~LQ*HE*N381~SVC*HC:86580*8.66*0**1~DTM*472*20191011~CAS*CO*45*2.06~CAS*OA*23*6.6~REF*6R*CP5T85GEW9YO~LQ*HE*N381~LQ*HE*N381~CLP*000100024445*2*134*18.93**MC*2019326007763~NM1*QC*1*ENCINA*MARTA****MR*I139437~NM1*82*1*LUCAS*PEGGI*S***XX*1366419582~REF*EA*5AD83CCE0F434D0EBFBF96F1EF1FCA28~DTM*232*20191101~DTM*233*20191101~SVC*HC:99214*134*18.93**1~DTM*472*20191101~CAS*CO*45*115.07~REF*6R*CPCHWT8QQIX4~AMT*B6*18.93~LQ*HE*N381~LQ*HE*N381~CLP*000100024166*2*134*18.93**MC*2019322061549~NM1*QC*1*KHALER*ALVIN*J***MR*I465139~NM1*82*1*GRONEMEYER*LEANNE*R***XX*1659521045~REF*EA*38B390E0DE0D46EEA9BD3E3025E374B1~DTM*232*20191024~DTM*233*20191024~SVC*HC:99214*134*18.93**1~DTM*472*20191024~CAS*CO*45*115.07~REF*6R*CPCLNMW4DQU6~AMT*B6*18.93~LQ*HE*N381~LQ*HE*N381~CLP*000100024177*2*233*62.81**MC*2019320003085~NM1*QC*1*MATTHEWS*MICHAEL*P***MR*L679106~NM1*82*1*CADDALI*ESTRELLA*A***XX*1164974580~REF*EA*5EDD42FDA11D498DA74EC819F7D88507~DTM*232*20191024~DTM*233*20191024~SVC*HC:G0439:25*145*0**1~DTM*472*20191024~CAS*OA*P22*145~REF*6R*CP5TL8OADNOY~LQ*HE*MA125~SVC*HC:90471*35*19.46**1~DTM*472*20191024~CAS*CO*45*15.54~REF*6R*CP5TJS27W7QB~AMT*B6*19.46~LQ*HE*N381~SVC*HC:90715*53*43.35**1~DTM*472*20191024~CAS*CO*45*9.65~REF*6R*CP5T4M7WJ8DU~AMT*B6*43.35~LQ*HE*N381~CLP*000100022249*2*54*3.07**MC*2019322061555~NM1*QC*1*SMITH*LARRY****MR*F486161~NM1*82*1*HOOSHMAND-PARSI*KAYHOSROW****XX*1447291851~REF*EA*06EC0A3DD9D945C1B73149A5BD3036FC~DTM*232*20190911~DTM*233*20190911~SVC*HC:99212*54*3.07**1~DTM*472*20190911~CAS*CO*45*50.93~REF*6R*CPCL93IQTOIP~AMT*B6*3.07~LQ*HE*N381~LQ*HE*N381~CLP*000100024537*2*134*18.93**MC*2019326007761~NM1*QC*1*TAVAREZ*BALBINAQ****MR*O311216~NM1*82*1*GRONEMEYER*LEANNE*R***XX*1659521045~REF*EA*C7C764EFF18B483B9208314946E53CB8~DTM*232*20191104~DTM*233*20191104~SVC*HC:99214*134*18.93**1~DTM*472*20191104~CAS*CO*45*115.07~REF*6R*CPCHYQO9HQOX~AMT*B6*18.93~LQ*HE*N381~LQ*HE*N381~CLP*000100025441*1*134*97.11**MC*2019326045917~NM1*QC*1*AMWAY*AMANDA****MR*P598268~NM1*82*1*LUCAS*PEGGI*S***XX*1366419582~REF*EA*A543F5697B4B4748AC2E4BB51035161B~DTM*232*20191119~DTM*233*20191119~SVC*HC:99214*134*97.11**1~DTM*472*20191119~CAS*CO*45*36.89~REF*6R*CPED3YJMJRAW~AMT*B6*97.11~LQ*HE*N381~CLP*000100025241*1*134*97.11**MC*2019325051915~NM1*QC*1*ANTHONY*MELVIN*T***MR*Y839789~NM1*82*1*CADDALI*ESTRELLA*A***XX*1164974580~REF*EA*52E119C7C81A4E65B1D3CF00E46CB7DA~DTM*232*20191114~DTM*233*20191114~SVC*HC:99214*134*97.11**1~DTM*472*20191114~CAS*CO*45*36.89~REF*6R*CPELRZYOB5WR~AMT*B6*97.11~LQ*HE*N381~CLP*000100025300*1*134*97.11**MC*2019323032839~NM1*QC*1*ARAGON*THOMAS*O***MR*P166522~NM1*82*1*KLAKER*JULIE*M***XX*1215134705~REF*EA*4053486A76B24BC3A49EF370E8D7B184~DTM*232*20191115~DTM*233*20191115~SVC*HC:99214*134*97.11**1~DTM*472*20191115~CAS*CO*45*36.89~REF*6R*CPDT0AX7X7DM~AMT*B6*97.11~LQ*HE*N381~CLP*000100025198*1*180*129.99**MC*2019323032843~NM1*QC*1*ARAGON*THOMAS*O***MR*P166522~NM1*82*1*KLAKER*JULIE*M***XX*1215134705~REF*EA*F467DB811C6642E8B993D4F32674B1B4~DTM*232*20191114~DTM*233*20191114~SVC*HC:99215*180*129.99**1~DTM*472*20191114~CAS*CO*45*50.01~REF*6R*CPDTVA95CR12~AMT*B6*129.99~LQ*HE*N381~CLP*000100025391*1*138*98.51*2*MC*2019325051672~NM1*QC*1*ARELLANO*CHELSEA****MR*O487114~NM1*82*1*GRONEMEYER*LEANNE*R***XX*1659521045~REF*EA*A2A6A662D03F428290EA61B09F25BA7A~DTM*232*20191118~DTM*233*20191118~SVC*HC:99214:25*134*95.11**1~DTM*472*20191118~CAS*PR*3*2~CAS*CO*45*36.89~REF*6R*CPELX53N51MS~AMT*B6*97.11~LQ*HE*N381~LQ*HE*N381~SVC*HC:81002*4*3.4**1~DTM*472*20191118~CAS*CO*45*.6~REF*6R*CPELP8GOXGMX~AMT*B6*3.4~LQ*HE*N381~CLP*000100025382*1*134*97.11**MC*2019325051630~NM1*QC*1*ARELLANO*JOSHUA****MR*Q668955~NM1*82*1*GRONEMEYER*LEANNE*R***XX*1659521045~REF*EA*163DD6C715B54D44B7A565FC574F59EC~DTM*232*20191118~DTM*233*20191118~SVC*HC:99214*134*97.11**1~DTM*472*20191118~CAS*CO*45*36.89~REF*6R*CPELYVQSSSC8~AMT*B6*97.11~LQ*HE*N381~CLP*000100025184*1*134*97.11**MC*2019323032899~NM1*QC*1*ARGUELLO*MARY*L***MR*I158767~NM1*82*1*KLAKER*JULIE*M***XX*1215134705~REF*EA*9D2B8B874B984666879A190D830897CA~DTM*232*20191114~DTM*233*20191114~SVC*HC:99214*134*97.11**1~DTM*472*20191114~CAS*CO*45*36.89~REF*6R*CPDT86H79DSL~AMT*B6*97.11~LQ*HE*N381~CLP*000100025278*1*149*105.53**MC*2019325051594~NM1*QC*1*AVILA*KRISTA*M***MR*K943511~NM1*82*1*SEARLES*DENISE*A***XX*1396971230~REF*EA*5557EDE9504C4EECB7C19737139B9CBC~DTM*232*20191115~DTM*233*20191115~SVC*HC:99214:25*134*97.11**1~DTM*472*20191115~CAS*CO*45*36.89~REF*6R*CPELC48AYUVC~AMT*B6*97.11~LQ*HE*N381~SVC*HC:81025*15*8.42**1~DTM*472*20191115~CAS*CO*45*6.58~REF*6R*CPELD5ENLWDZ~AMT*B6*8.42~LQ*HE*N381~CLP*000100025512*1*134*97.11**MC*2019326046250~NM1*QC*1*BACA*DONOVAN*D***MR*U406657~NM1*82*1*GRONEMEYER*LEANNE*R***XX*1659521045~REF*EA*BDDF1DBB9A764E6E8B4D41A3A6DF3017~DTM*232*20191120~DTM*233*20191120~SVC*HC:99214*134*97.11**1~DTM*472*20191120~CAS*CO*45*36.89~REF*6R*CPEDGURMZMNX~AMT*B6*97.11~LQ*HE*N381~CLP*000100025439*1*135*67.13**MC*2019326045985~NM1*QC*1*BAIRD*ASHLYNN****MR*G563172~NM1*82*1*SEARLES*DENISE*A***XX*1396971230~REF*EA*244EBC27E739465199A299BFE99B3538~DTM*232*20191119~DTM*233*20191119~SVC*HC:99202*135*67.13**1~DTM*472*20191119~CAS*CO*45*67.87~REF*6R*CPEDKTS7XN98~AMT*B6*67.13~LQ*HE*N381~CLP*000100025282*1*65*55.35**MC*2019323032858~NM1*QC*1*BALLIETTE*ABIGAIL*C***MR*O961859~NM1*82*1*LEWIS*HOLLY*G***XX*1295234128~REF*EA*CADD25445EA547799FEF3B3939BAAA31~DTM*232*20191111~DTM*233*20191111~SVC*HC:90832*65*55.35**1~DTM*472*20191111~CAS*CO*45*9.65~REF*6R*CPDT98BXUWSC~AMT*B6*55.35~LQ*HE*N381~CLP*000100025359*1*149*105.53**MC*2019325051573~NM1*QC*1*BAROS*MELANIE*A***MR*L096798~NM1*82*1*LUCAS*PEGGI*S***XX*1366419582~REF*EA*66EC71FAF1F94DE3AB0ED3609B8F9A63~DTM*232*20191118~DTM*233*20191118~SVC*HC:99214:25*134*97.11**1~DTM*472*20191118~CAS*CO*45*36.89~REF*6R*CPELCYFLVX6W~AMT*B6*97.11~LQ*HE*N381~SVC*HC:81025*15*8.42**1~DTM*472*20191118~CAS*CO*45*6.58~REF*6R*CPEL97YEPLTX~AMT*B6*8.42~LQ*HE*N381~CLP*000100024175*1*1986*1298.73**MC*2019325051776~NM1*QC*1*BENAVIDEZ*MICHELLE*N***MR*M679006~NM1*82*1*SEARLES*DENISE*A***XX*1396971230~REF*EA*0EA7A01E816743B8A290170444253F84~DTM*232*20191024~DTM*233*20191024~SVC*HC:99214:25*134*97.11**1~DTM*472*20191024~CAS*CO*45*36.89~REF*6R*CPELTUV8G0UQ~AMT*B6*97.11~LQ*HE*N381~SVC*HC:96372*32*0**0**1~DTM*472*20191024~CAS*CO*109*32~REF*6R*CPELKS7GJH68~LQ*HE*N381~SVC*HC:J2315*1805*1193.2**380~DTM*472*20191024~CAS*CO*45*611.8~REF*6R*CPELGJGDCTCY~AMT*B6*1193.2~LQ*HE*N381~SVC*HC:81025*15*8.42**1~DTM*472*20191024~CAS*CO*45*6.58~REF*6R*CPELU6JA7AB5~AMT*B6*8.42~LQ*HE*N381~CLP*000100025437*1*134*97.11**MC*2019326046225~NM1*QC*1*BERNAL*AARON****MR*Q626987~NM1*82*1*SEARLES*DENISE*A***XX*1396971230~REF*EA*8F7A97E7DBA049EFB944DC8385AE3F1D~DTM*232*20191119~DTM*233*20191119~SVC*HC:99214*134*97.11**1~DTM*472*20191119~CAS*CO*45*36.89~REF*6R*CPEDXFZSXX16~AMT*B6*97.11~LQ*HE*N381~CLP*000100025210*1*80*71.25**MC*2019323032779~NM1*QC*1*BISHOP*VANDA****MR*T552840~NM1*82*1*LEWIS*HOLLY*G***XX*1295234128~REF*EA*35BB3C4E57A34524AD2750F9F46C8833~DTM*232*20191114~DTM*233*20191114~SVC*HC:90834*80*71.25**1~DTM*472*20191114~CAS*CO*45*8.75~REF*6R*CPDT1ABGMYHE~AMT*B6*71.25~LQ*HE*N381~CLP*000100025459*1*90*65.81**MC*2019325051531~NM1*QC*1*BOULIER*JEWEL*R***MR*W913486~NM1*82*1*CADDALI*ESTRELLA*A***XX*1164974580~REF*EA*9EEA3C94B6FB4C77BC18399AEC93A62D~DTM*232*20191119~DTM*233*20191119~SVC*HC:99213*90*65.81**1~DTM*472*20191119~CAS*CO*45*24.19~REF*6R*CPEL7VSO0XOJ~AMT*B6*65.81~LQ*HE*N381~CLP*000100025271*1*149*105.53**MC*2019325051541~NM1*QC*1*BOULIER*JEWEL*R***MR*W913486~NM1*82*1*SEARLES*DENISE*A***XX*1396971230~REF*EA*9FC2F30603894A599336F02870B963C4~DTM*232*20191115~DTM*233*20191115~SVC*HC:99214:25*134*97.11**1~DTM*472*20191115~CAS*CO*45*36.89~REF*6R*CPELFHW2F3JM~AMT*B6*97.11~LQ*HE*N381~SVC*HC:81025*15*8.42**1~DTM*472*20191115~CAS*CO*45*6.58~REF*6R*CPELPYQKJWN2~AMT*B6*8.42~LQ*HE*N381~CLP*000100025493*1*90*65.81**MC*2019326045810~NM1*QC*1*BRODEUR*MICHAEL****MR*O634397~NM1*82*1*CADDALI*ESTRELLA*A***XX*1164974580~REF*EA*C1190F1E97CD4C0F944E0F53C34690A9~DTM*232*20191120~DTM*233*20191120~SVC*HC:99213*90*65.81**1~DTM*472*20191120~CAS*CO*45*24.19~REF*6R*CPEDE97LY9K0~AMT*B6*65.81~LQ*HE*N381~CLP*000100025443*1*331*208.25**MC*2019326046155~NM1*QC*1*BYERS*BRAXTON****MR*O055709~NM1*82*1*LUCAS*PEGGI*S***XX*1366419582~REF*EA*140049FAC8FB43DB817DC8C9373CC3C4~DTM*232*20191119~DTM*233*20191119~SVC*HC:99205:25*255*186.33**1~DTM*472*20191119~CAS*CO*45*68.67~REF*6R*CPEDTT9Z06A3~AMT*B6*186.33~LQ*HE*N381~SVC*HC:H0049*36*10.92**1~DTM*472*20191119~CAS*CO*45*25.08~REF*6R*CPED0SCOXZDW~AMT*B6*10.92~LQ*HE*N381~SVC*HC:G8510*40*11**1~DTM*472*20191119~CAS*CO*45*29~REF*6R*CPEDMQC1M58T~AMT*B6*11~LQ*HE*N381~CLP*000100025064*1*149*105.53**MC*2019326046200~NM1*QC*1*CALDERON*DAVINA*R***MR*J450070~NM1*82*1*HOOSHMAND-PARSI*KAYHOSROW****XX*1447291851~REF*EA*B06958CFBB6144058075A9D4A59893C8~DTM*232*20191112~DTM*233*20191112~SVC*HC:99214:25*134*97.11**1~DTM*472*20191112~CAS*CO*45*36.89~REF*6R*CPEDAVOLVWXI~AMT*B6*97.11~LQ*HE*N381~SVC*HC:81025*15*8.42**1~DTM*472*20191112~CAS*CO*45*6.58~REF*6R*CPED1VGVFP00~AMT*B6*8.42~LQ*HE*N381~CLP*000100025429*1*149*105.53**MC*2019326046215~NM1*QC*1*CALDERON*DAVINA*R***MR*J450070~NM1*82*1*LUCAS*PEGGI*S***XX*1366419582~REF*EA*58CA98FC176C4D1AA327DA2C463D30A5~DTM*232*20191119~DTM*233*20191119~SVC*HC:99214:25*134*97.11**1~DTM*472*20191119~CAS*CO*45*36.89~REF*6R*CPED00ZJRUGI~AMT*B6*97.11~LQ*HE*N381~SVC*HC:81025*15*8.42**1~DTM*472*20191119~CAS*CO*45*6.58~REF*6R*CPEDQLH0ZZ68~AMT*B6*8.42~LQ*HE*N381~CLP*000100025389*1*401*249.45**MC*2019325051461~NM1*QC*1*CARDINAL*CRISTINA*R***MR*N436588~NM1*82*1*LUCAS*PEGGI*S***XX*1366419582~REF*EA*2050066AA32241B8839F724A5CD52E2B~DTM*232*20191118~DTM*233*20191118~SVC*HC:99205:25*255*186.33**1~DTM*472*20191118~CAS*CO*45*68.67~REF*6R*CPELOVVX33TN~AMT*B6*186.33~LQ*HE*N381~SVC*HC:90471*35*19.46**1~DTM*472*20191118~CAS*CO*45*15.54~REF*6R*CPELXFDWWHSC~AMT*B6*19.46~LQ*HE*N381~SVC*HC:90674*35*21.74**1~DTM*472*20191118~CAS*CO*45*13.26~REF*6R*CPEL18ZNMEIA~AMT*B6*21.74~LQ*HE*N381~SVC*HC:H0049*36*10.92**1~DTM*472*20191118~CAS*CO*45*25.08~REF*6R*CPELKTR2S0KM~AMT*B6*10.92~LQ*HE*N381~SVC*HC:G8510*40*11**1~DTM*472*20191118~CAS*CO*45*29~REF*6R*CPEL3CS94CL2~AMT*B6*11~LQ*HE*N381~CLP*000100025242*1*134*97.11**MC*2019325051477~NM1*QC*1*PADILLA*CARA*F***MR*Y011382~NM1*74*1*CARLYLE~NM1*82*1*KLAKER*JULIE*M***XX*1215134705~REF*EA*BAD62BC5350641E8A1DE4D2CE095540A~DTM*232*20191114~DTM*233*20191114~SVC*HC:99214*134*97.11**1~DTM*472*20191114~CAS*CO*45*36.89~REF*6R*CPELENNKBKKQ~AMT*B6*97.11~LQ*HE*N381~CLP*000100025331*1*134*97.11**MC*2019325051726~NM1*QC*1*CASACK*JACOB****MR*Y190717~NM1*82*1*LUCAS*PEGGI*S***XX*1366419582~REF*EA*A69CEEA712084E6FA44A3DD69E00BCFE~DTM*232*20191118~DTM*233*20191118~SVC*HC:99214*134*97.11**1~DTM*472*20191118~CAS*CO*45*36.89~REF*6R*CPELJKMY5Y7A~AMT*B6*97.11~LQ*HE*N381~CLP*000100025424*1*316*167.44**MC*2019326045877~NM1*QC*1*CASTILLO*JANELL****MR*W017270~NM1*82*1*GRONEMEYER*LEANNE*R***XX*1659521045~REF*EA*C04C7A8E95D749608EFFD74A31302150~DTM*232*20191119~DTM*233*20191119~SVC*HC:99215:25*180*129.99**1~DTM*472*20191119~CAS*CO*45*50.01~REF*6R*CPEDSAPM3TFT~AMT*B6*129.99~LQ*HE*N381~SVC*HC:99415*45*7.11**1~DTM*472*20191119~CAS*CO*45*37.89~REF*6R*CPEDEFZ6FPM6~AMT*B6*7.11~LQ*HE*N381~SVC*HC:H0049*36*10.92**1~DTM*472*20191119~CAS*CO*45*25.08~REF*6R*CPEDJFLNZXGF~AMT*B6*10.92~LQ*HE*N381~SVC*HC:G8510*40*11**1~DTM*472*20191119~CAS*CO*45*29~REF*6R*CPEDILUO6OUD~AMT*B6*11~LQ*HE*N381~SVC*HC:81025*15*8.42**1~DTM*472*20191119~CAS*CO*45*6.58~REF*6R*CPEDZ7N81NAX~AMT*B6*8.42~LQ*HE*N381~CLP*000100025428*1*236*147.29**MC*2019326045858~NM1*QC*1*CHATMAN*BRITTANY*C***MR*Y447314~NM1*82*1*SEARLES*DENISE*A***XX*1396971230~REF*EA*25ED9096C03043E88E8352408166C46E~DTM*232*20191119~DTM*233*20191119~SVC*HC:99203:25*145*97.43**1~DTM*472*20191119~CAS*CO*45*47.57~REF*6R*CPEDF35X4OFC~AMT*B6*97.43~LQ*HE*N381~SVC*HC:H0049*36*10.92**1~DTM*472*20191119~CAS*CO*45*25.08~REF*6R*CPEDK71RZ9HH~AMT*B6*10.92~LQ*HE*N381~SVC*HC:G8431*40*30.52**1~DTM*472*20191119~CAS*CO*45*9.48~REF*6R*CPEDUL2YKDIC~AMT*B6*30.52~LQ*HE*N381~SVC*HC:81025*15*8.42**1~DTM*472*20191119~CAS*CO*45*6.58~REF*6R*CPEDJU9EQRQ7~AMT*B6*8.42~LQ*HE*N381~CLP*000100025365*1*90*65.81**MC*2019325051379~NM1*QC*1*CHRISTOPHER*CHEYENNE****MR*G660293~NM1*82*1*GRONEMEYER*LEANNE*R***XX*1659521045~REF*EA*C6962006926B4EC6A7177057A428F706~DTM*232*20191118~DTM*233*20191118~SVC*HC:99213*90*65.81**1~DTM*472*20191118~CAS*CO*45*24.19~REF*6R*CPEL9JP635WA~AMT*B6*65.81~LQ*HE*N381~CLP*000100025451*1*331*225.77*2*MC*2019326046144~NM1*QC*1*COWEN*MARY****MR*O491346~NM1*82*1*LUCAS*PEGGI*S***XX*1366419582~REF*EA*CF71AD9908404C5EB778E4E6EB326831~DTM*232*20191119~DTM*233*20191119~SVC*HC:99205:25*255*184.33**1~DTM*472*20191119~CAS*PR*3*2~CAS*CO*45*68.67~REF*6R*CPED15213M6V~AMT*B6*186.33~LQ*HE*N381~LQ*HE*N381~SVC*HC:H0049*36*10.92**1~DTM*472*20191119~CAS*CO*45*25.08~REF*6R*CPEDWIOWVM0M~AMT*B6*10.92~LQ*HE*N381~SVC*HC:G8431*40*30.52**1~DTM*472*20191119~CAS*CO*45*9.48~REF*6R*CPEDF0W4FSKV~AMT*B6*30.52~LQ*HE*N381~CLP*000100025357*1*134*95.11*2*MC*2019325051449~NM1*QC*1*CRAMER*CHELSEA*C***MR*G314138~NM1*82*1*GRONEMEYER*LEANNE*R***XX*1659521045~REF*EA*D55C9E34F85A4BFD8602F098F1E370EC~DTM*232*20191118~DTM*233*20191118~SVC*HC:99214*134*95.11**1~DTM*472*20191118~CAS*PR*3*2~CAS*CO*45*36.89~REF*6R*CPEL99O73LFC~AMT*B6*97.11~LQ*HE*N381~LQ*HE*N381~CLP*000100025182*1*149*105.53**MC*2019325051554~NM1*QC*1*CRUZ*MARIAH****MR*U875752~NM1*82*1*HOOSHMAND-PARSI*KAYHOSROW****XX*1447291851~REF*EA*8ADEBC57DD6A4B9184E0C8A12FF94947~DTM*232*20191114~DTM*233*20191114~SVC*HC:99214:25*134*97.11**1~DTM*472*20191114~CAS*CO*45*36.89~REF*6R*CPEL5L5N6R61~AMT*B6*97.11~LQ*HE*N381~SVC*HC:81025*15*8.42**1~DTM*472*20191114~CAS*CO*45*6.58~REF*6R*CPELBEEANJMC~AMT*B6*8.42~LQ*HE*N381~CLP*000100025471*1*105*89.97**MC*2019326045993~NM1*QC*1*CRUZ*MARIAH****MR*U875752~NM1*82*1*CADDALI*ESTRELLA*A***XX*1164974580~REF*EA*7F60FF8C5093494C9347E84DDEE3E010~DTM*232*20191120~DTM*233*20191120~SVC*HC:99213:25:FP*90*81.55**1~DTM*472*20191120~CAS*CO*45*8.45~REF*6R*CPEDV6SZGU7B~AMT*B6*81.55~LQ*HE*N381~SVC*HC:81025:FP*15*8.42**1~DTM*472*20191120~CAS*CO*45*6.58~REF*6R*CPEDOY9I9YTP~AMT*B6*8.42~LQ*HE*N381~CLP*000100024319*1*134*95.11*2*MC*2019325051823~NM1*QC*1*DAY*TROI*L***MR*P719426~NM1*82*1*GRONEMEYER*LEANNE*R***XX*1659521045~REF*EA*AC734126E97E4394A4BF7DE2BAB7D1A0~DTM*232*20191029~DTM*233*20191029~SVC*HC:99214*134*95.11**1~DTM*472*20191029~CAS*PR*3*2~CAS*CO*45*36.89~REF*6R*CPELI53ODY54~AMT*B6*97.11~LQ*HE*N381~LQ*HE*N381~CLP*000100025367*1*134*95.11*2*MC*2019325051366~NM1*QC*1*DIAZ*MARIA*J***MR*Y492828~NM1*82*1*GRONEMEYER*LEANNE*R***XX*1659521045~REF*EA*87B382D25D4A4E92B285FD6F35A66F06~DTM*232*20191118~DTM*233*20191118~SVC*HC:99214*134*95.11**1~DTM*472*20191118~CAS*PR*3*2~CAS*CO*45*36.89~REF*6R*CPELFDYQMDOI~AMT*B6*97.11~LQ*HE*N381~LQ*HE*N381~CLP*000100025185*1*149*105.45**MC*2019323032723~NM1*QC*1*EHLERS*DESIREE*F***MR*P131523~NM1*82*1*KLAKER*JULIE*M***XX*1215134705~REF*EA*22005B219A0340EF88DDAE278326D016~DTM*232*20191114~DTM*233*20191114~SVC*HC:99214:25*134*97.11**1~DTM*472*20191114~CAS*CO*45*36.89~REF*6R*CPDTLSU87XEI~AMT*B6*97.11~LQ*HE*N381~SVC*HC:81025*15*8.34**1~DTM*472*20191114~CAS*CO*45*6.66~REF*6R*CPDTC3301QMF~AMT*B6*8.34~LQ*HE*N381~CLP*000100025302*1*105*74.23**MC*2019325051348~NM1*QC*1*EISLER*KRISTIN*A***MR*P782592~NM1*82*1*KLAKER*JULIE*M***XX*1215134705~REF*EA*B8905690C4E6422EA8E3FE09368862F3~DTM*232*20191115~DTM*233*20191115~SVC*HC:99213:25*90*65.81**1~DTM*472*20191115~CAS*CO*45*24.19~REF*6R*CPELSSK23CLS~AMT*B6*65.81~LQ*HE*N381~SVC*HC:81025*15*8.42**1~DTM*472*20191115~CAS*CO*45*6.58~REF*6R*CPELBIX9XAFZ~AMT*B6*8.42~LQ*HE*N381~CLP*000100024436*1*65*55.35**MC*2019325051757~NM1*QC*1*ELLISON*TRACY****MR*Y263234~NM1*82*1*LEWIS*HOLLY*G***XX*1295234128~REF*EA*EB6862669B164FE482409AD0CBAD31F8~DTM*232*20191031~DTM*233*20191031~SVC*HC:90832*65*55.35**1~DTM*472*20191031~CAS*CO*45*9.65~REF*6R*CPEL7HQ5KN63~AMT*B6*55.35~LQ*HE*N381~CLP*000100025377*1*149*105.53**MC*2019325051385~NM1*QC*1*ELZY*BETHANY****MR*U829312~NM1*82*1*LUCAS*PEGGI*S***XX*1366419582~REF*EA*2249294460804FAF80D69D81CB2DB84C~DTM*232*20191118~DTM*233*20191118~SVC*HC:99214:25*134*97.11**1~DTM*472*20191118~CAS*CO*45*36.89~REF*6R*CPEL35MPUQCF~AMT*B6*97.11~LQ*HE*N381~SVC*HC:81025*15*8.42**1~DTM*472*20191118~CAS*CO*45*6.58~REF*6R*CPEL2YFHHGHL~AMT*B6*8.42~LQ*HE*N381~CLP*000100025291*1*316*186.96**MC*2019325051397~NM1*QC*1*ELZY*BETHANY****MR*U829312~NM1*82*1*KLAKER*JULIE*M***XX*1215134705~REF*EA*9FFFB611B1004786BDD29943CB93A3C2~DTM*232*20191115~DTM*233*20191115~SVC*HC:99215:25*180*129.99**1~DTM*472*20191115~CAS*CO*45*50.01~REF*6R*CPELKC2IPT4X~AMT*B6*129.99~LQ*HE*N381~SVC*HC:99415*45*7.11**1~DTM*472*20191115~CAS*CO*45*37.89~REF*6R*CPEL8D7ECVIM~AMT*B6*7.11~LQ*HE*N381~SVC*HC:H0049*36*10.92**1~DTM*472*20191115~CAS*CO*45*25.08~REF*6R*CPELQ07KGR5O~AMT*B6*10.92~LQ*HE*N381~SVC*HC:G8431*40*30.52**1~DTM*472*20191115~CAS*CO*45*9.48~REF*6R*CPELRP6ZDSME~AMT*B6*30.52~LQ*HE*N381~SVC*HC:81025*15*8.42**1~DTM*472*20191115~CAS*CO*45*6.58~REF*6R*CPEL7OP0L3FF~AMT*B6*8.42~LQ*HE*N381~CLP*000100025484*1*134*97.11**MC*2019326046292~NM1*QC*1*ESQUIBEL*JASON*K***MR*Y927579~NM1*82*1*LANE*DELLA*J***XX*1417151630~REF*EA*0EA70B6D612D4E3F9A77C17E29AA9C42~DTM*232*20191120~DTM*233*20191120~SVC*HC:99214*134*97.11**1~DTM*472*20191120~CAS*CO*45*36.89~REF*6R*CPEDNDGRKEO3~AMT*B6*97.11~LQ*HE*N381~CLP*000100023148*1*134*97.11**MC*2019325051686~NM1*QC*1*EWING*ALEX*J***MR*O325830~NM1*82*1*KLAKER*JULIE*M***XX*1215134705~REF*EA*BCAA2074168F4ECF9D1AE759D040C9E5~DTM*232*20191003~DTM*233*20191003~SVC*HC:99214*134*97.11**1~DTM*472*20191003~CAS*CO*45*36.89~REF*6R*CPEL452O0SAB~AMT*B6*97.11~LQ*HE*N381~CLP*000100025194*1*149*105.45**MC*2019323032702~NM1*QC*1*FIORINI*CHRISTENA*E***MR*Y109693~NM1*82*1*KLAKER*JULIE*M***XX*1215134705~REF*EA*7D7696DCD6564CF68C2B9BED52A5D2D6~DTM*232*20191114~DTM*233*20191114~SVC*HC:99214:25*134*97.11**1~DTM*472*20191114~CAS*CO*45*36.89~REF*6R*CPDTRWL7132S~AMT*B6*97.11~LQ*HE*N381~SVC*HC:81025*15*8.34**1~DTM*472*20191114~CAS*CO*45*6.66~REF*6R*CPDT76M8HVR9~AMT*B6*8.34~LQ*HE*N381~CLP*000100025492*1*134*97.11**MC*2019326046339~NM1*QC*1*FITZPATRICK*TINA****MR*M581665~NM1*82*1*SEARLES*DENISE*A***XX*1396971230~REF*EA*E3CE940ECF1B4A2F8E5C4590E1EF09F3~DTM*232*20191120~DTM*233*20191120~SVC*HC:99214*134*97.11**1~DTM*472*20191120~CAS*CO*45*36.89~REF*6R*CPED7XE6D49R~AMT*B6*97.11~LQ*HE*N381~CLP*000100025313*1*281*191.03**MC*2019325051885~NM1*QC*1*FLYNT*ZOLA****MR*Q759937~NM1*82*1*LUCAS*PEGGI*S***XX*1366419582~REF*EA*09BB7D7128634021A595D3AEC20B3EF2~DTM*232*20191115~DTM*233*20191115~SVC*HC:99204:25*205*149.59**1~DTM*472*20191115~CAS*CO*45*55.41~REF*6R*CPELH1HC9K6J~AMT*B6*149.59~LQ*HE*N381~SVC*HC:H0049*36*10.92**1~DTM*472*20191115~CAS*CO*45*25.08~REF*6R*CPELF7YP5XHI~AMT*B6*10.92~LQ*HE*N381~SVC*HC:G8431*40*30.52**1~DTM*472*20191115~CAS*CO*45*9.48~REF*6R*CPELKMZC7G7E~AMT*B6*30.52~LQ*HE*N381~CLP*000100025403*1*142.66*103.78**MC*2019326046323~NM1*QC*1*FLYNT*ZOLA****MR*Q759937~NM1*82*1*LUCAS*PEGGI*S***XX*1366419582~REF*EA*C3B7008D4F6141E696C7F25189CE3546~DTM*232*20191119~DTM*233*20191119~SVC*HC:99214:25*134*97.11**1~DTM*472*20191119~CAS*CO*45*36.89~REF*6R*CPEDTZFBZBB6~AMT*B6*97.11~LQ*HE*N381~SVC*HC:86580*8.66*6.67**1~DTM*472*20191119~CAS*CO*45*1.99~REF*6R*CPEDX44ZNTL2~AMT*B6*6.67~LQ*HE*N381~CLP*000100025488*1*134*97.11**MC*2019326046336~NM1*QC*1*FLYNT*ZOLA****MR*Q759937~NM1*82*1*KLAKER*JULIE*M***XX*1215134705~REF*EA*51684C54273E4F83BD7E6892BAD1D7DD~DTM*232*20191120~DTM*233*20191120~SVC*HC:99214*134*97.11**1~DTM*472*20191120~CAS*CO*45*36.89~REF*6R*CPEDR8TMGDRK~AMT*B6*97.11~LQ*HE*N381~CLP*000100025350*1*134*97.11**MC*2019325051371~NM1*QC*1*FOX*KERRY****MR*Y600007~NM1*82*1*GRONEMEYER*LEANNE*R***XX*1659521045~REF*EA*C98BD1B0000C4FBABF6BFFF6219CF8EC~DTM*232*20191118~DTM*233*20191118~SVC*HC:99214*134*97.11**1~DTM*472*20191118~CAS*CO*45*36.89~REF*6R*CPELFJJ6AV5G~AMT*B6*97.11~LQ*HE*N381~CLP*000100025473*1*90*63.81*2*MC*2019326046266~NM1*QC*1*GARCIA*DANIEL*R***MR*S702489~NM1*82*1*KLAKER*JULIE*M***XX*1215134705~REF*EA*C3D9514BC9E647F5A3F819C172E5E940~DTM*232*20191120~DTM*233*20191120~SVC*HC:99213*90*63.81**1~DTM*472*20191120~CAS*PR*3*2~CAS*CO*45*24.19~REF*6R*CPEDYYW7T323~AMT*B6*65.81~LQ*HE*N381~LQ*HE*N381~CLP*000100025341*1*134*97.11**MC*2019325051424~NM1*QC*1*GARCIA*MARIO****MR*D425963~NM1*82*1*LUCAS*PEGGI*S***XX*1366419582~REF*EA*6BB12F89C0C94F1CB793AD883405E8DF~DTM*232*20191118~DTM*233*20191118~SVC*HC:99214*134*97.11**1~DTM*472*20191118~CAS*CO*45*36.89~REF*6R*CPELHQRW4MWP~AMT*B6*97.11~LQ*HE*N381~CLP*000100025298*1*90*63.81*2*MC*2019323032861~NM1*QC*1*GIERHART*JAMES*T***MR*G669412~NM1*82*1*KLAKER*JULIE*M***XX*1215134705~REF*EA*E7373CB3D97E488CA25A96D7C2CCC3B5~DTM*232*20191115~DTM*233*20191115~SVC*HC:99213*90*63.81**1~DTM*472*20191115~CAS*PR*3*2~CAS*CO*45*24.19~REF*6R*CPDT3HIP7M4W~AMT*B6*65.81~LQ*HE*N381~LQ*HE*N381~CLP*000100025247*1*134*95.11*2*MC*2019323032805~NM1*QC*1*GILLESPIE*BRADLEY****MR*P498032~NM1*82*1*HOOSHMAND-PARSI*KAYHOSROW****XX*1447291851~REF*EA*01A1BC91CB3745628A2F5B82E362FB90~DTM*232*20191114~DTM*233*20191114~SVC*HC:99214*134*95.11**1~DTM*472*20191114~CAS*PR*3*2~CAS*CO*45*36.89~REF*6R*CPDTSGKH2JM9~AMT*B6*97.11~LQ*HE*N381~LQ*HE*N381~CLP*000100025010*1*134*97.11**MC*2019323032844~NM1*QC*1*GILMORE*BRIAN*W***MR*U569330~NM1*82*1*LUCAS*PEGGI*S***XX*1366419582~REF*EA*DC2DDF2A87AF419CB32D13E3FD7B9B96~DTM*232*20191111~DTM*233*20191111~SVC*HC:99214*134*97.11**1~DTM*472*20191111~CAS*CO*45*36.89~REF*6R*CPDTUW13GNYN~AMT*B6*97.11~LQ*HE*N381~CLP*000100025415*1*134*97.11**MC*2019325051790~NM1*QC*1*GILMORE*BRIAN*W***MR*U569330~NM1*82*1*LUCAS*PEGGI*S***XX*1366419582~REF*EA*13C8CA1A91D34E07A3C738131132BF82~DTM*232*20191119~DTM*233*20191119~SVC*HC:99214*134*97.11**1~DTM*472*20191119~CAS*CO*45*36.89~REF*6R*CPELWG66KBVK~AMT*B6*97.11~LQ*HE*N381~CLP*000100024974*1*1971*1290.31**MC*2019323032832~NM1*QC*1*GOIN*JOSHUA****MR*G127292~NM1*82*1*LUCAS*PEGGI*S***XX*1366419582~REF*EA*B061EB5757304A6CAA2AF163471D2F70~DTM*232*20191111~DTM*233*20191111~SVC*HC:99214:25*134*97.11**1~DTM*472*20191111~CAS*CO*45*36.89~REF*6R*CPDTS7U8753L~AMT*B6*97.11~LQ*HE*N381~SVC*HC:96372*32*0**0**1~DTM*472*20191111~CAS*CO*109*32~REF*6R*CPDTK56YATOC~LQ*HE*N381~SVC*HC:J2315*1805*1193.2**380~DTM*472*20191111~CAS*CO*45*611.8~REF*6R*CPDTGJCNAZEH~AMT*B6*1193.2~LQ*HE*N381~CLP*000100025195*1*134*97.11**MC*2019323032766~NM1*QC*1*GONZALES*JAMIE*S***MR*X142887~NM1*82*1*CADDALI*ESTRELLA*A***XX*1164974580~REF*EA*D59CFE5595B9406898BA799DA8E55715~DTM*232*20191114~DTM*233*20191114~SVC*HC:99214*134*97.11**1~DTM*472*20191114~CAS*CO*45*36.89~REF*6R*CPDTP51EUU7F~AMT*B6*97.11~LQ*HE*N381~CLP*000100025216*1*134*97.11**MC*2019323032816~NM1*QC*1*GONZALES*STEVEN*J***MR*D758660~NM1*82*1*CADDALI*ESTRELLA*A***XX*1164974580~REF*EA*D5FE01BFD85140E09218C95BD1F15FCD~DTM*232*20191114~DTM*233*20191114~SVC*HC:99214*134*97.11**1~DTM*472*20191114~CAS*CO*45*36.89~REF*6R*CPDTJAU425NL~AMT*B6*97.11~LQ*HE*N381~CLP*000100025361*1*90*65.81**MC*2019325051870~NM1*QC*1*GOW*LAYLA****MR*O314223~NM1*82*1*GRONEMEYER*LEANNE*R***XX*1659521045~REF*EA*9FD91A90C8F046CB9D179F5FD5FEB43C~DTM*232*20191118~DTM*233*20191118~SVC*HC:99213*90*65.81**1~DTM*472*20191118~CAS*CO*45*24.19~REF*6R*CPELG62PLG38~AMT*B6*65.81~LQ*HE*N381~CLP*000100025507*1*90*65.81**MC*2019326045829~NM1*QC*1*GRAY*JAMES****MR*J248474~NM1*82*1*GRONEMEYER*LEANNE*R***XX*1659521045~REF*EA*7FC70108ED344AF48BA57524D1146146~DTM*232*20191120~DTM*233*20191120~SVC*HC:99213*90*65.81**1~DTM*472*20191120~CAS*CO*45*24.19~REF*6R*CPEDOW6AUK1I~AMT*B6*65.81~LQ*HE*N381~CLP*000100025497*1*134*95.11*2*MC*2019326046136~NM1*QC*1*HALING*PATRICK*J***MR*T780060~NM1*82*1*GRONEMEYER*LEANNE*R***XX*1659521045~REF*EA*845948F4164D4AC2A0971A6F5ACF7D5C~DTM*232*20191120~DTM*233*20191120~SVC*HC:99214*134*95.11**1~DTM*472*20191120~CAS*PR*3*2~CAS*CO*45*36.89~REF*6R*CPED6GWABL0I~AMT*B6*97.11~LQ*HE*N381~LQ*HE*N381~CLP*000100025406*1*134*97.11**MC*2019325051514~NM1*QC*1*HEMPHILL*TIM*J***MR*O582563~NM1*82*1*SEARLES*DENISE*A***XX*1396971230~REF*EA*D9FE9159609F4255935AC8D7E398DE82~DTM*232*20191119~DTM*233*20191119~SVC*HC:99214*134*97.11**1~DTM*472*20191119~CAS*CO*45*36.89~REF*6R*CPEL8Q69O629~AMT*B6*97.11~LQ*HE*N381~CLP*000100022077*1*90*81.55**MC*2019325051504~NM1*QC*1*HERNANDEZ*CONTESSA*M***MR*U660089~NM1*82*1*SEARLES*DENISE*A***XX*1396971230~REF*EA*F52622D7DEC84BDE9CA3B0D0DBD419F8~DTM*232*20190906~DTM*233*20190906~SVC*HC:99213:FP*90*81.55**1~DTM*472*20190906~CAS*CO*45*8.45~REF*6R*CPELSE71RRDQ~AMT*B6*81.55~LQ*HE*N381~CLP*000100025303*1*134*97.11**MC*2019323032789~NM1*QC*1*HERRERA*JEREMY****MR*E258249~NM1*82*1*KLAKER*JULIE*M***XX*1215134705~REF*EA*7D23B5F5C7F44A5D97854C0C37579E68~DTM*232*20191115~DTM*233*20191115~SVC*HC:99214*134*97.11**1~DTM*472*20191115~CAS*CO*45*36.89~REF*6R*CPDTHON13NIR~AMT*B6*97.11~LQ*HE*N381~CLP*000100025193*1*1986*1298.65**MC*2019323032793~NM1*QC*1*HURTADO*SHANTEL****MR*P922130~NM1*82*1*SEARLES*DENISE*A***XX*1396971230~REF*EA*7345EFDE07654811B2EA14EC28E5A233~DTM*232*20191114~DTM*233*20191114~SVC*HC:99214:25*134*97.11**1~DTM*472*20191114~CAS*CO*45*36.89~REF*6R*CPDT50LVDFLJ~AMT*B6*97.11~LQ*HE*N381~SVC*HC:96372*32*0**0**1~DTM*472*20191114~CAS*CO*109*32~REF*6R*CPDT4OGSEFKN~LQ*HE*N381~SVC*HC:J2315*1805*1193.2**380~DTM*472*20191114~CAS*CO*45*611.8~REF*6R*CPDTGKV9XYO9~AMT*B6*1193.2~LQ*HE*N381~SVC*HC:81025*15*8.34**1~DTM*472*20191114~CAS*CO*45*6.66~REF*6R*CPDTUH5N2O8R~AMT*B6*8.34~LQ*HE*N381~CLP*000100025518*1*221*119.35**MC*2019326046301~NM1*QC*1*HYNDMAN*DEVIN****MR*L572566~NM1*82*1*SEARLES*DENISE*A***XX*1396971230~REF*EA*BD85BF2D096D4EC1919B8D194D2421FF~DTM*232*20191120~DTM*233*20191120~SVC*HC:99203:25*145*97.43**1~DTM*472*20191120~CAS*CO*45*47.57~REF*6R*CPEDUZ2HRIY6~AMT*B6*97.43~LQ*HE*N381~SVC*HC:H0049*36*10.92**1~DTM*472*20191120~CAS*CO*45*25.08~REF*6R*CPEDZ8YG2526~AMT*B6*10.92~LQ*HE*N381~SVC*HC:G8510*40*11**1~DTM*472*20191120~CAS*CO*45*29~REF*6R*CPEDIPQ0IHJG~AMT*B6*11~LQ*HE*N381~CLP*000100025464*1*54*39.39**MC*2019325051767~NM1*QC*1*JAMON*ALEJANDRA****MR*G025731~NM1*82*1*SEARLES*DENISE*A***XX*1396971230~REF*EA*AE39A86D816144BDA3FF4E9C8031403B~DTM*232*20191119~DTM*233*20191119~SVC*HC:99212*54*39.39**1~DTM*472*20191119~CAS*CO*45*14.61~REF*6R*CPEL9EQZ7E3C~AMT*B6*39.39~LQ*HE*N381~CLP*000100025463*1*134*97.11**MC*2019325051487~NM1*QC*1*JAMON*MONTE TRECE****MR*G762319~NM1*82*1*SEARLES*DENISE*A***XX*1396971230~REF*EA*35D6D567C6D4433D87C3B8B0EF5A6BD1~DTM*232*20191119~DTM*233*20191119~SVC*HC:99214*134*97.11**1~DTM*472*20191119~CAS*CO*45*36.89~REF*6R*CPELFOI3702K~AMT*B6*97.11~LQ*HE*N381~CLP*000100025334*1*134*97.11**MC*2019325051678~NM1*QC*1*JOHNSON*GEORGE*W***MR*O540732~NM1*82*1*GRONEMEYER*LEANNE*R***XX*1659521045~REF*EA*BF37D5E870E443A8BAA6681CBED63042~DTM*232*20191118~DTM*233*20191118~SVC*HC:99214*134*97.11**1~DTM*472*20191118~CAS*CO*45*36.89~REF*6R*CPELBPBI1A0R~AMT*B6*97.11~LQ*HE*N381~CLP*000100025226*1*54*37.39*2*MC*2019323032809~NM1*QC*1*JOHNSON*LASHAWN****MR*J148245~NM1*82*1*CADDALI*ESTRELLA*A***XX*1164974580~REF*EA*9A388709FD954878BF6F2CF7C5FF49BD~DTM*232*20191114~DTM*233*20191114~SVC*HC:99212*54*37.39**1~DTM*472*20191114~CAS*PR*3*2~CAS*CO*45*14.61~REF*6R*CPDTGD5MBFIB~AMT*B6*39.39~LQ*HE*N381~LQ*HE*N381~CLP*000100025511*1*54*39.39**MC*2019326046020~NM1*QC*1*KASTLE*CASEY*L***MR*O213074~NM1*82*1*CADDALI*ESTRELLA*A***XX*1164974580~REF*EA*B4C67FF2B5244E5990370627831E15BB~DTM*232*20191120~DTM*233*20191120~SVC*HC:99212*54*39.39**1~DTM*472*20191120~CAS*CO*45*14.61~REF*6R*CPEDD4N7JJ3Z~AMT*B6*39.39~LQ*HE*N381~CLP*000100025387*1*134*97.11**MC*2019325051715~NM1*QC*1*LAIRD*AMY*J***MR*T813895~NM1*82*1*LUCAS*PEGGI*S***XX*1366419582~REF*EA*FBF7B459EB3D4601913CCF7033E59858~DTM*232*20191118~DTM*233*20191118~SVC*HC:99214*134*97.11**1~DTM*472*20191118~CAS*CO*45*36.89~REF*6R*CPELTSU04IAX~AMT*B6*97.11~LQ*HE*N381~CLP*000100024604*1*153*100.7**MC*2019323032734~NM1*QC*1*LERMA*CAREMI****MR*P878927~NM1*82*1*GRONEMEYER*LEANNE*R***XX*1659521045~REF*EA*301E8B39A47B4CEA93D9AC99050EFACC~DTM*232*20191105~DTM*233*20191105~SVC*HC:99381*153*100.7**1~DTM*472*20191105~CAS*CO*45*52.3~REF*6R*CPDTOH868BKQ~AMT*B6*100.7~LQ*HE*N381~CLP*000100025465*1*134*95.11*2*MC*2019326045971~NM1*QC*1*LERMA*VERONICA****MR*P119230~NM1*82*1*LUCAS*PEGGI*S***XX*1366419582~REF*EA*9C07FB0771DB471EBCF94638157CCA0E~DTM*232*20191119~DTM*233*20191119~SVC*HC:99214*134*95.11**1~DTM*472*20191119~CAS*PR*3*2~CAS*CO*45*36.89~REF*6R*CPEDO9O9PISN~AMT*B6*97.11~LQ*HE*N381~LQ*HE*N381~CLP*000100025090*1*131*96.46**MC*2019323032758~NM1*QC*1*LINVILLE*ALEXANDRIA****MR*O858593~NM1*82*1*LUCAS*PEGGI*S***XX*1366419582~REF*EA*EC3A239DDB524A27A2B471C51B11D11E~DTM*232*20191112~DTM*233*20191112~SVC*HC:99393*131*96.46**1~DTM*472*20191112~CAS*CO*45*34.54~REF*6R*CPDT2FR1YBC8~AMT*B6*96.46~LQ*HE*N381~CLP*000100025338*1*134*97.11**MC*2019325051493~NM1*QC*1*LORETO*JOSHUA*R***MR*E192810~NM1*82*1*LUCAS*PEGGI*S***XX*1366419582~REF*EA*080D8DEEE4AC4D6A91CF73B65F12CCC3~DTM*232*20191118~DTM*233*20191118~SVC*HC:99214*134*97.11**1~DTM*472*20191118~CAS*CO*45*36.89~REF*6R*CPEL8OALPT7U~AMT*B6*97.11~LQ*HE*N381~CLP*000100025438*1*333*180.03**MC*2019326046259~NM1*QC*1*MACE*BRANDY*G***MR*O919510~NM1*82*1*CADDALI*ESTRELLA*A***XX*1164974580~REF*EA*E85E23C2FAB746448754E5DB6B5981DB~DTM*232*20191119~DTM*233*20191119~SVC*HC:99396:25*175*114.94**1~DTM*472*20191119~CAS*CO*45*60.06~REF*6R*CPEDUMU42AA6~AMT*B6*114.94~LQ*HE*N381~SVC*HC:90471*70*0**0**2~DTM*472*20191119~CAS*PI*119*70~REF*6R*CPEDPN9Z836D~LQ*HE*N362~LQ*HE*N381~SVC*HC:90715*53*43.35**1~DTM*472*20191119~CAS*CO*45*9.65~REF*6R*CPEDTH7S55AK~AMT*B6*43.35~LQ*HE*N381~SVC*HC:90674*35*21.74**1~DTM*472*20191119~CAS*CO*45*13.26~REF*6R*CPEDYKGEKYEO~AMT*B6*21.74~LQ*HE*N381~CLP*000100025418*1*90*65.81**MC*2019325051472~NM1*QC*1*MADERAS*DANIELA****MR*Q134586~NM1*82*1*CADDALI*ESTRELLA*A***XX*1164974580~REF*EA*E913DF68FA154A048AD8BDC507176855~DTM*232*20191119~DTM*233*20191119~SVC*HC:99213*90*65.81**1~DTM*472*20191119~CAS*CO*45*24.19~REF*6R*CPELFTXY154R~AMT*B6*65.81~LQ*HE*N381~CLP*000100025266*1*54*39.39**MC*2019323032824~NM1*QC*1*MAES*ERNEST*R***MR*K993029~NM1*82*1*SEARLES*DENISE*A***XX*1396971230~REF*EA*1985FEF3EFF1464D8F6758A5D4955351~DTM*232*20191115~DTM*233*20191115~SVC*HC:99212*54*39.39**1~DTM*472*20191115~CAS*CO*45*14.61~REF*6R*CPDTFAHZW17D~AMT*B6*39.39~LQ*HE*N381~CLP*000100025262*1*1971*1290.31**MC*2019325051828~NM1*QC*1*MAEZ*DANIEL*E***MR*B173664~NM1*82*1*SEARLES*DENISE*A***XX*1396971230~REF*EA*93EBA441E8AA48969A0C94756CC13BEC~DTM*232*20191115~DTM*233*20191115~SVC*HC:99214:25*134*97.11**1~DTM*472*20191115~CAS*CO*45*36.89~REF*6R*CPEL2DCCQW3Z~AMT*B6*97.11~LQ*HE*N381~SVC*HC:96372*32*0**0**1~DTM*472*20191115~CAS*CO*109*32~REF*6R*CPELWS0D6THH~LQ*HE*N381~SVC*HC:J2315*1805*1193.2**380~DTM*472*20191115~CAS*CO*45*611.8~REF*6R*CPEL7XEJ7QUH~AMT*B6*1193.2~LQ*HE*N381~CLP*000100025246*1*134*95.11*2*MC*2019323032881~NM1*QC*1*MAGANA*CARLA*R***MR*M671813~NM1*82*1*KLAKER*JULIE*M***XX*1215134705~REF*EA*169BEDC9602844F1B330FDC6456BF1E6~DTM*232*20191114~DTM*233*20191114~SVC*HC:99214*134*95.11**1~DTM*472*20191114~CAS*PR*3*2~CAS*CO*45*36.89~REF*6R*CPDT1V8GCBHK~AMT*B6*97.11~LQ*HE*N381~LQ*HE*N381~CLP*000100025296*1*134*97.11**MC*2019323032903~NM1*QC*1*MALLETTE*ANTHONY****MR*G065099~NM1*82*1*LUCAS*PEGGI*S***XX*1366419582~REF*EA*25553ED658C141EEBB202905F9C3459E~DTM*232*20191115~DTM*233*20191115~SVC*HC:99214*134*97.11**1~DTM*472*20191115~CAS*CO*45*36.89~REF*6R*CPDT6SPT287Z~AMT*B6*97.11~LQ*HE*N381~CLP*000100025400*1*134*97.11**MC*2019325051699~NM1*QC*1*MARQUEZ*JON****MR*S249531~NM1*82*1*LUCAS*PEGGI*S***XX*1366419582~REF*EA*A1CE9F4F771B4085A96D75B916454FA5~DTM*232*20191119~DTM*233*20191119~SVC*HC:99214*134*97.11**1~DTM*472*20191119~CAS*CO*45*36.89~REF*6R*CPELAIJS06O2~AMT*B6*97.11~LQ*HE*N381~CLP*000100025269*1*351*232.23**MC*2019325051709~NM1*QC*1*MARQUEZ*JON****MR*S249531~NM1*82*1*LUCAS*PEGGI*S***XX*1366419582~REF*EA*FD01450907D24695AF31DC79E30724C6~DTM*232*20191115~DTM*233*20191115~SVC*HC:99204:25*205*149.59**1~DTM*472*20191115~CAS*CO*45*55.41~REF*6R*CPEL2BK4E80U~AMT*B6*149.59~LQ*HE*N381~SVC*HC:90471*35*19.46**1~DTM*472*20191115~CAS*CO*45*15.54~REF*6R*CPEL9HQ2QKSJ~AMT*B6*19.46~LQ*HE*N381~SVC*HC:90674*35*21.74**1~DTM*472*20191115~CAS*CO*45*13.26~REF*6R*CPEL3ION58Q2~AMT*B6*21.74~LQ*HE*N381~SVC*HC:H0049*36*10.92**1~DTM*472*20191115~CAS*CO*45*25.08~REF*6R*CPELTJNY78W7~AMT*B6*10.92~LQ*HE*N381~SVC*HC:G8431*40*30.52**1~DTM*472*20191115~CAS*CO*45*9.48~REF*6R*CPELKKNNHM6K~AMT*B6*30.52~LQ*HE*N381~CLP*000100025517*1*391*243.3**MC*2019326046008~NM1*QC*1*MARTIN*SABRINA*L***MR*Y030235~NM1*82*1*KLAKER*JULIE*M***XX*1215134705~REF*EA*884ADEFA19AC4E8E9588CE514F0A9577~DTM*232*20191120~DTM*233*20191120~SVC*HC:99205:25*255*186.33**1~DTM*472*20191120~CAS*CO*45*68.67~REF*6R*CPEDD3KGMK8H~AMT*B6*186.33~LQ*HE*N381~SVC*HC:99415*45*7.11**1~DTM*472*20191120~CAS*CO*45*37.89~REF*6R*CPEDXCZ4D39C~AMT*B6*7.11~LQ*HE*N381~SVC*HC:H0049*36*10.92**1~DTM*472*20191120~CAS*CO*45*25.08~REF*6R*CPED1QQUYMVD~AMT*B6*10.92~LQ*HE*N381~SVC*HC:G8431*40*30.52**1~DTM*472*20191120~CAS*CO*45*9.48~REF*6R*CPEDHCFGEI3K~AMT*B6*30.52~LQ*HE*N381~SVC*HC:81025*15*8.42**1~DTM*472*20191120~CAS*CO*45*6.58~REF*6R*CPEDCLWEJFGD~AMT*B6*8.42~LQ*HE*N381~CLP*000100025440*1*134*97.11**MC*2019326046181~NM1*QC*1*MARTINEZ*JOANNA*L***MR*D997532~NM1*82*1*LUCAS*PEGGI*S***XX*1366419582~REF*EA*39807EA753CB4317B92048C2A71CDF0A~DTM*232*20191119~DTM*233*20191119~SVC*HC:99214*134*97.11**1~DTM*472*20191119~CAS*CO*45*36.89~REF*6R*CPEDO92OMY28~AMT*B6*97.11~LQ*HE*N381~CLP*000100025230*1*134*97.11**MC*2019323032865~NM1*QC*1*MAURO*RONDA*L***MR*U480140~NM1*82*1*KLAKER*JULIE*M***XX*1215134705~REF*EA*78F501E2967C47B7A752F3945569C3D1~DTM*232*20191114~DTM*233*20191114~SVC*HC:99214*134*97.11**1~DTM*472*20191114~CAS*CO*45*36.89~REF*6R*CPDTEV7PF62I~AMT*B6*97.11~LQ*HE*N381~CLP*000100025215*1*2228*1416.98**MC*2019325051840~NM1*QC*1*MCDONALD*CYNTHIA****MR*P387060~NM1*82*1*SEARLES*DENISE*A***XX*1396971230~REF*EA*653929C71C7A444782F68B27A3D8A434~DTM*232*20191114~DTM*233*20191114~SVC*HC:99205:25*255*186.33**1~DTM*472*20191114~CAS*CO*45*68.67~REF*6R*CPELRGFL57GG~AMT*B6*186.33~LQ*HE*N381~SVC*HC:99415*45*7.11**1~DTM*472*20191114~CAS*CO*45*37.89~REF*6R*CPELX73P2VK8~AMT*B6*7.11~LQ*HE*N381~SVC*HC:96372*32*0**0**1~DTM*472*20191114~CAS*CO*109*32~REF*6R*CPEL2I2RDXDG~LQ*HE*N381~SVC*HC:J2315*1805*1193.2**380~DTM*472*20191114~CAS*CO*45*611.8~REF*6R*CPELGOK8J5L7~AMT*B6*1193.2~LQ*HE*N381~SVC*HC:H0049*36*10.92**1~DTM*472*20191114~CAS*CO*45*25.08~REF*6R*CPELELQXR5XA~AMT*B6*10.92~LQ*HE*N381~SVC*HC:G8510*40*11**1~DTM*472*20191114~CAS*CO*45*29~REF*6R*CPEL4NYC9HQC~AMT*B6*11~LQ*HE*N381~SVC*HC:81025*15*8.42**1~DTM*472*20191114~CAS*CO*45*6.58~REF*6R*CPEL8GIUI297~AMT*B6*8.42~LQ*HE*N381~CLP*000100025490*1*134*97.11**MC*2019326046056~NM1*QC*1*MEDINA*EDWARD*R***MR*O654584~NM1*82*1*LANE*DELLA*J***XX*1417151630~REF*EA*F37FE1BED9584ACCBC434C6A5A6F692C~DTM*232*20191120~DTM*233*20191120~SVC*HC:99214*134*97.11**1~DTM*472*20191120~CAS*CO*45*36.89~REF*6R*CPED8DYM8GQR~AMT*B6*97.11~LQ*HE*N381~CLP*000100025502*1*134*95.11*2*MC*2019326046187~NM1*QC*1*MITCHELL*DEBORAH****MR*W309719~NM1*82*1*LUCAS*PEGGI*S***XX*1366419582~REF*EA*2AD23C065DB94535B61A097EA8E23AA0~DTM*232*20191120~DTM*233*20191120~SVC*HC:99214*134*95.11**1~DTM*472*20191120~CAS*PR*3*2~CAS*CO*45*36.89~REF*6R*CPED6E7F9X7R~AMT*B6*97.11~LQ*HE*N381~LQ*HE*N381~CLP*000100025232*1*160*107.01**MC*2019325051641~NM1*QC*1*MOLZOW*THOMAS*P***MR*O956576~NM1*82*1*HOOSHMAND-PARSI*KAYHOSROW****XX*1447291851~REF*EA*D7323C7E6C104402A7CA991A4B4E81BB~DTM*232*20191114~DTM*233*20191114~SVC*HC:99213:25*90*65.81**1~DTM*472*20191114~CAS*CO*45*24.19~REF*6R*CPELYOH63XK7~AMT*B6*65.81~LQ*HE*N381~SVC*HC:90471*35*19.46**1~DTM*472*20191114~CAS*CO*45*15.54~REF*6R*CPELH5TEHWFA~AMT*B6*19.46~LQ*HE*N381~SVC*HC:90674*35*21.74**1~DTM*472*20191114~CAS*CO*45*13.26~REF*6R*CPELK5RYADL8~AMT*B6*21.74~LQ*HE*N381~CLP*000100024412*1*134*97.11**MC*2019325051751~NM1*QC*1*MONTEZ*JASMINE*R***MR*Y365117~NM1*82*1*SEARLES*DENISE*A***XX*1396971230~REF*EA*FC3DD288061D4ADEB2BFD7D0D88882A2~DTM*232*20191031~DTM*233*20191031~SVC*HC:99214*134*97.11**1~DTM*472*20191031~CAS*CO*45*36.89~REF*6R*CPEL63BPOHID~AMT*B6*97.11~LQ*HE*N381~CLP*000100025516*1*134*97.11**MC*2019326046118~NM1*QC*1*MYERS*SCOTT*A***MR*P255708~NM1*82*1*SEARLES*DENISE*A***XX*1396971230~REF*EA*6011AFAB17A94782A702C4C2045A0DD9~DTM*232*20191120~DTM*233*20191120~SVC*HC:99214*134*97.11**1~DTM*472*20191120~CAS*CO*45*36.89~REF*6R*CPEDUQGF8SGE~AMT*B6*97.11~LQ*HE*N381~CLP*000100025509*1*80*71.25**MC*2019326045824~NM1*QC*1*NEWCOMBE*NOLAN*J***MR*G938738~NM1*82*1*LEWIS*HOLLY*G***XX*1295234128~REF*EA*911C051A6E22457ABA1F66D74F52A516~DTM*232*20191120~DTM*233*20191120~SVC*HC:90834*80*71.25**1~DTM*472*20191120~CAS*CO*45*8.75~REF*6R*CPEDM0TZ3HS1~AMT*B6*71.25~LQ*HE*N381~CLP*000100025244*1*65*55.35**MC*2019323032849~NM1*QC*1*PAULSEN*STACY****MR*W216187~NM1*82*1*LEWIS*HOLLY*G***XX*1295234128~REF*EA*821524F893994426BD74155CA5FA3E2E~DTM*232*20191114~DTM*233*20191114~SVC*HC:90832*65*55.35**1~DTM*472*20191114~CAS*CO*45*9.65~REF*6R*CPDTOQA0CX2H~AMT*B6*55.35~LQ*HE*N381~CLP*000100025233*1*210*136.55*2*MC*2019325051801~NM1*QC*1*PAULSEN*STACY****MR*W216187~NM1*82*1*HOOSHMAND-PARSI*KAYHOSROW****XX*1447291851~REF*EA*E05C0126912848FA8A5075BEE24B7C9A~DTM*232*20191114~DTM*233*20191114~SVC*HC:99214:25*134*95.11**1~DTM*472*20191114~CAS*PR*3*2~CAS*CO*45*36.89~REF*6R*CPEL1J6TWAOR~AMT*B6*97.11~LQ*HE*N381~LQ*HE*N381~SVC*HC:H0049*36*10.92**1~DTM*472*20191114~CAS*CO*45*25.08~REF*6R*CPELWMT9VXPX~AMT*B6*10.92~LQ*HE*N381~SVC*HC:G8431*40*30.52**1~DTM*472*20191114~CAS*CO*45*9.48~REF*6R*CPELS9DTXYOV~AMT*B6*30.52~LQ*HE*N381~CLP*000100024580*1*204*138.31**MC*2019325051902~NM1*QC*1*PEREZ*ASHLEY****MR*E206362~NM1*82*1*GRONEMEYER*LEANNE*R***XX*1659521045~REF*EA*FA2ECB5EB609444387A5CF5C956B5C34~DTM*232*20191104~DTM*233*20191104~SVC*HC:99214:25*134*97.11**1~DTM*472*20191104~CAS*CO*45*36.89~REF*6R*CPEL9DW4GLUI~AMT*B6*97.11~LQ*HE*N381~SVC*HC:90674*35*21.74**1~DTM*472*20191104~CAS*CO*45*13.26~REF*6R*CPELONAX1JWC~AMT*B6*21.74~LQ*HE*N381~SVC*HC:90471*35*19.46**1~DTM*472*20191104~CAS*CO*45*15.54~REF*6R*CPEL56L3ESWH~AMT*B6*19.46~LQ*HE*N381~CLP*000100025548*1*134*95.11*2*MC*2019326046242~NM1*QC*1*PINO*SAMANTHA*M***MR*O785220~NM1*82*1*GRONEMEYER*LEANNE*R***XX*1659521045~REF*EA*95AFE0E4448849508EEE956DB8949E63~DTM*232*20191120~DTM*233*20191120~SVC*HC:99214*134*95.11**1~DTM*472*20191120~CAS*PR*3*2~CAS*CO*45*36.89~REF*6R*CPEDCD86655A~AMT*B6*97.11~LQ*HE*N381~LQ*HE*N381~CLP*000100025506*1*149*105.53**MC*2019326046026~NM1*QC*1*QUINTANA*DANIELLE*A***MR*N559116~NM1*82*1*LANE*DELLA*J***XX*1417151630~REF*EA*06584FE65B504C1EB0ECD8691F433737~DTM*232*20191120~DTM*233*20191120~SVC*HC:99214:25*134*97.11**1~DTM*472*20191120~CAS*CO*45*36.89~REF*6R*CPEDFMKB3HG1~AMT*B6*97.11~LQ*HE*N381~SVC*HC:81025*15*8.42**1~DTM*472*20191120~CAS*CO*45*6.58~REF*6R*CPEDD8ZXMXJD~AMT*B6*8.42~LQ*HE*N381~CLP*000100025307*1*134*97.11**MC*2019323032873~NM1*QC*1*RATHBUN*AARON*W***MR*P304001~NM1*82*1*KLAKER*JULIE*M***XX*1215134705~REF*EA*5F443731D03048349F274EE2026B691F~DTM*232*20191115~DTM*233*20191115~SVC*HC:99214*134*97.11**1~DTM*472*20191115~CAS*CO*45*36.89~REF*6R*CPDT7TSJUAUH~AMT*B6*97.11~LQ*HE*N381~CLP*000100025012*1*134*97.11**MC*2019323032880~NM1*QC*1*RATHBUN*AARON*W***MR*P304001~NM1*82*1*LUCAS*PEGGI*S***XX*1366419582~REF*EA*A99D05726CE34EFBAF81640EBCE0A743~DTM*232*20191111~DTM*233*20191111~SVC*HC:99214*134*97.11**1~DTM*472*20191111~CAS*CO*45*36.89~REF*6R*CPDT2Q6RFXGP~AMT*B6*97.11~LQ*HE*N381~CLP*000100025448*1*165*107.82**MC*2019326046064~NM1*QC*1*REDFEARN*RENEE****MR*Y945019~NM1*82*1*SEARLES*DENISE*A***XX*1396971230~REF*EA*08D491FDF3654B01AF96638367977A8F~DTM*232*20191119~DTM*233*20191119~SVC*HC:99395*165*107.82**1~DTM*472*20191119~CAS*CO*45*57.18~REF*6R*CPED1EEFL4HC~AMT*B6*107.82~LQ*HE*N381~CLP*000100025547*1*134*95.11*2*MC*2019326046085~NM1*QC*1*RICO*MARY JOE****MR*K904935~NM1*82*1*SEARLES*DENISE*A***XX*1396971230~REF*EA*92D883FFB2F840E19656BC3322C62BA1~DTM*232*20191120~DTM*233*20191120~SVC*HC:99214*134*95.11**1~DTM*472*20191120~CAS*PR*3*2~CAS*CO*45*36.89~REF*6R*CPEDWU6GECS1~AMT*B6*97.11~LQ*HE*N381~LQ*HE*N381~CLP*000100025457*1*90*65.81**MC*2019325051444~NM1*QC*1*RIESE*TED****MR*O996967~NM1*82*1*SEARLES*DENISE*A***XX*1396971230~REF*EA*1EFEA192A5274210A8B280C29020CF58~DTM*232*20191119~DTM*233*20191119~SVC*HC:99213*90*65.81**1~DTM*472*20191119~CAS*CO*45*24.19~REF*6R*CPELFN77RBUR~AMT*B6*65.81~LQ*HE*N381~CLP*000100025467*1*105*72.23*2*MC*2019326045785~NM1*QC*1*ROBIN*RONDI*L***MR*L564167~NM1*82*1*GRONEMEYER*LEANNE*R***XX*1659521045~REF*EA*FBAD612832F14C9CA808DCFA0662D54E~DTM*232*20191120~DTM*233*20191120~SVC*HC:99213:25*90*63.81**1~DTM*472*20191120~CAS*PR*3*2~CAS*CO*45*24.19~REF*6R*CPED8RRT973L~AMT*B6*65.81~LQ*HE*N381~LQ*HE*N381~SVC*HC:81025*15*8.42**1~DTM*472*20191120~CAS*CO*45*6.58~REF*6R*CPEDI0GOOTLV~AMT*B6*8.42~LQ*HE*N381~CLP*000100025543*1*90*65.81**MC*2019326045960~NM1*QC*1*ROBINSON*CHRISTINA****MR*O374388~NM1*82*1*SEARLES*DENISE*A***XX*1396971230~REF*EA*F80B3FE6B70E4567AD2F74044F3748D2~DTM*232*20191120~DTM*233*20191120~SVC*HC:99213*90*65.81**1~DTM*472*20191120~CAS*CO*45*24.19~REF*6R*CPEDLIG1CIFE~AMT*B6*65.81~LQ*HE*N381~CLP*000100025375*1*134*97.11**MC*2019325051665~NM1*QC*1*ROBLES*ELIJAH****MR*G787722~NM1*82*1*GRONEMEYER*LEANNE*R***XX*1659521045~REF*EA*474C791F4AE74547A37E0FDFF35D0A2E~DTM*232*20191118~DTM*233*20191118~SVC*HC:99214*134*97.11**1~DTM*472*20191118~CAS*CO*45*36.89~REF*6R*CPELP06RRW62~AMT*B6*97.11~LQ*HE*N381~CLP*000100025220*1*90*63.81*2*MC*2019323032897~NM1*QC*1*ROMERO*MOISES*A***MR*R170894~NM1*82*1*KLAKER*JULIE*M***XX*1215134705~REF*EA*2711A1D660AD4238829CA322B5006DAE~DTM*232*20191114~DTM*233*20191114~SVC*HC:99213*90*63.81**1~DTM*472*20191114~CAS*PR*3*2~CAS*CO*45*24.19~REF*6R*CPDTVK2TKT1F~AMT*B6*65.81~LQ*HE*N381~LQ*HE*N381~CLP*000100025505*1*134*97.11**MC*2019326045952~NM1*QC*1*ROYBAL*CELESTINA*A***MR*I238627~NM1*82*1*LUCAS*PEGGI*S***XX*1366419582~REF*EA*565389CFD1CF4DB986E2DD5BAD2BC595~DTM*232*20191120~DTM*233*20191120~SVC*HC:99214*134*97.11**1~DTM*472*20191120~CAS*CO*45*36.89~REF*6R*CPEDRZU8H1JD~AMT*B6*97.11~LQ*HE*N381~CLP*000100025314*1*134*97.11**MC*2019323032888~NM1*QC*1*SAIS*MICHAEL*E***MR*N765754~NM1*82*1*LUCAS*PEGGI*S***XX*1366419582~REF*EA*1AA3909EBE2449C4AD3046B87F32F06B~DTM*232*20191115~DTM*233*20191115~SVC*HC:99214*134*97.11**1~DTM*472*20191115~CAS*CO*45*36.89~REF*6R*CPDT2JS7Z1YI~AMT*B6*97.11~LQ*HE*N381~CLP*000100024944*1*149*105.45**MC*2019323032799~NM1*QC*1*SALAZAR*FELICIA*H***MR*G554326~NM1*82*1*KLAKER*JULIE*M***XX*1215134705~REF*EA*D9DBD4D029704E03B8E6A7E9A44BC4F9~DTM*232*20191108~DTM*233*20191108~SVC*HC:99214:25*134*97.11**1~DTM*472*20191108~CAS*CO*45*36.89~REF*6R*CPDT13F1IOOO~AMT*B6*97.11~LQ*HE*N381~SVC*HC:81025*15*8.34**1~DTM*472*20191108~CAS*CO*45*6.66~REF*6R*CPDTPQZHA6BV~AMT*B6*8.34~LQ*HE*N381~CLP*000100025283*1*149*105.53**MC*2019325051654~NM1*QC*1*SALAZAR*FELICIA*H***MR*G554326~NM1*82*1*KLAKER*JULIE*M***XX*1215134705~REF*EA*734BD002180B4677973BFEF390C76146~DTM*232*20191115~DTM*233*20191115~SVC*HC:99214:25*134*97.11**1~DTM*472*20191115~CAS*CO*45*36.89~REF*6R*CPELNGU2C93B~AMT*B6*97.11~LQ*HE*N381~SVC*HC:81025*15*8.42**1~DTM*472*20191115~CAS*CO*45*6.58~REF*6R*CPELSF18J0FM~AMT*B6*8.42~LQ*HE*N381~CLP*000100025422*1*149*105.53**MC*2019326046231~NM1*QC*1*SALAZAR QUINTANA*CELENA****MR*F923445~NM1*74*1*SALAZAR QUINTAN**N~NM1*82*1*LUCAS*PEGGI*S***XX*1366419582~REF*EA*F7351B01618C42B3977F0C57A08D7735~DTM*232*20191119~DTM*233*20191119~SVC*HC:99214:25*134*97.11**1~DTM*472*20191119~CAS*CO*45*36.89~REF*6R*CPEDRD5H5XD4~AMT*B6*97.11~LQ*HE*N381~SVC*HC:81025*15*8.42**1~DTM*472*20191119~CAS*CO*45*6.58~REF*6R*CPEDBZNOL65X~AMT*B6*8.42~LQ*HE*N381~CLP*000100025477*1*134*97.11**MC*2019326046311~NM1*QC*1*SANCHEZ*LEANNA*A***MR*L179099~NM1*82*1*LANE*DELLA*J***XX*1417151630~REF*EA*77BD228CFBCF496B8A07BB4AC6C15347~DTM*232*20191120~DTM*233*20191120~SVC*HC:99214*134*97.11**1~DTM*472*20191120~CAS*CO*45*36.89~REF*6R*CPEDJ7E9EGGL~AMT*B6*97.11~LQ*HE*N381~CLP*000100025550*1*134*97.11**MC*2019326046070~NM1*QC*1*SANCHEZ*MARIO****MR*L108247~NM1*82*1*LUCAS*PEGGI*S***XX*1366419582~REF*EA*DA371FA660DC4C93901BFD4C3352C2B6~DTM*232*20191120~DTM*233*20191120~SVC*HC:99214*134*97.11**1~DTM*472*20191120~CAS*CO*45*36.89~REF*6R*CPEDNXRFEIMC~AMT*B6*97.11~LQ*HE*N381~CLP*000100025532*1*149*103.53*2*MC*2019326045924~NM1*QC*1*SANCHEZ*YVONNE*A***MR*J289148~NM1*82*1*GRONEMEYER*LEANNE*R***XX*1659521045~REF*EA*1F12309F8E6C431B859F7FD1E77C71B4~DTM*232*20191120~DTM*233*20191120~SVC*HC:99214:25*134*95.11**1~DTM*472*20191120~CAS*PR*3*2~CAS*CO*45*36.89~REF*6R*CPEDLCPKKKNQ~AMT*B6*97.11~LQ*HE*N381~LQ*HE*N381~SVC*HC:81025*15*8.42**1~DTM*472*20191120~CAS*CO*45*6.58~REF*6R*CPEDNLT3X4FL~AMT*B6*8.42~LQ*HE*N381~CLP*000100025508*1*90*63.81*2*MC*2019326045803~NM1*QC*1*SANDERS*JERMYN*B***MR*P711797~NM1*82*1*CADDALI*ESTRELLA*A***XX*1164974580~REF*EA*7231530C6A694297AA04ACA561202F0B~DTM*232*20191120~DTM*233*20191120~SVC*HC:99213*90*63.81**1~DTM*472*20191120~CAS*PR*3*2~CAS*CO*45*24.19~REF*6R*CPEDBPVVZDCE~AMT*B6*65.81~LQ*HE*N381~LQ*HE*N381~CLP*000100025286*1*175*114.94**MC*2019325051745~NM1*QC*1*SCHLUETER*ERIC*A***MR*O612197~NM1*82*1*CADDALI*ESTRELLA*A***XX*1164974580~REF*EA*BD1AADA32F1641B180CC9AE784D84C36~DTM*232*20191115~DTM*233*20191115~SVC*HC:99396*175*114.94**1~DTM*472*20191115~CAS*CO*45*60.06~REF*6R*CPEL5LUWR534~AMT*B6*114.94~LQ*HE*N381~CLP*000100024980*1*376*215.36**MC*2019323032737~NM1*QC*1*SCHUDAR*JOHN*R***MR*Y988342~NM1*82*1*LUCAS*PEGGI*S***XX*1366419582~REF*EA*A3E608EDC30D4836B32F94C2AE82CD5A~DTM*232*20191111~DTM*233*20191111~SVC*HC:99205:25*255*186.33**1~DTM*472*20191111~CAS*CO*45*68.67~REF*6R*CPDTE8G00L9Q~AMT*B6*186.33~LQ*HE*N381~SVC*HC:99415*45*7.11**1~DTM*472*20191111~CAS*CO*45*37.89~REF*6R*CPDTRZDBOF2E~AMT*B6*7.11~LQ*HE*N381~SVC*HC:H0049*36*10.92**1~DTM*472*20191111~CAS*CO*45*25.08~REF*6R*CPDTLNO5INBQ~AMT*B6*10.92~LQ*HE*N381~SVC*HC:G8510*40*11**1~DTM*472*20191111~CAS*CO*45*29~REF*6R*CPDTTBG2613Y~AMT*B6*11~LQ*HE*N381~CLP*000100025333*1*134*97.11**MC*2019323032754~NM1*QC*1*SCHUDAR*JOHN*R***MR*Y988342~NM1*82*1*LUCAS*PEGGI*S***XX*1366419582~REF*EA*45D9230BE60644D7A853D4C5C7F01E70~DTM*232*20191118~DTM*233*20191118~SVC*HC:99214*134*97.11**1~DTM*472*20191118~CAS*CO*45*36.89~REF*6R*CPDTMWNQ3SL5~AMT*B6*97.11~LQ*HE*N381~CLP*000100025177*1*65*55.35**MC*2019323032908~NM1*QC*1*SMITH*KEVIN****MR*I052978~NM1*82*1*LEWIS*HOLLY*G***XX*1295234128~REF*EA*E8F12EA32B9444159775C1EFFB4ED0A9~DTM*232*20191113~DTM*233*20191113~SVC*HC:90832*65*55.35**1~DTM*472*20191113~CAS*CO*45*9.65~REF*6R*CPDT0NC3ZB40~AMT*B6*55.35~LQ*HE*N381~CLP*000100025358*1*149*105.53**MC*2019325051637~NM1*QC*1*TANKSLEY*DAYSHA*A***MR*O203621~NM1*82*1*LUCAS*PEGGI*S***XX*1366419582~REF*EA*C7E432C5601E4B34B08091A44C4CEA64~DTM*232*20191118~DTM*233*20191118~SVC*HC:99214:25*134*97.11**1~DTM*472*20191118~CAS*CO*45*36.89~REF*6R*CPELKXAIBVF6~AMT*B6*97.11~LQ*HE*N381~SVC*HC:81025*15*8.42**1~DTM*472*20191118~CAS*CO*45*6.58~REF*6R*CPELIXSUTKNA~AMT*B6*8.42~LQ*HE*N381~CLP*000100025537*1*134*97.11**MC*2019326046040~NM1*QC*1*TANKSLEY*DAYSHA*A***MR*O203621~NM1*82*1*LUCAS*PEGGI*S***XX*1366419582~REF*EA*9EABB0D64F6E4C2E93D0681EB62FC09D~DTM*232*20191120~DTM*233*20191120~SVC*HC:99214*134*97.11**1~DTM*472*20191120~CAS*CO*45*36.89~REF*6R*CPED73RO4CZ1~AMT*B6*97.11~LQ*HE*N381~CLP*000100025054*1*134*97.11**MC*2019323032838~NM1*QC*1*THOMPSON*LINDA*M***MR*E133889~NM1*82*1*LUCAS*PEGGI*S***XX*1366419582~REF*EA*09DDAD084D354CE19FC0615081D60720~DTM*232*20191112~DTM*233*20191112~SVC*HC:99214*134*97.11**1~DTM*472*20191112~CAS*CO*45*36.89~REF*6R*CPDTFS052UIL~AMT*B6*97.11~LQ*HE*N381~CLP*000100025474*1*175*114.94**MC*2019326046195~NM1*QC*1*THOMPSON*LINDA*M***MR*E133889~NM1*82*1*LUCAS*PEGGI*S***XX*1366419582~REF*EA*8BA065E07C3F44E79A53F2023940B457~DTM*232*20191120~DTM*233*20191120~SVC*HC:99396:25*175*114.94**1~DTM*472*20191120~CAS*CO*45*60.06~REF*6R*CPEDZO679ENQ~AMT*B6*114.94~LQ*HE*N381~CLP*000100025040*1*1971*1290.31**MC*2019323032893~NM1*QC*1*TILLEY*SAVANNAH****MR*S123439~NM1*82*1*LUCAS*PEGGI*S***XX*1366419582~REF*EA*E532585373E7457981FC8B53F12773BE~DTM*232*20191112~DTM*233*20191112~SVC*HC:99214:25*134*97.11**1~DTM*472*20191112~CAS*CO*45*36.89~REF*6R*CPDT495O35FA~AMT*B6*97.11~LQ*HE*N381~SVC*HC:96372*32*0**0**1~DTM*472*20191112~CAS*CO*109*32~REF*6R*CPDTZ3570G95~LQ*HE*N381~SVC*HC:J2315*1805*1193.2**380~DTM*472*20191112~CAS*CO*45*611.8~REF*6R*CPDTCRIPHWI4~AMT*B6*1193.2~LQ*HE*N381~CLP*000100025231*1*175*114.94**MC*2019325051879~NM1*QC*1*TORRES*HAVEN*D***MR*L088241~NM1*82*1*CADDALI*ESTRELLA*A***XX*1164974580~REF*EA*F3618F1C46FE4EEB920D5487BCB14642~DTM*232*20191114~DTM*233*20191114~SVC*HC:99396*175*114.94**1~DTM*472*20191114~CAS*CO*45*60.06~REF*6R*CPEL83F58D0W~AMT*B6*114.94~LQ*HE*N381~CLP*000100025525*1*113.15*87.31**MC*2019326046282~NM1*QC*1*TORRES*HAVEN*D***MR*L088241~NM1*82*1*CADDALI*ESTRELLA*A***XX*1164974580~REF*EA*9829012F2FB14731ABEFC715B511DB2F~DTM*232*20191120~DTM*233*20191120~SVC*HC:99213:25*90*65.81**1~DTM*472*20191120~CAS*CO*45*24.19~REF*6R*CPED1UXSH7ZS~AMT*B6*65.81~LQ*HE*N381~SVC*HC:93000*23.15*21.5**1~DTM*472*20191120~CAS*CO*45*1.65~REF*6R*CPEDGRW07BEJ~AMT*B6*21.5~LQ*HE*N381~CLP*000100025479*1*134*97.11**MC*2019326046104~NM1*QC*1*TUCKER*JUDY*L***MR*W894116~NM1*82*1*LANE*DELLA*J***XX*1417151630~REF*EA*2653840D9FA5469BACB47E0C5D230DE6~DTM*232*20191120~DTM*233*20191120~SVC*HC:99214*134*97.11**1~DTM*472*20191120~CAS*CO*45*36.89~REF*6R*CPED4OGG61MM~AMT*B6*97.11~LQ*HE*N381~CLP*000100025384*1*134*97.11**MC*2019325051894~NM1*QC*1*TYLER*JASON****MR*G053350~NM1*82*1*GRONEMEYER*LEANNE*R***XX*1659521045~REF*EA*D7D97EB475B04D4092FE5AE2841DD361~DTM*232*20191118~DTM*233*20191118~SVC*HC:99214*134*97.11**1~DTM*472*20191118~CAS*CO*45*36.89~REF*6R*CPELBT9TEZ7P~AMT*B6*97.11~LQ*HE*N381~CLP*000100025277*1*259*129.54**MC*2019325051608~NM1*QC*1*ULIBARRI*STEPHANIE*R***MR*W341555~NM1*82*1*KLAKER*JULIE*M***XX*1215134705~REF*EA*EE527F61C6814C6681FA04E5D7B213D0~DTM*232*20191115~DTM*233*20191115~SVC*HC:99214:25*134*97.11**1~DTM*472*20191115~CAS*CO*45*36.89~REF*6R*CPELAHIB77BJ~AMT*B6*97.11~LQ*HE*N381~SVC*HC:99415*45*7.11**1~DTM*472*20191115~CAS*CO*45*37.89~REF*6R*CPELQOH52UVB~AMT*B6*7.11~LQ*HE*N381~SVC*HC:H0049*36*10.92**1~DTM*472*20191115~CAS*CO*45*25.08~REF*6R*CPELKEB84FGZ~AMT*B6*10.92~LQ*HE*N381~SVC*HC:G8510*40*11**1~DTM*472*20191115~CAS*CO*45*29~REF*6R*CPELTFRMTM81~AMT*B6*11~LQ*HE*N381~SVC*HC:81002*4*3.4**1~DTM*472*20191115~CAS*CO*45*.6~REF*6R*CPELATSAVCFA~AMT*B6*3.4~LQ*HE*N381~CLP*000100025192*1*180*129.99**MC*2019323032786~NM1*QC*1*VALDEZ*MICHAEL****MR*S188705~NM1*82*1*KLAKER*JULIE*M***XX*1215134705~REF*EA*7F2CD2AD2EE34EA6855A5EA066C5DF6C~DTM*232*20191114~DTM*233*20191114~SVC*HC:99215*180*129.99**1~DTM*472*20191114~CAS*CO*45*50.01~REF*6R*CPDTS9EDH4FM~AMT*B6*129.99~LQ*HE*N381~CLP*000100025295*1*90*65.81**MC*2019325051625~NM1*QC*1*VALDEZ*MICHAEL****MR*S188705~NM1*82*1*KLAKER*JULIE*M***XX*1215134705~REF*EA*E753B0ABF42E417A939DEE30253BA2AA~DTM*232*20191115~DTM*233*20191115~SVC*HC:99213*90*65.81**1~DTM*472*20191115~CAS*CO*45*24.19~REF*6R*CPELQLWHEIWP~AMT*B6*65.81~LQ*HE*N381~CLP*000100025305*1*149*105.53**MC*2019325051418~NM1*QC*1*VARGAS*ERIKA*A***MR*L114609~NM1*82*1*KLAKER*JULIE*M***XX*1215134705~REF*EA*4B35C9D33A3847C38555349DF09AF53A~DTM*232*20191115~DTM*233*20191115~SVC*HC:99214:25*134*97.11**1~DTM*472*20191115~CAS*CO*45*36.89~REF*6R*CPELI9PKT6ME~AMT*B6*97.11~LQ*HE*N381~SVC*HC:81025*15*8.42**1~DTM*472*20191115~CAS*CO*45*6.58~REF*6R*CPEL8MLU33SV~AMT*B6*8.42~LQ*HE*N381~CLP*000100025249*1*90*65.81**MC*2019325051735~NM1*QC*1*VAUGHT*SHANNON*M***MR*J574689~NM1*82*1*CADDALI*ESTRELLA*A***XX*1164974580~REF*EA*14770B47575B4F3E99AD3868DE7E287E~DTM*232*20191114~DTM*233*20191114~SVC*HC:99213*90*65.81**1~DTM*472*20191114~CAS*CO*45*24.19~REF*6R*CPEL1QPNJBP1~AMT*B6*65.81~LQ*HE*N381~CLP*000100025332*1*134*97.11**MC*2019323032854~NM1*QC*1*VIGIL*ANTHONY*D***MR*D588067~NM1*82*1*GRONEMEYER*LEANNE*R***XX*1659521045~REF*EA*B9F292A35686406892B094F5245A58D4~DTM*232*20191118~DTM*233*20191118~SVC*HC:99214*134*97.11**1~DTM*472*20191118~CAS*CO*45*36.89~REF*6R*CPDT3ERM3QRM~AMT*B6*97.11~LQ*HE*N381~CLP*000100025094*1*134*97.11**MC*2019323032761~NM1*QC*1*WAL*KORRA*N***MR*P498567~NM1*82*1*SEARLES*DENISE*A***XX*1396971230~REF*EA*B1A1C6D622A24F5BAD93DCF1B3C7C8C8~DTM*232*20191112~DTM*233*20191112~SVC*HC:99214*134*97.11**1~DTM*472*20191112~CAS*CO*45*36.89~REF*6R*CPDTWK3PMUH2~AMT*B6*97.11~LQ*HE*N381~CLP*000100025485*1*134*95.11*2*MC*2019326046090~NM1*QC*1*WILLIS*DIANE****MR*D774337~NM1*82*1*LANE*DELLA*J***XX*1417151630~REF*EA*34EC7B3E86CD4772817E63E033439C49~DTM*232*20191120~DTM*233*20191120~SVC*HC:99214*134*95.11**1~DTM*472*20191120~CAS*PR*3*2~CAS*CO*45*36.89~REF*6R*CPEDU1AU76RV~AMT*B6*97.11~LQ*HE*N381~LQ*HE*N381~CLP*000100025368*1*90*65.81**MC*2019325051741~NM1*QC*1*WILLIS*ROYCE*J***MR*O655713~NM1*82*1*GRONEMEYER*LEANNE*R***XX*1659521045~REF*EA*70F5B5012B2546C184701F6A8D0EF848~DTM*232*20191118~DTM*233*20191118~SVC*HC:99213*90*65.81**1~DTM*472*20191118~CAS*CO*45*24.19~REF*6R*CPELTSQPR11I~AMT*B6*65.81~LQ*HE*N381~CLP*000100025311*1*54*39.39**MC*2019323032772~NM1*QC*1*WOELFLE*FRANK*J***MR*N903082~NM1*82*1*CADDALI*ESTRELLA*A***XX*1164974580~REF*EA*1DC1C8FD400E44CCA0007968F62FEA84~DTM*232*20191115~DTM*233*20191115~SVC*HC:99212*54*39.39**1~DTM*472*20191115~CAS*CO*45*14.61~REF*6R*CPDTH1H5ZOGB~AMT*B6*39.39~LQ*HE*N381~CLP*000100025267*1*105*74.23**MC*2019325051857~NM1*QC*1*WOODARD*LYDIA****MR*P869732~NM1*82*1*KLAKER*JULIE*M***XX*1215134705~REF*EA*D9467A8F897C4CED95D2CC0182C87587~DTM*232*20191115~DTM*233*20191115~SVC*HC:99213:25*90*65.81**1~DTM*472*20191115~CAS*CO*45*24.19~REF*6R*CPELGLS6ZTVT~AMT*B6*65.81~LQ*HE*N381~SVC*HC:81025*15*8.42**1~DTM*472*20191115~CAS*CO*45*6.58~REF*6R*CPELBV8E62GV~AMT*B6*8.42~LQ*HE*N381~CLP*000100025372*1*145*97.43**MC*2019325051570~NM1*QC*1*WRIGHT*JADE*N***MR*O841505~NM1*82*1*GRONEMEYER*LEANNE*R***XX*1659521045~REF*EA*06EB5FAE50714E5FBC155A39FFA7DFAB~DTM*232*20191118~DTM*233*20191118~SVC*HC:99203*145*97.43**1~DTM*472*20191118~CAS*CO*45*47.57~REF*6R*CPEL1KP1PUCY~AMT*B6*97.43~LQ*HE*N381~CLP*000100025349*1*134*97.11**MC*2019325051435~NM1*QC*1*YALOTZ*SHANE*W***MR*M883525~NM1*82*1*LUCAS*PEGGI*S***XX*1366419582~REF*EA*27CB5FDF519A43BAAE0EA06F66BF5F58~DTM*232*20191118~DTM*233*20191118~SVC*HC:99214*134*97.11**1~DTM*472*20191118~CAS*CO*45*36.89~REF*6R*CPELZHIHVPD0~AMT*B6*97.11~LQ*HE*N381~CLP*000100024074*4*134*0**MC*2019325051814~NM1*QC*1*CORDOVA ALMUINA*JUAN****MR*Y121841~NM1*74*1*CORDOVAALMUINA~NM1*82*1*LANE*DELLA*J***XX*1417151630~REF*EA*153A2414000B4B6A8CEB9E9F91B7A293~DTM*232*20191023~DTM*233*20191023~SVC*HC:99214*134*0**0**1~DTM*472*20191023~CAS*PI*96*134~REF*6R*CPELHCDCSX66~LQ*HE*N30~LQ*HE*MA92~CLP*000100023096*4*70*0**MC*2019325051815~NM1*QC*1*CORDOVA ALMUINA*JUAN****MR*Y121841~NM1*74*1*CORDOVAALMUINA~NM1*82*1*HOOSHMAND-PARSI*KAYHOSROW****XX*1447291851~REF*EA*1988C885767548CE82A560AD5FA85F9E~DTM*232*20191002~DTM*233*20191002~SVC*HC:G0009*45*0**0**1~DTM*472*20191002~CAS*PI*96*45~REF*6R*CPELEJXYNR5T~LQ*HE*N30~LQ*HE*MA92~SVC*HC:Q2039*25*0**0**1~DTM*472*20191002~CAS*CO*56*25~REF*6R*CPELXJMGACUL~LQ*HE*N130~CLP*000100023990*4*134*0**MC*2019325051662~NM1*QC*1*GARZA*PATRICIA****MR*Y090236~NM1*82*1*LUCAS*PEGGI*S***XX*1366419582~REF*EA*6239D6ABBB9F4D488EB24D5DF8EC2E61~DTM*232*20191021~DTM*233*20191021~SVC*HC:99214*134*0**0**1~DTM*472*20191021~CAS*PI*167*134~REF*6R*CPELUXT90BNF~LQ*HE*MA63~LQ*HE*MA92~LQ*HE*N56~CLP*000100023302*4*134*0**MC*2019326046050~NM1*QC*1*GARZA*PATRICIA****MR*Y090236~NM1*82*1*HOOSHMAND-PARSI*KAYHOSROW****XX*1447291851~REF*EA*4E7A729FEA0841A9AA1709A45E143EFD~DTM*232*20191007~DTM*233*20191007~SVC*HC:99214*134*0**0**1~DTM*472*20191007~CAS*PI*167*134~REF*6R*CPEDG5YHFBN1~LQ*HE*MA63~LQ*HE*MA92~LQ*HE*N56~CLP*000100023212*4*212*0**MC*2019326046053~NM1*QC*1*GARZA*PATRICIA****MR*Y090236~NM1*82*1*HOOSHMAND-PARSI*KAYHOSROW****XX*1447291851~REF*EA*43E41C2502134D2F9B81D8A9404224B7~DTM*232*20191003~DTM*233*20191003~SVC*HC:99215:25*180*0**0**1~DTM*472*20191003~CAS*PI*167*180~REF*6R*CPEDKUYZ116R~LQ*HE*MA63~LQ*HE*MA92~LQ*HE*N56~SVC*HC:G0008*32*0**0**1~DTM*472*20191003~CAS*PI*167*32~REF*6R*CPED9OULLM6K~LQ*HE*MA63~LQ*HE*MA92~LQ*HE*N56~CLP*000100023985*4*134*0**MC*2019325051796~NM1*QC*1*LACY*CHRISTINE*M***MR*O291451~NM1*82*1*GRONEMEYER*LEANNE*R***XX*1659521045~REF*EA*A337C7F5555049AD92A54C96A58970AE~DTM*232*20191021~DTM*233*20191021~SVC*HC:99214:25*134*0**0**1~DTM*472*20191021~CAS*PI*96*134~REF*6R*CPELUKTOR4X6~LQ*HE*N30~LQ*HE*MA92~SE*2615*000010013~GE*1*200003242~IEA*1*200003242~