ISA*00*          *00*          *ZZ*COMEDASSISTPROG*ZZ*6769489        *191118*0230*^*00501*300000261*0*P*:~GS*HP*COMEDASSISTPROG*6769489*20191118*023005*300000261*X*005010X221A1~ST*835*000010013~BPR*I*25182.84*C*ACH*CCP*01*075911603*DA*00000004556640373*1811725341**01*102000076*DA*2838835219*20191118~TRN*1*000817556*1811725341~REF*EV*1508250911~DTM*405*20191115~N1*PR*CO_TXIX*XV*7912900843~N3*P.O. BOX 30~N4*DENVER*CO*80201~PER*CX*MEDICAID PROVIDER SERVICES*TE*8442352387~PER*BL*MEDICAID PROVIDER SERVICES*TE*8442352387~N1*PE*HEALTH SOLUTIONS MED CENTER*XX*1508250911~REF*TJ*841158933~LX*1~CLP*000100024005*2*134*18.93**MC*2019316007832~NM1*QC*1*DIAZ*CARL*J***MR*I533514~NM1*82*1*LUCAS*PEGGI*S***XX*1366419582~REF*EA*9697EA0CD068485DAE25E244C524B04A~DTM*232*20191021~DTM*233*20191021~SVC*HC:99214*134*18.93**1~DTM*472*20191021~CAS*CO*45*115.07~REF*6R*CP4X00Z4CASK~AMT*B6*18.93~LQ*HE*N381~LQ*HE*N381~CLP*000100024176*2*90*64.69**MC*2019315043025~NM1*QC*1*HOBBS*LESLYE*M***MR*Y116733~NM1*82*1*GRONEMEYER*LEANNE*R***XX*1659521045~REF*EA*72BD2DB2EB6741AAB7C7FDF535F5FF53~DTM*232*20191024~DTM*233*20191024~SVC*HC:99213*90*64.69**1~DTM*472*20191024~CAS*CO*45*25.31~REF*6R*CPDLJHGR9VIV~AMT*B6*64.69~LQ*HE*N381~LQ*HE*N381~CLP*000100024057*2*134*18.93**MC*2019318022487~NM1*QC*1*JENSEN*APRIL****MR*P027041~NM1*82*1*LUCAS*PEGGI*S***XX*1366419582~REF*EA*EA7C3B78D5BB40C89125BA38F0791893~DTM*232*20191022~DTM*233*20191022~SVC*HC:99214*134*18.93**1~DTM*472*20191022~CAS*CO*45*115.07~REF*6R*CP41WQL7JJ12~AMT*B6*18.93~LQ*HE*N381~LQ*HE*N381~CLP*000100023414*2*2055*254.49**MC*2019315043030~NM1*QC*1*MOORE*HOLLY****MR*G690959~NM1*82*1*GRONEMEYER*LEANNE*R***XX*1659521045~REF*EA*6A5919F6DB2E433EB696C35245924975~DTM*232*20191009~DTM*233*20191009~SVC*HC:99204:25*205*28.64**1~DTM*472*20191009~CAS*CO*45*176.36~REF*6R*CPDL8DVIZYDF~AMT*B6*28.64~LQ*HE*N381~LQ*HE*N381~SVC*HC:J2315*1805*225.85**380~DTM*472*20191009~CAS*CO*45*1579.15~REF*6R*CPDLJYVMBZEV~AMT*B6*225.85~LQ*HE*N381~LQ*HE*N381~SVC*HC:99415*45*0**1~DTM*472*20191009~CAS*CO*45*37.89~CAS*OA*23*7.11~REF*6R*CPDLOGIWJIJ7~LQ*HE*N381~LQ*HE*N381~CLP*000100023974*2*134*18.93**MC*2019316007829~NM1*QC*1*ORTIZ*DEBORAH*M***MR*K925625~NM1*82*1*LUCAS*PEGGI*S***XX*1366419582~REF*EA*A1954602A6E44112A61EFCD68497E692~DTM*232*20191021~DTM*233*20191021~SVC*HC:99214*134*18.93**1~DTM*472*20191021~CAS*CO*45*115.07~REF*6R*CP4X4AJ6B65B~AMT*B6*18.93~LQ*HE*N381~LQ*HE*N381~CLP*000100021695*2*54*3.07**MC*2019319041032~NM1*QC*1*SMITH*LARRY****MR*F486161~NM1*82*1*HOOSHMAND-PARSI*KAYHOSROW****XX*1447291851~REF*EA*E7E6C186327E44A3952EA9E36A543788~DTM*232*20190828~DTM*233*20190828~SVC*HC:99212*54*3.07**1~DTM*472*20190828~CAS*CO*45*50.93~REF*6R*CPDP2PGC6KW5~AMT*B6*3.07~LQ*HE*N381~LQ*HE*N381~CLP*000100023814*2*90*12.94**MC*2019315043029~NM1*QC*1*VALDEZ MARTINEZ*SONIA****MR*F174874~NM1*74*1*VALDEZ**A~NM1*82*1*KLAKER*JULIE*M***XX*1215134705~REF*EA*3575F1C4E27C4278B5C29A82E65B50E1~DTM*232*20191016~DTM*233*20191016~SVC*HC:99213:25*90*12.94**1~DTM*472*20191016~CAS*CO*45*77.06~REF*6R*CPDLCBY5IJUH~AMT*B6*12.94~LQ*HE*N381~LQ*HE*N381~CLP*000100023933*2*105*12.94**MC*2019316007840~NM1*QC*1*VALDEZ MARTIN*SONIA*A***MR*F174874~NM1*74*1*VALDEZ~NM1*82*1*KLAKER*JULIE*M***XX*1215134705~REF*EA*E1BBC5F876474C65AFCD16DCD72AD5C9~DTM*232*20191018~DTM*233*20191018~SVC*HC:99213:25*90*12.94**1~DTM*472*20191018~CAS*CO*45*77.06~REF*6R*CP4XMU8ACTPJ~AMT*B6*12.94~LQ*HE*N381~LQ*HE*N381~SVC*HC:81025*15*0**1~DTM*472*20191018~CAS*CO*45*15~REF*6R*CP4XEK5YK4P9~LQ*HE*N381~CLP*000100024108*2*149*18.93**MC*2019318022477~NM1*QC*1*VALDEZ MARTIN*SONIA*A***MR*F174874~NM1*74*1*VALDEZ~NM1*82*1*KLAKER*JULIE*M***XX*1215134705~REF*EA*21C87185513A4245BB869452909648A2~DTM*232*20191023~DTM*233*20191023~SVC*HC:99214:25*134*18.93**1~DTM*472*20191023~CAS*CO*45*115.07~REF*6R*CP41T3FCTSKX~AMT*B6*18.93~LQ*HE*N381~LQ*HE*N381~SVC*HC:81025*15*0**1~DTM*472*20191023~CAS*CO*45*15~REF*6R*CP41VSPAQLR8~LQ*HE*N381~CLP*000100024038*2*90*12.94**MC*2019318022467~NM1*QC*1*WITHAAR*CHARLES****MR*R330415~NM1*82*1*CADDALI*ESTRELLA*A***XX*1164974580~REF*EA*2E057C0B1DDB45EFB7CE2BC452FBE4A0~DTM*232*20191022~DTM*233*20191022~SVC*HC:99213*90*12.94**1~DTM*472*20191022~CAS*CO*45*77.06~REF*6R*CP41EUZFXQN4~AMT*B6*12.94~LQ*HE*N381~LQ*HE*N381~CLP*000100024939*1*134*95.11*2*MC*2019318003737~NM1*QC*1*ABEYTA*KRISTA****MR*G102892~NM1*82*1*LUCAS*PEGGI*S***XX*1366419582~REF*EA*5C22E35B706A45F29B81BF9E56AB938C~DTM*232*20191108~DTM*233*20191108~SVC*HC:99214*134*95.11**1~DTM*472*20191108~CAS*PR*3*2~CAS*CO*45*36.89~REF*6R*CPD57GD136LY~AMT*B6*97.11~LQ*HE*N381~LQ*HE*N381~CLP*000100025115*1*80*71.25**MC*2019319042090~NM1*QC*1*AKIN*ASHLEY****MR*P601836~NM1*82*1*LEWIS*HOLLY*G***XX*1295234128~REF*EA*480628DF6D864678880B0B0DE85C53C4~DTM*232*20191113~DTM*233*20191113~SVC*HC:90834*80*71.25**1~DTM*472*20191113~CAS*CO*45*8.75~REF*6R*CPDPGCC8TXBC~AMT*B6*71.25~LQ*HE*N381~CLP*000100025065*1*134*97.11**MC*2019319042159~NM1*QC*1*AMORIN*LORELY****MR*P650484~NM1*82*1*LUCAS*PEGGI*S***XX*1366419582~REF*EA*06C0D7FB5D2044FD96CE457C8852BC88~DTM*232*20191112~DTM*233*20191112~SVC*HC:99214*134*97.11**1~DTM*472*20191112~CAS*CO*45*36.89~REF*6R*CPDPPBHECDXM~AMT*B6*97.11~LQ*HE*N381~CLP*000100024682*1*331*227.77**MC*2019315044919~NM1*QC*1*AMWAY*AMANDA****MR*P598268~NM1*82*1*LUCAS*PEGGI*S***XX*1366419582~REF*EA*0FFE0A4E908B409A891AD80CF537EE41~DTM*232*20191105~DTM*233*20191105~SVC*HC:99205:25*255*186.33**1~DTM*472*20191105~CAS*CO*45*68.67~REF*6R*CPDL2KSOPAJC~AMT*B6*186.33~LQ*HE*N381~SVC*HC:H0049*36*10.92**1~DTM*472*20191105~CAS*CO*45*25.08~REF*6R*CPDLF0JMGAKX~AMT*B6*10.92~LQ*HE*N381~SVC*HC:G8431*40*30.52**1~DTM*472*20191105~CAS*CO*45*9.48~REF*6R*CPDLH449ZAKW~AMT*B6*30.52~LQ*HE*N381~CLP*000100025062*1*65*55.35**MC*2019319042070~NM1*QC*1*AMWAY*AMANDA****MR*P598268~NM1*82*1*LEWIS*HOLLY*G***XX*1295234128~REF*EA*E8BAAE6CCE464BEB81E4DCCAB86AF6D2~DTM*232*20191112~DTM*233*20191112~SVC*HC:90832*65*55.35**1~DTM*472*20191112~CAS*CO*45*9.65~REF*6R*CPDPJZGQIN31~AMT*B6*55.35~LQ*HE*N381~CLP*000100025069*1*160*107.01**MC*2019319042043~NM1*QC*1*ANDERSON*JACQULINE*M***MR*G934658~NM1*82*1*SEARLES*DENISE*A***XX*1396971230~REF*EA*D4B106BD61834939914D7335337F12A0~DTM*232*20191112~DTM*233*20191112~SVC*HC:99213:25*90*65.81**1~DTM*472*20191112~CAS*CO*45*24.19~REF*6R*CPDP3BLTUNDP~AMT*B6*65.81~LQ*HE*N381~SVC*HC:90471*35*19.46**1~DTM*472*20191112~CAS*CO*45*15.54~REF*6R*CPDP6ZS1336X~AMT*B6*19.46~LQ*HE*N381~SVC*HC:90674*35*21.74**1~DTM*472*20191112~CAS*CO*45*13.26~REF*6R*CPDPDJML67B6~AMT*B6*21.74~LQ*HE*N381~CLP*000100024911*1*245*160.59**MC*2019318003929~NM1*QC*1*APODACA*ALEX****MR*G175017~NM1*82*1*LUCAS*PEGGI*S***XX*1366419582~REF*EA*4A28E72AF7774922ACE8653DCA2D5263~DTM*232*20191108~DTM*233*20191108~SVC*HC:99204:25*205*149.59**1~DTM*472*20191108~CAS*CO*45*55.41~REF*6R*CPD5MWP85PG0~AMT*B6*149.59~LQ*HE*N381~SVC*HC:G8510*40*11**1~DTM*472*20191108~CAS*CO*45*29~REF*6R*CPD5KX5FYKPU~AMT*B6*11~LQ*HE*N381~CLP*000100025104*1*245*156.14**MC*2019319042088~NM1*QC*1*ARAGON*NESTOR****MR*R427575~NM1*82*1*LUCAS*PEGGI*S***XX*1366419582~REF*EA*56CDF80DE6B442A7BA092DFC136BBADA~DTM*232*20191113~DTM*233*20191113~SVC*HC:99396:25*175*114.94**1~DTM*472*20191113~CAS*CO*45*60.06~REF*6R*CPDPQ09LHX9G~AMT*B6*114.94~LQ*HE*N381~SVC*HC:90471*35*19.46**1~DTM*472*20191113~CAS*CO*45*15.54~REF*6R*CPDP4YOLXS5X~AMT*B6*19.46~LQ*HE*N381~SVC*HC:90674*35*21.74**1~DTM*472*20191113~CAS*CO*45*13.26~REF*6R*CPDPTOOZ5C6T~AMT*B6*21.74~LQ*HE*N381~CLP*000100024788*1*221*138.87**MC*2019315044925~NM1*QC*1*ARCHULETTA*CHARTAE****MR*S666957~NM1*74*1*ARCHULETA**R~NM1*82*1*SEARLES*DENISE*A***XX*1396971230~REF*EA*4760440903DB4F1E80F3EB658535E286~DTM*232*20191106~DTM*233*20191106~SVC*HC:99203:25*145*97.43**1~DTM*472*20191106~CAS*CO*45*47.57~REF*6R*CPDLW2ZR6O6X~AMT*B6*97.43~LQ*HE*N381~SVC*HC:H0049*36*10.92**1~DTM*472*20191106~CAS*CO*45*25.08~REF*6R*CPDLSIVYQ6TP~AMT*B6*10.92~LQ*HE*N381~SVC*HC:G8431*40*30.52**1~DTM*472*20191106~CAS*CO*45*9.48~REF*6R*CPDL6BS3C1ZE~AMT*B6*30.52~LQ*HE*N381~CLP*000100024734*1*204*136.31*2*MC*2019315044942~NM1*QC*1*ARELLANO*CHELSEA****MR*O487114~NM1*82*1*SEARLES*DENISE*A***XX*1396971230~REF*EA*60F3A13796114A7F9179704F3B3B1A66~DTM*232*20191106~DTM*233*20191106~SVC*HC:99214:25*134*95.11**1~DTM*472*20191106~CAS*PR*3*2~CAS*CO*45*36.89~REF*6R*CPDLFX101ELI~AMT*B6*97.11~LQ*HE*N381~LQ*HE*N381~SVC*HC:90471*35*19.46**1~DTM*472*20191106~CAS*CO*45*15.54~REF*6R*CPDLGIRS6TBA~AMT*B6*19.46~LQ*HE*N381~SVC*HC:90674*35*21.74**1~DTM*472*20191106~CAS*CO*45*13.26~REF*6R*CPDLHTA23O0U~AMT*B6*21.74~LQ*HE*N381~CLP*000100025110*1*195*138.33**MC*2019319042235~NM1*QC*1*ARGUELLO*MARY*L***MR*I158767~NM1*82*1*KLAKER*JULIE*M***XX*1215134705~REF*EA*FE68250661644BF189CD86F85A777B47~DTM*232*20191113~DTM*233*20191113~SVC*HC:99215:25*180*129.99**1~DTM*472*20191113~CAS*CO*45*50.01~REF*6R*CPDPJ9YLOO0I~AMT*B6*129.99~LQ*HE*N381~SVC*HC:81025*15*8.34**1~DTM*472*20191113~CAS*CO*45*6.66~REF*6R*CPDPUF5LX66A~AMT*B6*8.34~LQ*HE*N381~CLP*000100024843*1*90*65.81**MC*2019315044983~NM1*QC*1*ARMSTRONG*JONATHON*H***MR*N774392~NM1*82*1*CADDALI*ESTRELLA*A***XX*1164974580~REF*EA*D97D87057DFB45C995FEAF22621A63A5~DTM*232*20191107~DTM*233*20191107~SVC*HC:99213*90*65.81**1~DTM*472*20191107~CAS*CO*45*24.19~REF*6R*CPDLH9U42L2E~AMT*B6*65.81~LQ*HE*N381~CLP*000100024584*1*134*97.11**MC*2019315044926~NM1*QC*1*ASKINS*STACY****MR*P163936~NM1*82*1*GRONEMEYER*LEANNE*R***XX*1659521045~REF*EA*689761D01B89487F8677A8A042666C35~DTM*232*20191104~DTM*233*20191104~SVC*HC:99214*134*97.11**1~DTM*472*20191104~CAS*CO*45*36.89~REF*6R*CPDL32B8YBC4~AMT*B6*97.11~LQ*HE*N381~CLP*000100024858*1*149*105.45**MC*2019315044928~NM1*QC*1*AVILA*KRISTA*M***MR*K943511~NM1*82*1*SEARLES*DENISE*A***XX*1396971230~REF*EA*06ED90D73EE34AF5BA49874F6D278F37~DTM*232*20191107~DTM*233*20191107~SVC*HC:99214:25*134*97.11**1~DTM*472*20191107~CAS*CO*45*36.89~REF*6R*CPDLDZOC0K80~AMT*B6*97.11~LQ*HE*N381~SVC*HC:81025*15*8.34**1~DTM*472*20191107~CAS*CO*45*6.66~REF*6R*CPDL5VSEBSRZ~AMT*B6*8.34~LQ*HE*N381~CLP*000100025150*1*221*119.35**MC*2019319042234~NM1*QC*1*BACA*COSME****MR*J264505~NM1*82*1*SEARLES*DENISE*A***XX*1396971230~REF*EA*AB2727B0E24C4DB6B22ECF530F8C6170~DTM*232*20191113~DTM*233*20191113~SVC*HC:99203:25*145*97.43**1~DTM*472*20191113~CAS*CO*45*47.57~REF*6R*CPDP205F3ABQ~AMT*B6*97.43~LQ*HE*N381~SVC*HC:H0049*36*10.92**1~DTM*472*20191113~CAS*CO*45*25.08~REF*6R*CPDP2WN4MEBI~AMT*B6*10.92~LQ*HE*N381~SVC*HC:G8510*40*11**1~DTM*472*20191113~CAS*CO*45*29~REF*6R*CPDP2XJN0INE~AMT*B6*11~LQ*HE*N381~CLP*000100024764*1*134*97.11**MC*2019315044973~NM1*QC*1*BACA*DONOVAN*D***MR*U406657~NM1*82*1*GRONEMEYER*LEANNE*R***XX*1659521045~REF*EA*F3CEE12DDB5A4FC685AE4885F0D8B0FF~DTM*232*20191106~DTM*233*20191106~SVC*HC:99214*134*97.11**1~DTM*472*20191106~CAS*CO*45*36.89~REF*6R*CPDLUNGH1PJA~AMT*B6*97.11~LQ*HE*N381~CLP*000100024997*1*315*201.78**MC*2019319042205~NM1*QC*1*BALLIETTE*ABIGAIL*C***MR*O961859~NM1*82*1*LUCAS*PEGGI*S***XX*1366419582~REF*EA*11394FD8FF95421B9F062EA5825EBEF0~DTM*232*20191111~DTM*233*20191111~SVC*HC:99205:25*255*186.33**1~DTM*472*20191111~CAS*CO*45*68.67~REF*6R*CPDPB5GQLG3C~AMT*B6*186.33~LQ*HE*N381~SVC*HC:99415*45*7.11**1~DTM*472*20191111~CAS*CO*45*37.89~REF*6R*CPDPQPUEAVAQ~AMT*B6*7.11~LQ*HE*N381~SVC*HC:81025*15*8.34**1~DTM*472*20191111~CAS*CO*45*6.66~REF*6R*CPDP68FGPWOW~AMT*B6*8.34~LQ*HE*N381~CLP*000100025139*1*210*119.03**MC*2019319042207~NM1*QC*1*BALLIETTE*ABIGAIL*C***MR*O961859~NM1*82*1*KLAKER*JULIE*M***XX*1215134705~REF*EA*5037F0DA8DB04789A5BE0DCE5293A019~DTM*232*20191113~DTM*233*20191113~SVC*HC:99214:25*134*97.11**1~DTM*472*20191113~CAS*CO*45*36.89~REF*6R*CPDPMFOZ1G2E~AMT*B6*97.11~LQ*HE*N381~SVC*HC:H0049*36*10.92**1~DTM*472*20191113~CAS*CO*45*25.08~REF*6R*CPDP7PFHXBME~AMT*B6*10.92~LQ*HE*N381~SVC*HC:G8510*40*11**1~DTM*472*20191113~CAS*CO*45*29~REF*6R*CPDP9TKEXEC7~AMT*B6*11~LQ*HE*N381~CLP*000100024423*1*149*105.45**MC*2019315044954~NM1*QC*1*BANKSTON*AMANDA*M***MR*G892642~NM1*82*1*SEARLES*DENISE*A***XX*1396971230~REF*EA*5856A79A3DEA4FB5AB544B254F324292~DTM*232*20191031~DTM*233*20191031~SVC*HC:99214:25*134*97.11**1~DTM*472*20191031~CAS*CO*45*36.89~REF*6R*CPDLSTD2IDYN~AMT*B6*97.11~LQ*HE*N381~SVC*HC:81025*15*8.34**1~DTM*472*20191031~CAS*CO*45*6.66~REF*6R*CPDLQDKVWC37~AMT*B6*8.34~LQ*HE*N381~CLP*000100024872*1*149*105.45**MC*2019318003794~NM1*QC*1*BANKSTON*AMANDA*M***MR*G892642~NM1*82*1*SEARLES*DENISE*A***XX*1396971230~REF*EA*AABB958E034D4BB69345CA8A53F28DF0~DTM*232*20191107~DTM*233*20191107~SVC*HC:99214:25*134*97.11**1~DTM*472*20191107~CAS*CO*45*36.89~REF*6R*CPD5Q5G6NTGR~AMT*B6*97.11~LQ*HE*N381~SVC*HC:81025*15*8.34**1~DTM*472*20191107~CAS*CO*45*6.66~REF*6R*CPD52VRXH3HY~AMT*B6*8.34~LQ*HE*N381~CLP*000100024994*1*149*105.45**MC*2019319042112~NM1*QC*1*BAROS*MELANIE*A***MR*L096798~NM1*82*1*HOOSHMAND-PARSI*KAYHOSROW****XX*1447291851~REF*EA*EF93A952D22642F1BD79763DE8552970~DTM*232*20191111~DTM*233*20191111~SVC*HC:99214:25*134*97.11**1~DTM*472*20191111~CAS*CO*45*36.89~REF*6R*CPDPZIEG9TFJ~AMT*B6*97.11~LQ*HE*N381~SVC*HC:81025*15*8.34**1~DTM*472*20191111~CAS*CO*45*6.66~REF*6R*CPDPBSS2O0FT~AMT*B6*8.34~LQ*HE*N381~CLP*000100024745*1*2122*1368.08**MC*2019315044959~NM1*QC*1*BIS*MARCIN*S***MR*P788092~NM1*82*1*KLAKER*JULIE*M***XX*1215134705~REF*EA*F6AFBC0DF9A1468FB282E9E021CEDABE~DTM*232*20191106~DTM*233*20191106~SVC*HC:99204:25*205*149.59**1~DTM*472*20191106~CAS*CO*45*55.41~REF*6R*CPDLIRLYWCQL~AMT*B6*149.59~LQ*HE*N381~SVC*HC:96372*32*0**0**1~DTM*472*20191106~CAS*CO*109*32~REF*6R*CPDL92D318OZ~LQ*HE*N381~SVC*HC:J2315*1805*1193.2**380~DTM*472*20191106~CAS*CO*45*611.8~REF*6R*CPDLF4KKG6V6~AMT*B6*1193.2~LQ*HE*N381~SVC*HC:H0049*36*10.92**1~DTM*472*20191106~CAS*CO*45*25.08~REF*6R*CPDLG95EWU59~AMT*B6*10.92~LQ*HE*N381~SVC*HC:G8510*40*11**1~DTM*472*20191106~CAS*CO*45*29~REF*6R*CPDLSA8HP22H~AMT*B6*11~LQ*HE*N381~SVC*HC:81002*4*3.37**1~DTM*472*20191106~CAS*CO*45*.63~REF*6R*CPDL7IBX5315~AMT*B6*3.37~LQ*HE*N381~CLP*000100025121*1*134*97.11**MC*2019319042109~NM1*QC*1*BISHOP*VANDA****MR*T552840~NM1*82*1*SEARLES*DENISE*A***XX*1396971230~REF*EA*BDBAC3E6F9E844B9A41EFBA8FDF27BCC~DTM*232*20191113~DTM*233*20191113~SVC*HC:99214*134*97.11**1~DTM*472*20191113~CAS*CO*45*36.89~REF*6R*CPDPKMEZZJDM~AMT*B6*97.11~LQ*HE*N381~CLP*000100024869*1*204*138.31**MC*2019318003913~NM1*QC*1*BONNEY*DAVID*R***MR*F267041~NM1*82*1*HOOSHMAND-PARSI*KAYHOSROW****XX*1447291851~REF*EA*1367886F77E54EA89FECD951D250CAF3~DTM*232*20191107~DTM*233*20191107~SVC*HC:99214:25*134*97.11**1~DTM*472*20191107~CAS*CO*45*36.89~REF*6R*CPD5WLUICA8M~AMT*B6*97.11~LQ*HE*N381~SVC*HC:90471*35*19.46**1~DTM*472*20191107~CAS*CO*45*15.54~REF*6R*CPD54JZJSKEZ~AMT*B6*19.46~LQ*HE*N381~SVC*HC:90674*35*21.74**1~DTM*472*20191107~CAS*CO*45*13.26~REF*6R*CPD584VMMEMW~AMT*B6*21.74~LQ*HE*N381~CLP*000100024908*1*105*74.15**MC*2019318003678~NM1*QC*1*BOULIER*JEWEL*R***MR*W913486~NM1*82*1*SEARLES*DENISE*A***XX*1396971230~REF*EA*496C93F8A8E348779BE25D803FACA2A9~DTM*232*20191108~DTM*233*20191108~SVC*HC:99213:25*90*65.81**1~DTM*472*20191108~CAS*CO*45*24.19~REF*6R*CPD51FHIXU34~AMT*B6*65.81~LQ*HE*N381~SVC*HC:81025*15*8.34**1~DTM*472*20191108~CAS*CO*45*6.66~REF*6R*CPD5Q321XVEG~AMT*B6*8.34~LQ*HE*N381~CLP*000100025125*1*175*114.94**MC*2019319042238~NM1*QC*1*BOWDOIN*JOHN*C***MR*G294821~NM1*82*1*CADDALI*ESTRELLA*A***XX*1164974580~REF*EA*5DE164D552AF495CADFDEA44C8BE4627~DTM*232*20191113~DTM*233*20191113~SVC*HC:99396*175*114.94**1~DTM*472*20191113~CAS*CO*45*60.06~REF*6R*CPDPKUHZY17N~AMT*B6*114.94~LQ*HE*N381~CLP*000100024744*1*160*107.01**MC*2019315044909~NM1*QC*1*BRODEUR*MICHAEL****MR*O634397~NM1*82*1*CADDALI*ESTRELLA*A***XX*1164974580~REF*EA*90C65A699A0C4200B19DDC567FE11B86~DTM*232*20191106~DTM*233*20191106~SVC*HC:99213:25*90*65.81**1~DTM*472*20191106~CAS*CO*45*24.19~REF*6R*CPDLXUU94M7U~AMT*B6*65.81~LQ*HE*N381~SVC*HC:90471*35*19.46**1~DTM*472*20191106~CAS*CO*45*15.54~REF*6R*CPDLZBZNJ5GL~AMT*B6*19.46~LQ*HE*N381~SVC*HC:90674*35*21.74**1~DTM*472*20191106~CAS*CO*45*13.26~REF*6R*CPDLIB5HJCJO~AMT*B6*21.74~LQ*HE*N381~CLP*000100024758*1*149*103.45*2*MC*2019315044917~NM1*QC*1*BUSTILLOS*DESIREE****MR*Y193127~NM1*82*1*LANE*DELLA*J***XX*1417151630~REF*EA*700F961F7AF34BAEAF6C257622215606~DTM*232*20191106~DTM*233*20191106~SVC*HC:99214:25*134*95.11**1~DTM*472*20191106~CAS*PR*3*2~CAS*CO*45*36.89~REF*6R*CPDLA6BKIB9G~AMT*B6*97.11~LQ*HE*N381~LQ*HE*N381~SVC*HC:81025*15*8.34**1~DTM*472*20191106~CAS*CO*45*6.66~REF*6R*CPDLWU8FWI5P~AMT*B6*8.34~LQ*HE*N381~CLP*000100024807*1*90*65.81**MC*2019315044927~NM1*QC*1*CALKINS*CARISSA****MR*P086416~NM1*82*1*LUCAS*PEGGI*S***XX*1366419582~REF*EA*CA4F005962A2413BAF15FC7A7BF21AE9~DTM*232*20191106~DTM*233*20191106~SVC*HC:99213*90*65.81**1~DTM*472*20191106~CAS*CO*45*24.19~REF*6R*CPDL5FWBS36H~AMT*B6*65.81~LQ*HE*N381~CLP*000100024936*1*391*243.22**MC*2019318003637~NM1*QC*1*PADILLA*CARA*F***MR*Y011382~NM1*74*1*CARLYLE~NM1*82*1*KLAKER*JULIE*M***XX*1215134705~REF*EA*2D268EACE34A439AB0D4D35EE0EE3254~DTM*232*20191108~DTM*233*20191108~SVC*HC:99205:25*255*186.33**1~DTM*472*20191108~CAS*CO*45*68.67~REF*6R*CPD5MFCCDO0S~AMT*B6*186.33~LQ*HE*N381~SVC*HC:99415*45*7.11**1~DTM*472*20191108~CAS*CO*45*37.89~REF*6R*CPD5P1OSW73C~AMT*B6*7.11~LQ*HE*N381~SVC*HC:H0049*36*10.92**1~DTM*472*20191108~CAS*CO*45*25.08~REF*6R*CPD5BDZW6ZHC~AMT*B6*10.92~LQ*HE*N381~SVC*HC:G8431*40*30.52**1~DTM*472*20191108~CAS*CO*45*9.48~REF*6R*CPD59SY75VY6~AMT*B6*30.52~LQ*HE*N381~SVC*HC:81025*15*8.34**1~DTM*472*20191108~CAS*CO*45*6.66~REF*6R*CPD5CXW4NAOD~AMT*B6*8.34~LQ*HE*N381~CLP*000100025016*1*105*74.15**MC*2019319042075~NM1*QC*1*PADILLA*CARA*F***MR*Y011382~NM1*74*1*CARLYLE~NM1*82*1*HOOSHMAND-PARSI*KAYHOSROW****XX*1447291851~REF*EA*23624C3A86D34FF3A18F9B4F4D539533~DTM*232*20191111~DTM*233*20191111~SVC*HC:99213:25*90*65.81**1~DTM*472*20191111~CAS*CO*45*24.19~REF*6R*CPDPEGKPR35J~AMT*B6*65.81~LQ*HE*N381~SVC*HC:81025*15*8.34**1~DTM*472*20191111~CAS*CO*45*6.66~REF*6R*CPDPAZN4INRX~AMT*B6*8.34~LQ*HE*N381~CLP*000100025052*1*134*97.11**MC*2019319042227~NM1*QC*1*CHAVEZ*DALTON****MR*Q846049~NM1*82*1*HOOSHMAND-PARSI*KAYHOSROW****XX*1447291851~REF*EA*0F9AA8C75CA54FB082B5C6CE201BE91F~DTM*232*20191112~DTM*233*20191112~SVC*HC:99214*134*97.11**1~DTM*472*20191112~CAS*CO*45*36.89~REF*6R*CPDPD0128D2L~AMT*B6*97.11~LQ*HE*N381~CLP*000100024875*1*90*65.81**MC*2019319042051~NM1*QC*1*CHAVEZ*MELISSA****MR*J002962~NM1*82*1*SEARLES*DENISE*A***XX*1396971230~REF*EA*1490BF75E4944BF1A5B3D31848AAB98C~DTM*232*20191107~DTM*233*20191107~SVC*HC:99213*90*65.81**1~DTM*472*20191107~CAS*CO*45*24.19~REF*6R*CPDPWXNDC2Z2~AMT*B6*65.81~LQ*HE*N381~CLP*000100024832*1*90*63.81*2*MC*2019318003877~NM1*QC*1*CORDOVA*WILLIAM*D***MR*G439008~NM1*82*1*GRONEMEYER*LEANNE*R***XX*1659521045~REF*EA*501283F5A49D4EA58B41F11B19BEF923~DTM*232*20191107~DTM*233*20191107~SVC*HC:99213*90*63.81**1~DTM*472*20191107~CAS*PR*3*2~CAS*CO*45*24.19~REF*6R*CPD5FLGOW7EM~AMT*B6*65.81~LQ*HE*N381~LQ*HE*N381~CLP*000100025083*1*160*107.01**MC*2019319042222~NM1*QC*1*COWLING*CHRISTOPHER****MR*D759791~NM1*82*1*SEARLES*DENISE*A***XX*1396971230~REF*EA*92AA6195E6BB4567B59D55EFC10E45A7~DTM*232*20191112~DTM*233*20191112~SVC*HC:99213:25*90*65.81**1~DTM*472*20191112~CAS*CO*45*24.19~REF*6R*CPDPXHY9LYHH~AMT*B6*65.81~LQ*HE*N381~SVC*HC:90471*35*19.46**1~DTM*472*20191112~CAS*CO*45*15.54~REF*6R*CPDP06E8J9OE~AMT*B6*19.46~LQ*HE*N381~SVC*HC:90674*35*21.74**1~DTM*472*20191112~CAS*CO*45*13.26~REF*6R*CPDP45OI0QDT~AMT*B6*21.74~LQ*HE*N381~CLP*000100024989*1*195*136.33*2*MC*2019319042059~NM1*QC*1*CRAMER*CHELSEA*C***MR*G314138~NM1*82*1*LUCAS*PEGGI*S***XX*1366419582~REF*EA*EA9E16905F024DD4B5EF589A784CF928~DTM*232*20191111~DTM*233*20191111~SVC*HC:99215:25*180*127.99**1~DTM*472*20191111~CAS*PR*3*2~CAS*CO*45*50.01~REF*6R*CPDPOI8GENS4~AMT*B6*129.99~LQ*HE*N381~LQ*HE*N381~SVC*HC:81025*15*8.34**1~DTM*472*20191111~CAS*CO*45*6.66~REF*6R*CPDP9I2XGSZJ~AMT*B6*8.34~LQ*HE*N381~CLP*000100024797*1*90*65.81**MC*2019315044988~NM1*QC*1*CRUZ*KC****MR*N045363~NM1*82*1*KLAKER*JULIE*M***XX*1215134705~REF*EA*F096355A22B84218AD3433EEA4C5BF90~DTM*232*20191106~DTM*233*20191106~SVC*HC:99213*90*65.81**1~DTM*472*20191106~CAS*CO*45*24.19~REF*6R*CPDLZSXHGO64~AMT*B6*65.81~LQ*HE*N381~CLP*000100024704*1*309*212.05**MC*2019315044936~NM1*QC*1*DEJOY*ANTHONY****MR*W988017~NM1*82*1*LUCAS*PEGGI*S***XX*1366419582~REF*EA*4A014D30EE664A5FADCA0BC48CA79454~DTM*232*20191105~DTM*233*20191105~SVC*HC:99396:25*175*114.94**1~DTM*472*20191105~CAS*CO*45*60.06~REF*6R*CPDLL4QVXEBK~AMT*B6*114.94~LQ*HE*N381~SVC*HC:99214:25*134*97.11**1~DTM*472*20191105~CAS*CO*45*36.89~REF*6R*CPDLG6EBF7IZ~AMT*B6*97.11~LQ*HE*N381~CLP*000100024971*1*90*65.81**MC*2019318003746~NM1*QC*1*DEJOY*ANTHONY****MR*W988017~NM1*82*1*LUCAS*PEGGI*S***XX*1366419582~REF*EA*C04F5B96DC8040F6AD66215E588B5C48~DTM*232*20191108~DTM*233*20191108~SVC*HC:99213*90*65.81**1~DTM*472*20191108~CAS*CO*45*24.19~REF*6R*CPD5BA92GNWR~AMT*B6*65.81~LQ*HE*N381~CLP*000100024963*1*134*97.11**MC*2019318003817~NM1*QC*1*DILLON*JEANNE****MR*F006563~NM1*82*1*LUCAS*PEGGI*S***XX*1366419582~REF*EA*7840C28C806B451DA8DE1B4A728CB420~DTM*232*20191108~DTM*233*20191108~SVC*HC:99214*134*97.11**1~DTM*472*20191108~CAS*CO*45*36.89~REF*6R*CPD5STTP9L60~AMT*B6*97.11~LQ*HE*N381~CLP*000100025108*1*221*119.35**MC*2019319042242~NM1*QC*1*DORRIS*DREW****MR*P467667~NM1*82*1*CADDALI*ESTRELLA*A***XX*1164974580~REF*EA*850AE7F5DCFA4C229CE48388102249AF~DTM*232*20191113~DTM*233*20191113~SVC*HC:99203:25*145*97.43**1~DTM*472*20191113~CAS*CO*45*47.57~REF*6R*CPDPBF7L4TXQ~AMT*B6*97.43~LQ*HE*N381~SVC*HC:H0049*36*10.92**1~DTM*472*20191113~CAS*CO*45*25.08~REF*6R*CPDP1R3NBLS4~AMT*B6*10.92~LQ*HE*N381~SVC*HC:G8510*40*11**1~DTM*472*20191113~CAS*CO*45*29~REF*6R*CPDPYVKHFDRN~AMT*B6*11~LQ*HE*N381~CLP*000100024904*1*134*97.11**MC*2019319042081~NM1*QC*1*DURAN*ALVIN*R***MR*W176209~NM1*82*1*KLAKER*JULIE*M***XX*1215134705~REF*EA*A417E2351F3D48DFA39423FB395F5995~DTM*232*20191107~DTM*233*20191107~SVC*HC:99214*134*97.11**1~DTM*472*20191107~CAS*CO*45*36.89~REF*6R*CPDPM7JJJWOL~AMT*B6*97.11~LQ*HE*N381~CLP*000100022371*1*90*65.81**MC*2019318003777~NM1*QC*1*DURAN*LUCIANO*K***MR*P804952~NM1*82*1*SEARLES*DENISE*A***XX*1396971230~REF*EA*6577E35E591E4786B428CB8C73F718A7~DTM*232*20190913~DTM*233*20190913~SVC*HC:99213*90*65.81**1~DTM*472*20190913~CAS*CO*45*24.19~REF*6R*CPD5YZKFX51U~AMT*B6*65.81~LQ*HE*N381~CLP*000100024966*1*90*65.81**MC*2019318003782~NM1*QC*1*DURAN*LUCIANO*K***MR*P804952~NM1*82*1*LUCAS*PEGGI*S***XX*1366419582~REF*EA*15609BF4ABBE4EB6A6FECC03A87ADC9C~DTM*232*20191108~DTM*233*20191108~SVC*HC:99213*90*65.81**1~DTM*472*20191108~CAS*CO*45*24.19~REF*6R*CPD57GZ3F67P~AMT*B6*65.81~LQ*HE*N381~CLP*000100024829*1*149*105.45**MC*2019315044915~NM1*QC*1*EHLERS*DESIREE*F***MR*P131523~NM1*82*1*KLAKER*JULIE*M***XX*1215134705~REF*EA*AD4FE6D0D0BD40B68E4075B30D933382~DTM*232*20191107~DTM*233*20191107~SVC*HC:99214:25*134*97.11**1~DTM*472*20191107~CAS*CO*45*36.89~REF*6R*CPDLT16AI132~AMT*B6*97.11~LQ*HE*N381~SVC*HC:81025*15*8.34**1~DTM*472*20191107~CAS*CO*45*6.66~REF*6R*CPDLEPK5NBVW~AMT*B6*8.34~LQ*HE*N381~CLP*000100024903*1*138*100.48**MC*2019318003823~NM1*QC*1*ELLISON*TRACY****MR*Y263234~NM1*82*1*HOOSHMAND-PARSI*KAYHOSROW****XX*1447291851~REF*EA*7EF434E3FFA64A1C9149AB358E0EA294~DTM*232*20191107~DTM*233*20191107~SVC*HC:99214:25*134*97.11**1~DTM*472*20191107~CAS*CO*45*36.89~REF*6R*CPD597KGPO71~AMT*B6*97.11~LQ*HE*N381~SVC*HC:81002*4*3.37**1~DTM*472*20191107~CAS*CO*45*.63~REF*6R*CPD58Y80M945~AMT*B6*3.37~LQ*HE*N381~CLP*000100024959*1*120*109.71**MC*2019319042188~NM1*QC*1*ELLISON*TRACY****MR*Y263234~NM1*82*1*LEWIS*HOLLY*G***XX*1295234128~REF*EA*190B8944DEFC45F082E9011AD5691C6D~DTM*232*20191108~DTM*233*20191108~SVC*HC:90791*120*109.71**1~DTM*472*20191108~CAS*CO*45*10.29~REF*6R*CPDPMY9QDRAT~AMT*B6*109.71~LQ*HE*N381~CLP*000100025067*1*90*65.81**MC*2019319042210~NM1*QC*1*ESQUIBEL*JEAN****MR*Y798811~NM1*82*1*SEARLES*DENISE*A***XX*1396971230~REF*EA*4CBC2E09CC29480A8F0BFFD72393FF09~DTM*232*20191112~DTM*233*20191112~SVC*HC:99213*90*65.81**1~DTM*472*20191112~CAS*CO*45*24.19~REF*6R*CPDP7XJ0876S~AMT*B6*65.81~LQ*HE*N381~CLP*000100024910*1*134*97.11**MC*2019318003727~NM1*QC*1*EURIOSTE*RICHARD****MR*H551756~NM1*82*1*CADDALI*ESTRELLA*A***XX*1164974580~REF*EA*B5E7B5857E5C48FF83605178E344B3C6~DTM*232*20191108~DTM*233*20191108~SVC*HC:99214*134*97.11**1~DTM*472*20191108~CAS*CO*45*36.89~REF*6R*CPD51EPTCPGD~AMT*B6*97.11~LQ*HE*N381~CLP*000100024784*1*90*65.81**MC*2019315044977~NM1*QC*1*FERNANDEZ*RICO*J***MR*P485087~NM1*82*1*CADDALI*ESTRELLA*A***XX*1164974580~REF*EA*99C1EA284C7B4461AE9FA067BB338675~DTM*232*20191106~DTM*233*20191106~SVC*HC:99213*90*65.81**1~DTM*472*20191106~CAS*CO*45*24.19~REF*6R*CPDL76EABDYF~AMT*B6*65.81~LQ*HE*N381~CLP*000100024770*1*134*97.11**MC*2019315044968~NM1*QC*1*FERRIS*JOSHUA*R***MR*U655766~NM1*82*1*LANE*DELLA*J***XX*1417151630~REF*EA*9CBF6D984C6A45479094D93E7B79A66A~DTM*232*20191106~DTM*233*20191106~SVC*HC:99214*134*97.11**1~DTM*472*20191106~CAS*CO*45*36.89~REF*6R*CPDLEA7XS0GY~AMT*B6*97.11~LQ*HE*N381~CLP*000100024969*1*175*131.09**MC*2019318003565~NM1*QC*1*FIORINI*CHRISTENA*E***MR*Y109693~NM1*82*1*CADDALI*ESTRELLA*A***XX*1164974580~REF*EA*EC24B76706A8430EA3AEA90D4AEADA92~DTM*232*20191108~DTM*233*20191108~SVC*HC:99213:25:FP*90*81.55**1~DTM*472*20191108~CAS*CO*45*8.45~REF*6R*CPD502JC3DTX~AMT*B6*81.55~LQ*HE*N381~SVC*HC:90471*35*19.46**1~DTM*472*20191108~CAS*CO*45*15.54~REF*6R*CPD5TY61BZ81~AMT*B6*19.46~LQ*HE*N381~SVC*HC:90674*35*21.74**1~DTM*472*20191108~CAS*CO*45*13.26~REF*6R*CPD5XU0QLMHQ~AMT*B6*21.74~LQ*HE*N381~SVC*HC:81025:FP*15*8.34**1~DTM*472*20191108~CAS*CO*45*6.66~REF*6R*CPD52P5UOMWR~AMT*B6*8.34~LQ*HE*N381~CLP*000100024822*1*149*105.45**MC*2019315045034~NM1*QC*1*FITZPATRICK*TINA****MR*M581665~NM1*82*1*SEARLES*DENISE*A***XX*1396971230~REF*EA*B43A413603AF49A989001EFAE11704C4~DTM*232*20191107~DTM*233*20191107~SVC*HC:99214:25*134*97.11**1~DTM*472*20191107~CAS*CO*45*36.89~REF*6R*CPDL5033L920~AMT*B6*97.11~LQ*HE*N381~SVC*HC:81025*15*8.34**1~DTM*472*20191107~CAS*CO*45*6.66~REF*6R*CPDLRAOFNZ3R~AMT*B6*8.34~LQ*HE*N381~CLP*000100024750*1*280*179.75**MC*2019315045038~NM1*QC*1*FITZPATRICK*TINA****MR*M581665~NM1*82*1*SEARLES*DENISE*A***XX*1396971230~REF*EA*347F4497469741768F07CA23A77F185A~DTM*232*20191106~DTM*233*20191106~SVC*HC:99214:25*134*97.11**1~DTM*472*20191106~CAS*CO*45*36.89~REF*6R*CPDLP757WBU6~AMT*B6*97.11~LQ*HE*N381~SVC*HC:90471*35*19.46**1~DTM*472*20191106~CAS*CO*45*15.54~REF*6R*CPDLM8XAXJEB~AMT*B6*19.46~LQ*HE*N381~SVC*HC:90674*35*21.74**1~DTM*472*20191106~CAS*CO*45*13.26~REF*6R*CPDLGIBKFBE8~AMT*B6*21.74~LQ*HE*N381~SVC*HC:H0049*36*10.92**1~DTM*472*20191106~CAS*CO*45*25.08~REF*6R*CPDLLXLJ8A2N~AMT*B6*10.92~LQ*HE*N381~SVC*HC:G8431*40*30.52**1~DTM*472*20191106~CAS*CO*45*9.48~REF*6R*CPDL29QXAEWT~AMT*B6*30.52~LQ*HE*N381~CLP*000100025087*1*90*65.81**MC*2019319042224~NM1*QC*1*FLORES*JOE*F***MR*P507699~NM1*82*1*CADDALI*ESTRELLA*A***XX*1164974580~REF*EA*92516FCC4E764333AED1AD2B7BDFE8C9~DTM*232*20191112~DTM*233*20191112~SVC*HC:99213*90*65.81**1~DTM*472*20191112~CAS*CO*45*24.19~REF*6R*CPDPMTPYBT76~AMT*B6*65.81~LQ*HE*N381~CLP*000100024497*1*70*40.2*1*MC*2019315044931~NM1*QC*1*GAHARD*JAMES*M***MR*O301579~NM1*82*1*CADDALI*ESTRELLA*A***XX*1164974580~REF*EA*9E96CC01F50E43C2B2AADC057C3D1886~DTM*232*20191101~DTM*233*20191101~SVC*HC:90471*35*19.46**1~DTM*472*20191101~CAS*CO*45*15.54~REF*6R*CPDLLHB6RSS4~AMT*B6*19.46~LQ*HE*N381~SVC*HC:90674*35*20.74**1~DTM*472*20191101~CAS*PR*3*1~CAS*CO*45*13.26~REF*6R*CPDLUV53ZNH7~AMT*B6*21.74~LQ*HE*N381~LQ*HE*N381~CLP*000100025119*1*204*138.31**MC*2019319042180~NM1*QC*1*GALLEGOS*BRENDA****MR*K349271~NM1*82*1*HOOSHMAND-PARSI*KAYHOSROW****XX*1447291851~REF*EA*8E4A08AD506B406F8BD78E48725B4060~DTM*232*20191113~DTM*233*20191113~SVC*HC:99214:25*134*97.11**1~DTM*472*20191113~CAS*CO*45*36.89~REF*6R*CPDP8QGP4VUT~AMT*B6*97.11~LQ*HE*N381~SVC*HC:90471*35*19.46**1~DTM*472*20191113~CAS*CO*45*15.54~REF*6R*CPDPLXKD256G~AMT*B6*19.46~LQ*HE*N381~SVC*HC:90674*35*21.74**1~DTM*472*20191113~CAS*CO*45*13.26~REF*6R*CPDP4YSYYIA8~AMT*B6*21.74~LQ*HE*N381~CLP*000100024863*1*134*97.11**MC*2019315044971~NM1*QC*1*GARCIA*AMBER****MR*T910667~NM1*82*1*SEARLES*DENISE*A***XX*1396971230~REF*EA*6B12219887144B4BBB293A3760B9714C~DTM*232*20191107~DTM*233*20191107~SVC*HC:99214*134*97.11**1~DTM*472*20191107~CAS*CO*45*36.89~REF*6R*CPDLN13LGJZ0~AMT*B6*97.11~LQ*HE*N381~CLP*000100024760*1*134*95.11*2*MC*2019315044978~NM1*QC*1*GARCIA*DANIEL*R***MR*S702489~NM1*82*1*KLAKER*JULIE*M***XX*1215134705~REF*EA*AE8AA94FBAB043D28B07130E4810A976~DTM*232*20191106~DTM*233*20191106~SVC*HC:99214*134*95.11**1~DTM*472*20191106~CAS*PR*3*2~CAS*CO*45*36.89~REF*6R*CPDL1AQJ1T9W~AMT*B6*97.11~LQ*HE*N381~LQ*HE*N381~CLP*000100025107*1*90*63.81*2*MC*2019319042196~NM1*QC*1*GARCIA*DANIEL*R***MR*S702489~NM1*82*1*KLAKER*JULIE*M***XX*1215134705~REF*EA*F99697AD06C948AAAFA5BFECEBB3DB34~DTM*232*20191113~DTM*233*20191113~SVC*HC:99213*90*63.81**1~DTM*472*20191113~CAS*PR*3*2~CAS*CO*45*24.19~REF*6R*CPDPWUCTVQCU~AMT*B6*65.81~LQ*HE*N381~LQ*HE*N381~CLP*000100024955*1*205*149.59**MC*2019318003773~NM1*QC*1*GARCIA*LOGAN****MR*G750198~NM1*82*1*LUCAS*PEGGI*S***XX*1366419582~REF*EA*A0E3CA72A032426CA47DF85B4A601FA6~DTM*232*20191108~DTM*233*20191108~SVC*HC:99204*205*149.59**1~DTM*472*20191108~CAS*CO*45*55.41~REF*6R*CPD543NYDQRY~AMT*B6*149.59~LQ*HE*N381~CLP*000100025144*1*180*129.99**MC*2019319042216~NM1*QC*1*GARCIA*MARYJANE*L***MR*D481727~NM1*82*1*CADDALI*ESTRELLA*A***XX*1164974580~REF*EA*C789BF85F3414E16AD01E3BF3B55D905~DTM*232*20191113~DTM*233*20191113~SVC*HC:99215*180*129.99**1~DTM*472*20191113~CAS*CO*45*50.01~REF*6R*CPDPVN512I79~AMT*B6*129.99~LQ*HE*N381~CLP*000100024883*1*90*63.81*2*MC*2019315044992~NM1*QC*1*GIERHART*JAMES*T***MR*G669412~NM1*82*1*HOOSHMAND-PARSI*KAYHOSROW****XX*1447291851~REF*EA*193117F7B292498CBC83052FEC07D4CE~DTM*232*20191107~DTM*233*20191107~SVC*HC:99213*90*63.81**1~DTM*472*20191107~CAS*PR*3*2~CAS*CO*45*24.19~REF*6R*CPDLIWRMFM9R~AMT*B6*65.81~LQ*HE*N381~LQ*HE*N381~CLP*000100025147*1*105*74.15**MC*2019319042099~NM1*QC*1*GONZALES*DESTINEY*M***MR*Y786132~NM1*82*1*CADDALI*ESTRELLA*A***XX*1164974580~REF*EA*5BB31FBA89DB46FCA02ED848C06D80D1~DTM*232*20191113~DTM*233*20191113~SVC*HC:99213:25*90*65.81**1~DTM*472*20191113~CAS*CO*45*24.19~REF*6R*CPDPX2XE3GUK~AMT*B6*65.81~LQ*HE*N381~SVC*HC:81025*15*8.34**1~DTM*472*20191113~CAS*CO*45*6.66~REF*6R*CPDP620WUKMQ~AMT*B6*8.34~LQ*HE*N381~CLP*000100024736*1*134*97.11**MC*2019315044967~NM1*QC*1*GONZALES*STEVEN*J***MR*D758660~NM1*82*1*CADDALI*ESTRELLA*A***XX*1164974580~REF*EA*6459C43959574B2188D3A4DA61A2469F~DTM*232*20191106~DTM*233*20191106~SVC*HC:99214*134*97.11**1~DTM*472*20191106~CAS*CO*45*36.89~REF*6R*CPDLZ4NWR37G~AMT*B6*97.11~LQ*HE*N381~CLP*000100024777*1*105*74.15**MC*2019315045015~NM1*QC*1*GOW*LAYLA****MR*O314223~NM1*82*1*GRONEMEYER*LEANNE*R***XX*1659521045~REF*EA*136562FCD5714BE2A8EA5BA53F10FB4E~DTM*232*20191106~DTM*233*20191106~SVC*HC:99213:25*90*65.81**1~DTM*472*20191106~CAS*CO*45*24.19~REF*6R*CPDL2NA66EFU~AMT*B6*65.81~LQ*HE*N381~SVC*HC:81025*15*8.34**1~DTM*472*20191106~CAS*CO*45*6.66~REF*6R*CPDLVNZ2T1ES~AMT*B6*8.34~LQ*HE*N381~CLP*000100024731*1*2167*1375.19**MC*2019315044911~NM1*QC*1*GRAY*JAMES****MR*J248474~NM1*82*1*GRONEMEYER*LEANNE*R***XX*1659521045~REF*EA*0BBF84C661A64DDC9AC29A3FE7C5103C~DTM*232*20191106~DTM*233*20191106~SVC*HC:99204:25*205*149.59**1~DTM*472*20191106~CAS*CO*45*55.41~REF*6R*CPDLV9DK3IVR~AMT*B6*149.59~LQ*HE*N381~SVC*HC:99415*45*7.11**1~DTM*472*20191106~CAS*CO*45*37.89~REF*6R*CPDLMRNENP57~AMT*B6*7.11~LQ*HE*N381~SVC*HC:H0049*36*10.92**1~DTM*472*20191106~CAS*CO*45*25.08~REF*6R*CPDLSN9TH3KP~AMT*B6*10.92~LQ*HE*N381~SVC*HC:G8510*40*11**1~DTM*472*20191106~CAS*CO*45*29~REF*6R*CPDLV5D1IDJN~AMT*B6*11~LQ*HE*N381~SVC*HC:96372*32*0**0**1~DTM*472*20191106~CAS*CO*109*32~REF*6R*CPDLV1RZLW3G~LQ*HE*N381~SVC*HC:J2315*1805*1193.2**380~DTM*472*20191106~CAS*CO*45*611.8~REF*6R*CPDLGVP4W1HE~AMT*B6*1193.2~LQ*HE*N381~SVC*HC:81002*4*3.37**1~DTM*472*20191106~CAS*CO*45*.63~REF*6R*CPDL67Y3CD76~AMT*B6*3.37~LQ*HE*N381~CLP*000100025063*1*149*103.45*2*MC*2019319042209~NM1*QC*1*GUERRERO*SONYA*M***MR*S127505~NM1*82*1*LUCAS*PEGGI*S***XX*1366419582~REF*EA*8E7C74E79D2649BAA269DF4433754BD9~DTM*232*20191112~DTM*233*20191112~SVC*HC:99214:25*134*95.11**1~DTM*472*20191112~CAS*PR*3*2~CAS*CO*45*36.89~REF*6R*CPDP02S56RHY~AMT*B6*97.11~LQ*HE*N381~LQ*HE*N381~SVC*HC:81025*15*8.34**1~DTM*472*20191112~CAS*CO*45*6.66~REF*6R*CPDPXVTYYBQ7~AMT*B6*8.34~LQ*HE*N381~CLP*000100024473*1*90*65.81**MC*2019315044952~NM1*QC*1*GURULE*TRAVIS*L***MR*O382860~NM1*82*1*KLAKER*JULIE*M***XX*1215134705~REF*EA*D02D41EFCFA84DF38C9757E97B0F6547~DTM*232*20191101~DTM*233*20191101~SVC*HC:99213*90*65.81**1~DTM*472*20191101~CAS*CO*45*24.19~REF*6R*CPDL0T6EZ20M~AMT*B6*65.81~LQ*HE*N381~CLP*000100024723*1*204*136.31*2*MC*2019315044947~NM1*QC*1*HALING*PATRICK*J***MR*T780060~NM1*82*1*SEARLES*DENISE*A***XX*1396971230~REF*EA*BE2BE6CADC4F45309C53FD89573E7157~DTM*232*20191106~DTM*233*20191106~SVC*HC:99214:25*134*95.11**1~DTM*472*20191106~CAS*PR*3*2~CAS*CO*45*36.89~REF*6R*CPDL2ZWG6MOT~AMT*B6*97.11~LQ*HE*N381~LQ*HE*N381~SVC*HC:90471*35*19.46**1~DTM*472*20191106~CAS*CO*45*15.54~REF*6R*CPDLWFFSYY90~AMT*B6*19.46~LQ*HE*N381~SVC*HC:90674*35*21.74**1~DTM*472*20191106~CAS*CO*45*13.26~REF*6R*CPDLU8YDE4NB~AMT*B6*21.74~LQ*HE*N381~CLP*000100024742*1*149*103.45*2*MC*2019315044914~NM1*QC*1*HALL*KRISTINA*K***MR*S324169~NM1*82*1*LANE*DELLA*J***XX*1417151630~REF*EA*E1F75038771B4BB4B30BB0314F7982D2~DTM*232*20191106~DTM*233*20191106~SVC*HC:99214:25*134*95.11**1~DTM*472*20191106~CAS*PR*3*2~CAS*CO*45*36.89~REF*6R*CPDLNL18H1D8~AMT*B6*97.11~LQ*HE*N381~LQ*HE*N381~SVC*HC:81025*15*8.34**1~DTM*472*20191106~CAS*CO*45*6.66~REF*6R*CPDLY42LRLDC~AMT*B6*8.34~LQ*HE*N381~CLP*000100025082*1*134*97.11**MC*2019319042215~NM1*QC*1*HANNAH*JEFFREY*N***MR*O749856~NM1*82*1*SEARLES*DENISE*A***XX*1396971230~REF*EA*8A4DDFB66FC94783A6F6A6D113244146~DTM*232*20191112~DTM*233*20191112~SVC*HC:99214*134*97.11**1~DTM*472*20191112~CAS*CO*45*36.89~REF*6R*CPDPL42M7BDC~AMT*B6*97.11~LQ*HE*N381~CLP*000100025084*1*160*107.01**MC*2019319042176~NM1*QC*1*HARDWICK*KEVIN****MR*L320743~NM1*82*1*SEARLES*DENISE*A***XX*1396971230~REF*EA*B151F1A4E0094660BF41B83EFB7A74DE~DTM*232*20191112~DTM*233*20191112~SVC*HC:99213:25*90*65.81**1~DTM*472*20191112~CAS*CO*45*24.19~REF*6R*CPDP491QAH94~AMT*B6*65.81~LQ*HE*N381~SVC*HC:90471*35*19.46**1~DTM*472*20191112~CAS*CO*45*15.54~REF*6R*CPDP17N29MDU~AMT*B6*19.46~LQ*HE*N381~SVC*HC:90674*35*21.74**1~DTM*472*20191112~CAS*CO*45*13.26~REF*6R*CPDPQJLDFLJA~AMT*B6*21.74~LQ*HE*N381~CLP*000100025041*1*134*97.11**MC*2019319042067~NM1*QC*1*HEREDIA*NEISHA****MR*M350525~NM1*82*1*HOOSHMAND-PARSI*KAYHOSROW****XX*1447291851~REF*EA*D6242339CBF444F9A3C05CDF129C74AB~DTM*232*20191112~DTM*233*20191112~SVC*HC:99214*134*97.11**1~DTM*472*20191112~CAS*CO*45*36.89~REF*6R*CPDPJL6UL4AR~AMT*B6*97.11~LQ*HE*N381~CLP*000100024763*1*176*114.7**MC*2019315044908~NM1*QC*1*HERRERA*CLORINDA*E***MR*C652229~NM1*82*1*LUCAS*PEGGI*S***XX*1366419582~REF*EA*5F1AEFF9EA0D4950A17A97F650D372B1~DTM*232*20191106~DTM*233*20191106~SVC*HC:99214:25*134*97.11**1~DTM*472*20191106~CAS*CO*45*36.89~REF*6R*CPDLRW9OTSM4~AMT*B6*97.11~LQ*HE*N381~SVC*HC:96372*32*15.67**1~DTM*472*20191106~CAS*CO*45*16.33~REF*6R*CPDLY0BQ8VXV~AMT*B6*15.67~LQ*HE*N381~SVC*HC:J1885*10*1.92**4~DTM*472*20191106~CAS*CO*45*8.08~REF*6R*CPDLGIHE2EVV~AMT*B6*1.92~LQ*HE*N381~CLP*000100024972*1*165*105.82*2*MC*2019319042218~NM1*QC*1*MYERS*ANDREA*D***MR*S831312~NM1*74*1*HOPKINS~NM1*82*1*SEARLES*DENISE*A***XX*1396971230~REF*EA*510A72A7994341D0A11831C13B572D03~DTM*232*20191108~DTM*233*20191108~SVC*HC:99395*165*105.82**1~DTM*472*20191108~CAS*PR*3*2~CAS*CO*45*57.18~REF*6R*CPDP7MZKXF5E~AMT*B6*107.82~LQ*HE*N381~LQ*HE*N381~CLP*000100024837*1*391*223.7**MC*2019318003754~NM1*QC*1*HURTADO*SHANTEL****MR*P922130~NM1*82*1*GRONEMEYER*LEANNE*R***XX*1659521045~REF*EA*9ECBB0168A5B4F05A5C8E30C91A148B6~DTM*232*20191107~DTM*233*20191107~SVC*HC:99205:25*255*186.33**1~DTM*472*20191107~CAS*CO*45*68.67~REF*6R*CPD53KN34XYN~AMT*B6*186.33~LQ*HE*N381~SVC*HC:99415*45*7.11**1~DTM*472*20191107~CAS*CO*45*37.89~REF*6R*CPD5TTVL4OFY~AMT*B6*7.11~LQ*HE*N381~SVC*HC:H0049*36*10.92**1~DTM*472*20191107~CAS*CO*45*25.08~REF*6R*CPD5D4OVHZU5~AMT*B6*10.92~LQ*HE*N381~SVC*HC:G8510*40*11**1~DTM*472*20191107~CAS*CO*45*29~REF*6R*CPD5RN44PZWU~AMT*B6*11~LQ*HE*N381~SVC*HC:81025*15*8.34**1~DTM*472*20191107~CAS*CO*45*6.66~REF*6R*CPD561XOC9TP~AMT*B6*8.34~LQ*HE*N381~CLP*000100024919*1*2167*1373.19*2*MC*2019318003595~NM1*QC*1*JOHNS*ANTHONY****MR*Y863371~NM1*82*1*SEARLES*DENISE*A***XX*1396971230~REF*EA*83EF731566354EDA9EECC5A50CF177C6~DTM*232*20191108~DTM*233*20191108~SVC*HC:99204:25*205*147.59**1~DTM*472*20191108~CAS*PR*3*2~CAS*CO*45*55.41~REF*6R*CPD52OS3JZCK~AMT*B6*149.59~LQ*HE*N381~LQ*HE*N381~SVC*HC:99415*45*7.11**1~DTM*472*20191108~CAS*CO*45*37.89~REF*6R*CPD518D75C57~AMT*B6*7.11~LQ*HE*N381~SVC*HC:96372*32*0**0**1~DTM*472*20191108~CAS*CO*109*32~REF*6R*CPD5Y79YPY4T~LQ*HE*N381~SVC*HC:J2315*1805*1193.2**380~DTM*472*20191108~CAS*CO*45*611.8~REF*6R*CPD5V35U2TPN~AMT*B6*1193.2~LQ*HE*N381~SVC*HC:H0049*36*10.92**1~DTM*472*20191108~CAS*CO*45*25.08~REF*6R*CPD5X2MPG9JU~AMT*B6*10.92~LQ*HE*N381~SVC*HC:G8510*40*11**1~DTM*472*20191108~CAS*CO*45*29~REF*6R*CPD54UAULIOX~AMT*B6*11~LQ*HE*N381~SVC*HC:81002*4*3.37**1~DTM*472*20191108~CAS*CO*45*.63~REF*6R*CPD52Q6X5WNH~AMT*B6*3.37~LQ*HE*N381~CLP*000100025081*1*149*105.45**MC*2019319042131~NM1*QC*1*JOHNSON*TIFFANY*S***MR*L497210~NM1*82*1*HOOSHMAND-PARSI*KAYHOSROW****XX*1447291851~REF*EA*41604DB80DEA43A99787349903E9CABC~DTM*232*20191112~DTM*233*20191112~SVC*HC:99214:25*134*97.11**1~DTM*472*20191112~CAS*CO*45*36.89~REF*6R*CPDP8C90N2EB~AMT*B6*97.11~LQ*HE*N381~SVC*HC:81025*15*8.34**1~DTM*472*20191112~CAS*CO*45*6.66~REF*6R*CPDPVY10ZEL7~AMT*B6*8.34~LQ*HE*N381~CLP*000100025176*1*90*65.81**MC*2019319042137~NM1*QC*1*JOHNSON*TIFFANY*S***MR*L497210~NM1*82*1*SEARLES*DENISE*A***XX*1396971230~REF*EA*19C1B9F0D90246078D9CDF9192645677~DTM*232*20191113~DTM*233*20191113~SVC*HC:99213*90*65.81**1~DTM*472*20191113~CAS*CO*45*24.19~REF*6R*CPDPZZHHAPU5~AMT*B6*65.81~LQ*HE*N381~CLP*000100024746*1*134*95.11*2*MC*2019315044910~NM1*QC*1*JUSTIS*JALYN****MR*W031230~NM1*82*1*LUCAS*PEGGI*S***XX*1366419582~REF*EA*BB2DAF54769947E99B553EB1155F2F97~DTM*232*20191106~DTM*233*20191106~SVC*HC:99214*134*95.11**1~DTM*472*20191106~CAS*PR*3*2~CAS*CO*45*36.89~REF*6R*CPDLE9BBCRLF~AMT*B6*97.11~LQ*HE*N381~LQ*HE*N381~CLP*000100025017*1*134*95.11*2*MC*2019319042092~NM1*QC*1*KLIPFEL*SHARON*L***MR*B029833~NM1*82*1*LUCAS*PEGGI*S***XX*1366419582~REF*EA*EF4A82E819654A479EA719B20AFC15AD~DTM*232*20191111~DTM*233*20191111~SVC*HC:99214*134*95.11**1~DTM*472*20191111~CAS*PR*3*2~CAS*CO*45*36.89~REF*6R*CPDPX8JOPQCR~AMT*B6*97.11~LQ*HE*N381~LQ*HE*N381~CLP*000100025021*1*149*98.16*2*MC*2019319042199~NM1*QC*1*KNABE*VIOLA*E***MR*U328562~NM1*82*1*LUCAS*PEGGI*S***XX*1366419582~REF*EA*E84C665E523F4A3B9EE2D4AA8B75CA8E~DTM*232*20191111~DTM*233*20191111~SVC*HC:99214*134*95.11**1~DTM*472*20191111~CAS*PR*3*2~CAS*CO*45*36.89~REF*6R*CPDPSR32BWVU~AMT*B6*97.11~LQ*HE*N381~LQ*HE*N381~SVC*HC:99000*15*3.05**1~DTM*472*20191111~CAS*CO*45*11.95~REF*6R*CPDPX7OB5PDQ~AMT*B6*3.05~LQ*HE*N381~CLP*000100024756*1*134*97.11**MC*2019315044949~NM1*QC*1*LAIRD*AMY*J***MR*T813895~NM1*82*1*LUCAS*PEGGI*S***XX*1366419582~REF*EA*2FD32B91F2434409B1D51069CF060CBB~DTM*232*20191106~DTM*233*20191106~SVC*HC:99214*134*97.11**1~DTM*472*20191106~CAS*CO*45*36.89~REF*6R*CPDLUUYYUJ7G~AMT*B6*97.11~LQ*HE*N381~CLP*000100024954*1*90*65.81**MC*2019318003730~NM1*QC*1*LONGORIA*JULIE*A***MR*D395679~NM1*82*1*KLAKER*JULIE*M***XX*1215134705~REF*EA*3761121E6A6245A085233CBB15C406FB~DTM*232*20191108~DTM*233*20191108~SVC*HC:99213*90*65.81**1~DTM*472*20191108~CAS*CO*45*24.19~REF*6R*CPD5GU9PM6FG~AMT*B6*65.81~LQ*HE*N381~CLP*000100024976*1*134*97.11**MC*2019319042079~NM1*QC*1*LORETO*JOSHUA*R***MR*E192810~NM1*82*1*LUCAS*PEGGI*S***XX*1366419582~REF*EA*A3D9157B6DBD45AF873732BF367BCBB0~DTM*232*20191111~DTM*233*20191111~SVC*HC:99214*134*97.11**1~DTM*472*20191111~CAS*CO*45*36.89~REF*6R*CPDP6QK0XZJU~AMT*B6*97.11~LQ*HE*N381~CLP*000100024810*1*134*95.11*2*MC*2019315044933~NM1*QC*1*LUADERS*TAMMY****MR*P495791~NM1*82*1*HOOSHMAND-PARSI*KAYHOSROW****XX*1447291851~REF*EA*11397E942D804045A646817481B1E79A~DTM*232*20191106~DTM*233*20191106~SVC*HC:99214*134*95.11**1~DTM*472*20191106~CAS*PR*3*2~CAS*CO*45*36.89~REF*6R*CPDLQXC9KKZV~AMT*B6*97.11~LQ*HE*N381~LQ*HE*N381~CLP*000100024945*1*90*65.81**MC*2019318003841~NM1*QC*1*LUCERO*JULIAN*D***MR*O025174~NM1*82*1*KLAKER*JULIE*M***XX*1215134705~REF*EA*31CA6265FCD0442CA633E3C2199CD11C~DTM*232*20191108~DTM*233*20191108~SVC*HC:99213*90*65.81**1~DTM*472*20191108~CAS*CO*45*24.19~REF*6R*CPD59B2EZ6U9~AMT*B6*65.81~LQ*HE*N381~CLP*000100025171*1*160*105.01*2*MC*2019319042064~NM1*QC*1*LUND*ROSELLA*E***MR*P292373~NM1*82*1*HOOSHMAND-PARSI*KAYHOSROW****XX*1447291851~REF*EA*BA616E14326D478BA4B5B01D11F3FB81~DTM*232*20191113~DTM*233*20191113~SVC*HC:99213:25*90*63.81**1~DTM*472*20191113~CAS*PR*3*2~CAS*CO*45*24.19~REF*6R*CPDPNQRT6KVI~AMT*B6*65.81~LQ*HE*N381~LQ*HE*N381~SVC*HC:90471*35*19.46**1~DTM*472*20191113~CAS*CO*45*15.54~REF*6R*CPDPJ8ZFXY0I~AMT*B6*19.46~LQ*HE*N381~SVC*HC:90674*35*21.74**1~DTM*472*20191113~CAS*CO*45*13.26~REF*6R*CPDP1OXOC46F~AMT*B6*21.74~LQ*HE*N381~CLP*000100024851*1*90*65.81**MC*2019318003930~NM1*QC*1*MAES*TRAVIS****MR*Y376459~NM1*82*1*GRONEMEYER*LEANNE*R***XX*1659521045~REF*EA*E47B9DD385314AAFA384CC88849CE100~DTM*232*20191107~DTM*233*20191107~SVC*HC:99213*90*65.81**1~DTM*472*20191107~CAS*CO*45*24.19~REF*6R*CPD5BZO0Q3PG~AMT*B6*65.81~LQ*HE*N381~CLP*000100025093*1*160*105.01*2*MC*2019319042161~NM1*QC*1*MALONE*CAROL*I***MR*E322615~NM1*82*1*CADDALI*ESTRELLA*A***XX*1164974580~REF*EA*1249528AA55243DF9224120ECA9780E9~DTM*232*20191112~DTM*233*20191112~SVC*HC:99213:25*90*63.81**1~DTM*472*20191112~CAS*PR*3*2~CAS*CO*45*24.19~REF*6R*CPDPDQ5Z71YR~AMT*B6*65.81~LQ*HE*N381~LQ*HE*N381~SVC*HC:90471*35*19.46**1~DTM*472*20191112~CAS*CO*45*15.54~REF*6R*CPDPD02FKTZC~AMT*B6*19.46~LQ*HE*N381~SVC*HC:90674*35*21.74**1~DTM*472*20191112~CAS*CO*45*13.26~REF*6R*CPDPNQKFWYK6~AMT*B6*21.74~LQ*HE*N381~CLP*000100024728*1*281*171.51**MC*2019318003852~NM1*QC*1*MARTINEZ*DAISY****MR*S013234~NM1*82*1*SEARLES*DENISE*A***XX*1396971230~REF*EA*0D205585BA7D4E178B6956D047A8D65C~DTM*232*20191106~DTM*233*20191106~SVC*HC:99204:25*205*149.59**1~DTM*472*20191106~CAS*CO*45*55.41~REF*6R*CPD5055BXI1E~AMT*B6*149.59~LQ*HE*N381~SVC*HC:H0049*36*10.92**1~DTM*472*20191106~CAS*CO*45*25.08~REF*6R*CPD5FNAVPE8U~AMT*B6*10.92~LQ*HE*N381~SVC*HC:G8510*40*11**1~DTM*472*20191106~CAS*CO*45*29~REF*6R*CPD518PN43VM~AMT*B6*11~LQ*HE*N381~CLP*000100024998*1*134*97.11**MC*2019319042220~NM1*QC*1*MARTINEZ*DAISY****MR*S013234~NM1*82*1*LUCAS*PEGGI*S***XX*1366419582~REF*EA*03FDC7F704A84FB1B2BB01707B8E81DB~DTM*232*20191111~DTM*233*20191111~SVC*HC:99214*134*97.11**1~DTM*472*20191111~CAS*CO*45*36.89~REF*6R*CPDPLDFSIQB6~AMT*B6*97.11~LQ*HE*N381~CLP*000100024798*1*149*103.45*2*MC*2019315044964~NM1*QC*1*MARTINEZ*DANIELLE*L***MR*U458658~NM1*82*1*KLAKER*JULIE*M***XX*1215134705~REF*EA*57765785DFA54A3485E656971E4CB61F~DTM*232*20191106~DTM*233*20191106~SVC*HC:99214:25*134*95.11**1~DTM*472*20191106~CAS*PR*3*2~CAS*CO*45*36.89~REF*6R*CPDLXBV142XP~AMT*B6*97.11~LQ*HE*N381~LQ*HE*N381~SVC*HC:81025*15*8.34**1~DTM*472*20191106~CAS*CO*45*6.66~REF*6R*CPDLI1KF7RDT~AMT*B6*8.34~LQ*HE*N381~CLP*000100025167*1*149*103.45*2*MC*2019319042177~NM1*QC*1*MARTINEZ*DANIELLE*L***MR*U458658~NM1*82*1*KLAKER*JULIE*M***XX*1215134705~REF*EA*ADD1923308454820AC4205CB51592E52~DTM*232*20191113~DTM*233*20191113~SVC*HC:99214:25*134*95.11**1~DTM*472*20191113~CAS*PR*3*2~CAS*CO*45*36.89~REF*6R*CPDPHVMK3ULS~AMT*B6*97.11~LQ*HE*N381~LQ*HE*N381~SVC*HC:81025*15*8.34**1~DTM*472*20191113~CAS*CO*45*6.66~REF*6R*CPDP6Q6RJBVH~AMT*B6*8.34~LQ*HE*N381~CLP*000100024791*1*134*97.11**MC*2019315044995~NM1*QC*1*MARTINEZ*DEBRA*A***MR*D395711~NM1*82*1*LANE*DELLA*J***XX*1417151630~REF*EA*FE1989E3B5AC43C08DDCFA30BE2F39DD~DTM*232*20191106~DTM*233*20191106~SVC*HC:99214*134*97.11**1~DTM*472*20191106~CAS*CO*45*36.89~REF*6R*CPDLTLJYV3PU~AMT*B6*97.11~LQ*HE*N381~CLP*000100024953*1*134*97.11**MC*2019318003814~NM1*QC*1*MARTINEZ*JOANNA*L***MR*D997532~NM1*82*1*LUCAS*PEGGI*S***XX*1366419582~REF*EA*89E0753685904B7894A847E265CCEDA8~DTM*232*20191108~DTM*233*20191108~SVC*HC:99214*134*97.11**1~DTM*472*20191108~CAS*CO*45*36.89~REF*6R*CPD52010UFK8~AMT*B6*97.11~LQ*HE*N381~CLP*000100025173*1*160*107.01**MC*2019319042171~NM1*QC*1*MARTINEZ*KARA*M***MR*P293930~NM1*82*1*HOOSHMAND-PARSI*KAYHOSROW****XX*1447291851~REF*EA*E20FF88B0B644188B02759B8C6760EA6~DTM*232*20191113~DTM*233*20191113~SVC*HC:99213:25*90*65.81**1~DTM*472*20191113~CAS*CO*45*24.19~REF*6R*CPDPHYQDVWDV~AMT*B6*65.81~LQ*HE*N381~SVC*HC:90471*35*19.46**1~DTM*472*20191113~CAS*CO*45*15.54~REF*6R*CPDPLF2X4HP4~AMT*B6*19.46~LQ*HE*N381~SVC*HC:90674*35*21.74**1~DTM*472*20191113~CAS*CO*45*13.26~REF*6R*CPDPVOL0M1ZS~AMT*B6*21.74~LQ*HE*N381~CLP*000100024873*1*134*97.11**MC*2019318003860~NM1*QC*1*MAURO*RONDA*L***MR*U480140~NM1*82*1*KLAKER*JULIE*M***XX*1215134705~REF*EA*2FAA7FEE659D40B2BBC8E6AB0EF5C8EB~DTM*232*20191107~DTM*233*20191107~SVC*HC:99214*134*97.11**1~DTM*472*20191107~CAS*CO*45*36.89~REF*6R*CPD55ZW1QPJ6~AMT*B6*97.11~LQ*HE*N381~CLP*000100024740*1*90*65.81**MC*2019315044920~NM1*QC*1*MCNEIL*KIMBERLY****MR*P602741~NM1*82*1*SEARLES*DENISE*A***XX*1396971230~REF*EA*C8AFC0EED64F4E15B3325FE51909CD2B~DTM*232*20191106~DTM*233*20191106~SVC*HC:99213*90*65.81**1~DTM*472*20191106~CAS*CO*45*24.19~REF*6R*CPDL4VI8I385~AMT*B6*65.81~LQ*HE*N381~CLP*000100024852*1*90*65.81**MC*2019315045054~NM1*QC*1*MEDINA*TAMMY*A***MR*F616296~NM1*82*1*KLAKER*JULIE*M***XX*1215134705~REF*EA*6A11F27670C34FB399417688877B7931~DTM*232*20191107~DTM*233*20191107~SVC*HC:99213*90*65.81**1~DTM*472*20191107~CAS*CO*45*24.19~REF*6R*CPDLCPKA5IY4~AMT*B6*65.81~LQ*HE*N381~CLP*000100025170*1*90*65.81**MC*2019319042239~NM1*QC*1*MEDINA*TAMMY*A***MR*F616296~NM1*82*1*KLAKER*JULIE*M***XX*1215134705~REF*EA*3A35F7F39F514B27A397B7B876DC8B30~DTM*232*20191113~DTM*233*20191113~SVC*HC:99213*90*65.81**1~DTM*472*20191113~CAS*CO*45*24.19~REF*6R*CPDPEZ8TM3YD~AMT*B6*65.81~LQ*HE*N381~CLP*000100024867*1*54*39.39**MC*2019315045024~NM1*QC*1*MEDINA*TERRIE****MR*J956795~NM1*82*1*CADDALI*ESTRELLA*A***XX*1164974580~REF*EA*015486026FEF4AA2962BAA1C87B44776~DTM*232*20191107~DTM*233*20191107~SVC*HC:99212*54*39.39**1~DTM*472*20191107~CAS*CO*45*14.61~REF*6R*CPDLYGF41XG9~AMT*B6*39.39~LQ*HE*N381~CLP*000100024870*1*208*141.68**MC*2019318003627~NM1*QC*1*MILLION*VICKI*L***MR*I504747~NM1*82*1*HOOSHMAND-PARSI*KAYHOSROW****XX*1447291851~REF*EA*5A068AEDC58A47469719B1F7050B9A06~DTM*232*20191107~DTM*233*20191107~SVC*HC:99214:25*134*97.11**1~DTM*472*20191107~CAS*CO*45*36.89~REF*6R*CPD5WKXXTQP3~AMT*B6*97.11~LQ*HE*N381~SVC*HC:90471*35*19.46**1~DTM*472*20191107~CAS*CO*45*15.54~REF*6R*CPD5PWES045S~AMT*B6*19.46~LQ*HE*N381~SVC*HC:90674*35*21.74**1~DTM*472*20191107~CAS*CO*45*13.26~REF*6R*CPD5RQ7D3UPT~AMT*B6*21.74~LQ*HE*N381~SVC*HC:81002*4*3.37**1~DTM*472*20191107~CAS*CO*45*.63~REF*6R*CPD5TCBTGQYB~AMT*B6*3.37~LQ*HE*N381~CLP*000100024916*1*105*74.15**MC*2019318003581~NM1*QC*1*MITCHELL*JORDAN*K***MR*P498565~NM1*82*1*KLAKER*JULIE*M***XX*1215134705~REF*EA*D2F7175B0E9A4150B66C31DABF848625~DTM*232*20191108~DTM*233*20191108~SVC*HC:99213:25*90*65.81**1~DTM*472*20191108~CAS*CO*45*24.19~REF*6R*CPD5F16PPP1V~AMT*B6*65.81~LQ*HE*N381~SVC*HC:81025*15*8.34**1~DTM*472*20191108~CAS*CO*45*6.66~REF*6R*CPD5XOHL8OX7~AMT*B6*8.34~LQ*HE*N381~CLP*000100024724*1*299*204.93**MC*2019315044930~NM1*QC*1*MONDRAGON*DELMARIE****MR*J972636~NM1*82*1*LUCAS*PEGGI*S***XX*1366419582~REF*EA*D5060B2E221B4650928CA64517FBA298~DTM*232*20191106~DTM*233*20191106~SVC*HC:99395:25*165*107.82**1~DTM*472*20191106~CAS*CO*45*57.18~REF*6R*CPDLL9K624HK~AMT*B6*107.82~LQ*HE*N381~SVC*HC:99214:25*134*97.11**1~DTM*472*20191106~CAS*CO*45*36.89~REF*6R*CPDLMK94JGY5~AMT*B6*97.11~LQ*HE*N381~CLP*000100025129*1*134*97.11**MC*2019319042119~NM1*QC*1*MONDRAGON*DELMARIE****MR*J972636~NM1*82*1*LUCAS*PEGGI*S***XX*1366419582~REF*EA*1F8BEB1F1A2F4E6DA3C93392254B6115~DTM*232*20191113~DTM*233*20191113~SVC*HC:99214*134*97.11**1~DTM*472*20191113~CAS*CO*45*36.89~REF*6R*CPDPRLMCGJAA~AMT*B6*97.11~LQ*HE*N381~CLP*000100024799*1*105*74.15**MC*2019315044961~NM1*QC*1*MONSON*SAVANNAH*R***MR*U391305~NM1*82*1*GRONEMEYER*LEANNE*R***XX*1659521045~REF*EA*B547DCFAE75943A198EDB1DB35C495B0~DTM*232*20191106~DTM*233*20191106~SVC*HC:99213:25*90*65.81**1~DTM*472*20191106~CAS*CO*45*24.19~REF*6R*CPDLHL8GJP13~AMT*B6*65.81~LQ*HE*N381~SVC*HC:81025*15*8.34**1~DTM*472*20191106~CAS*CO*45*6.66~REF*6R*CPDLBZAP2EA2~AMT*B6*8.34~LQ*HE*N381~CLP*000100024727*1*134*97.11**MC*2019315044944~NM1*QC*1*MONTES DE OCA*JEOVANNI****MR*G292341~NM1*74*1*MONTES~NM1*82*1*LANE*DELLA*J***XX*1417151630~REF*EA*10E012BA50E44168A7976CA3436C95AF~DTM*232*20191106~DTM*233*20191106~SVC*HC:99214*134*97.11**1~DTM*472*20191106~CAS*CO*45*36.89~REF*6R*CPDL8B2GILDZ~AMT*B6*97.11~LQ*HE*N381~CLP*000100024806*1*210*117.03*2*MC*2019315045028~NM1*QC*1*MONTEZ*HELEN****MR*I186131~NM1*82*1*HOOSHMAND-PARSI*KAYHOSROW****XX*1447291851~REF*EA*33AEA97FDE1545A6BBA222B7A992A14F~DTM*232*20191106~DTM*233*20191106~SVC*HC:99214:25*134*95.11**1~DTM*472*20191106~CAS*PR*3*2~CAS*CO*45*36.89~REF*6R*CPDLJMHVQ3UT~AMT*B6*97.11~LQ*HE*N381~LQ*HE*N381~SVC*HC:H0049*36*10.92**1~DTM*472*20191106~CAS*CO*45*25.08~REF*6R*CPDLK51YC9XF~AMT*B6*10.92~LQ*HE*N381~SVC*HC:G8510*40*11**1~DTM*472*20191106~CAS*CO*45*29~REF*6R*CPDLI75J97H2~AMT*B6*11~LQ*HE*N381~CLP*000100025022*1*204*138.31**MC*2019319042193~NM1*QC*1*MONTEZ*JOHN*A***MR*K005394~NM1*82*1*HOOSHMAND-PARSI*KAYHOSROW****XX*1447291851~REF*EA*B021A89CA7BA45D2B63B162EF7471772~DTM*232*20191111~DTM*233*20191111~SVC*HC:99214:25*134*97.11**1~DTM*472*20191111~CAS*CO*45*36.89~REF*6R*CPDP9Y1ONUED~AMT*B6*97.11~LQ*HE*N381~SVC*HC:90471*35*19.46**1~DTM*472*20191111~CAS*CO*45*15.54~REF*6R*CPDP91O70A1Z~AMT*B6*19.46~LQ*HE*N381~SVC*HC:90674*35*21.74**1~DTM*472*20191111~CAS*CO*45*13.26~REF*6R*CPDP3BVZZHID~AMT*B6*21.74~LQ*HE*N381~CLP*000100024901*1*69*47.73**MC*2019318003658~NM1*QC*1*MOORE*LISSA*M***MR*L243184~NM1*82*1*SEARLES*DENISE*A***XX*1396971230~REF*EA*54C2199A9CED4F2E8B4681E58EC4CA8B~DTM*232*20191107~DTM*233*20191107~SVC*HC:99212:25*54*39.39**1~DTM*472*20191107~CAS*CO*45*14.61~REF*6R*CPD5EM3T6KV5~AMT*B6*39.39~LQ*HE*N381~SVC*HC:81025*15*8.34**1~DTM*472*20191107~CAS*CO*45*6.66~REF*6R*CPD5MJCTYDDN~AMT*B6*8.34~LQ*HE*N381~CLP*000100024920*1*90*65.81**MC*2019318003669~NM1*QC*1*MOORE*LISSA*M***MR*L243184~NM1*82*1*KLAKER*JULIE*M***XX*1215134705~REF*EA*AF7B6DEC22DE4F9297D65104D0F9CD31~DTM*232*20191108~DTM*233*20191108~SVC*HC:99213*90*65.81**1~DTM*472*20191108~CAS*CO*45*24.19~REF*6R*CPD5I4DFU8ML~AMT*B6*65.81~LQ*HE*N381~CLP*000100024965*1*90*65.81**MC*2019319042170~NM1*QC*1*MOWERY*NICOLA*R***MR*R085928~NM1*82*1*CADDALI*ESTRELLA*A***XX*1164974580~REF*EA*BA4691A80D2243708DCFF5A39A12BE3A~DTM*232*20191108~DTM*233*20191108~SVC*HC:99213*90*65.81**1~DTM*472*20191108~CAS*CO*45*24.19~REF*6R*CPDP0PYRDLLF~AMT*B6*65.81~LQ*HE*N381~CLP*000100024787*1*54*37.39*2*MC*2019315044998~NM1*QC*1*NEWBERRY*JASON*L***MR*G771153~NM1*82*1*CADDALI*ESTRELLA*A***XX*1164974580~REF*EA*29EBFF7FC30A4661854D851BA2349A76~DTM*232*20191106~DTM*233*20191106~SVC*HC:99212*54*37.39**1~DTM*472*20191106~CAS*PR*3*2~CAS*CO*45*14.61~REF*6R*CPDL9HJG3SAQ~AMT*B6*39.39~LQ*HE*N381~LQ*HE*N381~CLP*000100024759*1*90*65.81**MC*2019315044916~NM1*QC*1*NORTON*TIMOTHY*L***MR*O938357~NM1*82*1*GRONEMEYER*LEANNE*R***XX*1659521045~REF*EA*310600592CCB42D2AC2383A2897657B4~DTM*232*20191106~DTM*233*20191106~SVC*HC:99213*90*65.81**1~DTM*472*20191106~CAS*CO*45*24.19~REF*6R*CPDLZH317MD3~AMT*B6*65.81~LQ*HE*N381~CLP*000100024952*1*90*65.81**MC*2019318003921~NM1*QC*1*PINO*LINDA****MR*K510641~NM1*82*1*KLAKER*JULIE*M***XX*1215134705~REF*EA*7C16305654B549C993718AF5038743DB~DTM*232*20191108~DTM*233*20191108~SVC*HC:99213*90*65.81**1~DTM*472*20191108~CAS*CO*45*24.19~REF*6R*CPD53D1UMG4E~AMT*B6*65.81~LQ*HE*N381~CLP*000100024783*1*138*90.61**MC*2019315044921~NM1*QC*1*PISANO*ELIJAH****MR*P789789~NM1*82*1*SEARLES*DENISE*A***XX*1396971230~REF*EA*762CB302794046B3A8E76D805DA4D892~DTM*232*20191106~DTM*233*20191106~SVC*HC:99391*138*90.61**1~DTM*472*20191106~CAS*CO*45*47.39~REF*6R*CPDLIKKU6OTZ~AMT*B6*90.61~LQ*HE*N381~CLP*000100024733*1*149*105.45**MC*2019315044938~NM1*QC*1*QUINTANA*DANIELLE*A***MR*N559116~NM1*82*1*LANE*DELLA*J***XX*1417151630~REF*EA*266DAABB6CAF4BE9BB9763CF3E35AA45~DTM*232*20191106~DTM*233*20191106~SVC*HC:99214:25*134*97.11**1~DTM*472*20191106~CAS*CO*45*36.89~REF*6R*CPDLAOOJCSYJ~AMT*B6*97.11~LQ*HE*N381~SVC*HC:81025*15*8.34**1~DTM*472*20191106~CAS*CO*45*6.66~REF*6R*CPDL5ZHHHT0S~AMT*B6*8.34~LQ*HE*N381~CLP*000100024735*1*115*104.26**MC*2019315044941~NM1*QC*1*QUINTANA*DANIELLE*A***MR*N559116~NM1*82*1*LEWIS*HOLLY*G***XX*1295234128~REF*EA*F8F5161A9FD24673B3EDFB520527ABC6~DTM*232*20191106~DTM*233*20191106~SVC*HC:90837*115*104.26**1~DTM*472*20191106~CAS*CO*45*10.74~REF*6R*CPDLCNMGV52B~AMT*B6*104.26~LQ*HE*N381~CLP*000100025059*1*149*105.45**MC*2019319042139~NM1*QC*1*QUINTANA*DANIELLE*A***MR*N559116~NM1*82*1*HOOSHMAND-PARSI*KAYHOSROW****XX*1447291851~REF*EA*A83F8E1556F541B0814CDE25760AF15D~DTM*232*20191112~DTM*233*20191112~SVC*HC:99214:25*134*97.11**1~DTM*472*20191112~CAS*CO*45*36.89~REF*6R*CPDP73KNPNPI~AMT*B6*97.11~LQ*HE*N381~SVC*HC:81025*15*8.34**1~DTM*472*20191112~CAS*CO*45*6.66~REF*6R*CPDPDNJKEWLN~AMT*B6*8.34~LQ*HE*N381~CLP*000100024930*1*380*238.25**MC*2019318003885~NM1*QC*1*RATHBUN*AARON*W***MR*P304001~NM1*82*1*KLAKER*JULIE*M***XX*1215134705~REF*EA*4C18A64574A147CBB250CDD6E2BCB05B~DTM*232*20191108~DTM*233*20191108~SVC*HC:99205:25*255*186.33**1~DTM*472*20191108~CAS*CO*45*68.67~REF*6R*CPD53WNYCA8X~AMT*B6*186.33~LQ*HE*N381~SVC*HC:99415*45*7.11**1~DTM*472*20191108~CAS*CO*45*37.89~REF*6R*CPD5O4DJBSX1~AMT*B6*7.11~LQ*HE*N381~SVC*HC:H0049*36*10.92**1~DTM*472*20191108~CAS*CO*45*25.08~REF*6R*CPD59UD91WWJ~AMT*B6*10.92~LQ*HE*N381~SVC*HC:G8431*40*30.52**1~DTM*472*20191108~CAS*CO*45*9.48~REF*6R*CPD5WWD3FSK4~AMT*B6*30.52~LQ*HE*N381~SVC*HC:81002*4*3.37**1~DTM*472*20191108~CAS*CO*45*.63~REF*6R*CPD562FR6VVI~AMT*B6*3.37~LQ*HE*N381~CLP*000100024962*1*90*65.81**MC*2019318003833~NM1*QC*1*RATLIFF*MICHAEL*J***MR*J168128~NM1*82*1*CADDALI*ESTRELLA*A***XX*1164974580~REF*EA*735B0E0660694C0884B5E8BB6E6E967A~DTM*232*20191108~DTM*233*20191108~SVC*HC:99213*90*65.81**1~DTM*472*20191108~CAS*CO*45*24.19~REF*6R*CPD530LLAB32~AMT*B6*65.81~LQ*HE*N381~CLP*000100025180*1*134*95.11*2*MC*2019319042049~NM1*QC*1*RICHARDSON*REBECCA****MR*E158290~NM1*82*1*CADDALI*ESTRELLA*A***XX*1164974580~REF*EA*EF4553154B524879B7474F73E24EE045~DTM*232*20191113~DTM*233*20191113~SVC*HC:99214*134*95.11**1~DTM*472*20191113~CAS*PR*3*2~CAS*CO*45*36.89~REF*6R*CPDPL79UUJ09~AMT*B6*97.11~LQ*HE*N381~LQ*HE*N381~CLP*000100024921*1*2016*1295.42*2*MC*2019319042164~NM1*QC*1*RICO*MARY JOE****MR*K904935~NM1*82*1*SEARLES*DENISE*A***XX*1396971230~REF*EA*BC95661457FC4251B5DA533A193D980B~DTM*232*20191108~DTM*233*20191108~SVC*HC:99214:25*134*95.11**1~DTM*472*20191108~CAS*PR*3*2~CAS*CO*45*36.89~REF*6R*CPDPYS6K032M~AMT*B6*97.11~LQ*HE*N381~LQ*HE*N381~SVC*HC:99415*45*7.11**1~DTM*472*20191108~CAS*CO*45*37.89~REF*6R*CPDP8E3MIGOD~AMT*B6*7.11~LQ*HE*N381~SVC*HC:96372*32*0**0**1~DTM*472*20191108~CAS*CO*109*32~REF*6R*CPDPAIWHURE4~LQ*HE*N381~SVC*HC:J2315*1805*1193.2**380~DTM*472*20191108~CAS*CO*45*611.8~REF*6R*CPDPDJOUW1M0~AMT*B6*1193.2~LQ*HE*N381~CLP*000100024780*1*134*97.11**MC*2019315044913~NM1*QC*1*RIESE*TED****MR*O996967~NM1*82*1*SEARLES*DENISE*A***XX*1396971230~REF*EA*4C158AEB11814C7FB097441843975261~DTM*232*20191106~DTM*233*20191106~SVC*HC:99214*134*97.11**1~DTM*472*20191106~CAS*CO*45*36.89~REF*6R*CPDLNOKVSRXT~AMT*B6*97.11~LQ*HE*N381~CLP*000100025036*1*221*136.87*2*MC*2019319042173~NM1*QC*1*RIVERA*JANNETTE****MR*Y173829~NM1*82*1*SEARLES*DENISE*A***XX*1396971230~REF*EA*F61177008677421BAF7EBE02C4B1A331~DTM*232*20191112~DTM*233*20191112~SVC*HC:99203:25*145*95.43**1~DTM*472*20191112~CAS*PR*3*2~CAS*CO*45*47.57~REF*6R*CPDPEXBTZKNW~AMT*B6*97.43~LQ*HE*N381~LQ*HE*N381~SVC*HC:H0049*36*10.92**1~DTM*472*20191112~CAS*CO*45*25.08~REF*6R*CPDPYALKR3JH~AMT*B6*10.92~LQ*HE*N381~SVC*HC:G8431*40*30.52**1~DTM*472*20191112~CAS*CO*45*9.48~REF*6R*CPDP3HOQ2D08~AMT*B6*30.52~LQ*HE*N381~CLP*000100024888*1*91*56.02**MC*2019318003690~NM1*QC*1*RODRIGUEZ*CAROLINA*M***MR*Y641512~NM1*82*1*HOOSHMAND-PARSI*KAYHOSROW****XX*1447291851~REF*EA*282983C684C0441984EC068DE961D2B5~DTM*232*20191107~DTM*233*20191107~SVC*HC:99212:25*54*39.39**1~DTM*472*20191107~CAS*CO*45*14.61~REF*6R*CPD5PT9S95ZX~AMT*B6*39.39~LQ*HE*N381~SVC*HC:96372*32*15.67**1~DTM*472*20191107~CAS*CO*45*16.33~REF*6R*CPD5629WGOAE~AMT*B6*15.67~LQ*HE*N381~SVC*HC:J1885*5*.96**2~DTM*472*20191107~CAS*CO*45*4.04~REF*6R*CPD5CHO70LMJ~AMT*B6*.96~LQ*HE*N381~CLP*000100025128*1*180*127.99*2*MC*2019319042230~NM1*QC*1*ROMERO*MOISES*A***MR*R170894~NM1*82*1*KLAKER*JULIE*M***XX*1215134705~REF*EA*DBA0D3392B364214B7BB07456A2A7BD4~DTM*232*20191113~DTM*233*20191113~SVC*HC:99215*180*127.99**1~DTM*472*20191113~CAS*PR*3*2~CAS*CO*45*50.01~REF*6R*CPDP45XC110C~AMT*B6*129.99~LQ*HE*N381~LQ*HE*N381~CLP*000100024771*1*134*97.11**MC*2019315045021~NM1*QC*1*SAIS*MICHAEL*E***MR*N765754~NM1*82*1*LUCAS*PEGGI*S***XX*1366419582~REF*EA*76EDA4B3218249EA80FB61E582BA76A1~DTM*232*20191106~DTM*233*20191106~SVC*HC:99214*134*97.11**1~DTM*472*20191106~CAS*CO*45*36.89~REF*6R*CPDLQXDOYRA1~AMT*B6*97.11~LQ*HE*N381~CLP*000100024785*1*134*97.11**MC*2019315044985~NM1*QC*1*SAIS*PHILIP*R***MR*T398012~NM1*82*1*LANE*DELLA*J***XX*1417151630~REF*EA*5F1AAB5CE26044AFB9F0A4B099CC532B~DTM*232*20191106~DTM*233*20191106~SVC*HC:99214*134*97.11**1~DTM*472*20191106~CAS*CO*45*36.89~REF*6R*CPDLQB1OZ558~AMT*B6*97.11~LQ*HE*N381~CLP*000100024924*1*134*96.21*.9*MC*2019319042167~NM1*QC*1*SALAZAR*THOMAS*L***MR*C452323~NM1*82*1*KLAKER*JULIE*M***XX*1215134705~REF*EA*7CB3A0BA441D4D0D82E28BCD96097A1E~DTM*232*20191108~DTM*233*20191108~SVC*HC:99214*134*96.21**1~DTM*472*20191108~CAS*PR*3*.9~CAS*CO*45*36.89~REF*6R*CPDPR1C4XDOM~AMT*B6*97.11~LQ*HE*N381~LQ*HE*N381~CLP*000100025058*1*149*105.45**MC*2019319042190~NM1*QC*1*SALAZAR QUINTANA*CELENA****MR*F923445~NM1*74*1*SALAZAR QUINTAN**N~NM1*82*1*HOOSHMAND-PARSI*KAYHOSROW****XX*1447291851~REF*EA*5F97D0EC522C415DA1591E332C02F73A~DTM*232*20191112~DTM*233*20191112~SVC*HC:99214:25*134*97.11**1~DTM*472*20191112~CAS*CO*45*36.89~REF*6R*CPDPCDA47BBJ~AMT*B6*97.11~LQ*HE*N381~SVC*HC:81025*15*8.34**1~DTM*472*20191112~CAS*CO*45*6.66~REF*6R*CPDPK5T0U2CC~AMT*B6*8.34~LQ*HE*N381~CLP*000100025007*1*149*105.45**MC*2019319042233~NM1*QC*1*SANCHEZ*LEANNA*A***MR*L179099~NM1*82*1*HOOSHMAND-PARSI*KAYHOSROW****XX*1447291851~REF*EA*3D9D593DB7024385856500B45D694CA2~DTM*232*20191111~DTM*233*20191111~SVC*HC:99214:25*134*97.11**1~DTM*472*20191111~CAS*CO*45*36.89~REF*6R*CPDPQCDC65YW~AMT*B6*97.11~LQ*HE*N381~SVC*HC:81025*15*8.34**1~DTM*472*20191111~CAS*CO*45*6.66~REF*6R*CPDPJQZ7LLC3~AMT*B6*8.34~LQ*HE*N381~CLP*000100025056*1*149*103.45*2*MC*2019319042073~NM1*QC*1*SANCHEZ*YVONNE*A***MR*J289148~NM1*82*1*HOOSHMAND-PARSI*KAYHOSROW****XX*1447291851~REF*EA*5A62FDE625D54633B921A9456C9C1C4A~DTM*232*20191112~DTM*233*20191112~SVC*HC:99214:25*134*95.11**1~DTM*472*20191112~CAS*PR*3*2~CAS*CO*45*36.89~REF*6R*CPDPJZCKTLI0~AMT*B6*97.11~LQ*HE*N381~LQ*HE*N381~SVC*HC:81025*15*8.34**1~DTM*472*20191112~CAS*CO*45*6.66~REF*6R*CPDP42HWHOLN~AMT*B6*8.34~LQ*HE*N381~CLP*000100025025*1*134*95.11*2*MC*2019319042172~NM1*QC*1*SANDOVAL*JULIA****MR*Y177297~NM1*82*1*CADDALI*ESTRELLA*A***XX*1164974580~REF*EA*8D2B1EA16BD049F8964DCE7844D879D9~DTM*232*20191112~DTM*233*20191112~SVC*HC:99214*134*95.11**1~DTM*472*20191112~CAS*PR*3*2~CAS*CO*45*36.89~REF*6R*CPDPGQFRW9WY~AMT*B6*97.11~LQ*HE*N381~LQ*HE*N381~CLP*000100025019*1*204*136.31*2*MC*2019319042223~NM1*QC*1*SISNEROS*GREGORY****MR*H774507~NM1*82*1*LUCAS*PEGGI*S***XX*1366419582~REF*EA*3277DA30F79445FEB98943BED419B1F2~DTM*232*20191111~DTM*233*20191111~SVC*HC:99214:25*134*95.11**1~DTM*472*20191111~CAS*PR*3*2~CAS*CO*45*36.89~REF*6R*CPDPICR8FXRA~AMT*B6*97.11~LQ*HE*N381~LQ*HE*N381~SVC*HC:90471*35*19.46**1~DTM*472*20191111~CAS*CO*45*15.54~REF*6R*CPDPV4DCJLBG~AMT*B6*19.46~LQ*HE*N381~SVC*HC:90674*35*21.74**1~DTM*472*20191111~CAS*CO*45*13.26~REF*6R*CPDPRDI00EBL~AMT*B6*21.74~LQ*HE*N381~CLP*000100025102*1*339*199.67**MC*2019319042106~NM1*QC*1*SMITH*DEBRA*J***MR*Y853821~NM1*82*1*CADDALI*ESTRELLA*A***XX*1164974580~REF*EA*2D884171C12C4806922B90CDB430F62F~DTM*232*20191113~DTM*233*20191113~SVC*HC:99396:25*175*114.94**1~DTM*472*20191113~CAS*CO*45*60.06~REF*6R*CPDP61QNNAY6~AMT*B6*114.94~LQ*HE*N381~SVC*HC:90471*35*19.46**1~DTM*472*20191113~CAS*CO*45*15.54~REF*6R*CPDPSA2246C8~AMT*B6*19.46~LQ*HE*N381~SVC*HC:90715*53*43.35**1~DTM*472*20191113~CAS*CO*45*9.65~REF*6R*CPDP86XPDI75~AMT*B6*43.35~LQ*HE*N381~SVC*HC:H0049*36*10.92**1~DTM*472*20191113~CAS*CO*45*25.08~REF*6R*CPDP4CL26T0Q~AMT*B6*10.92~LQ*HE*N381~SVC*HC:G8510*40*11**1~DTM*472*20191113~CAS*CO*45*29~REF*6R*CPDPWHYIUPW9~AMT*B6*11~LQ*HE*N381~CLP*000100025168*1*285*194.4**MC*2019319042245~NM1*QC*1*SMITH*KEVIN****MR*I052978~NM1*82*1*LUCAS*PEGGI*S***XX*1366419582~REF*EA*83FE92E51C894E8088D22E168A083DA9~DTM*232*20191113~DTM*233*20191113~SVC*HC:99204:25*205*149.59**1~DTM*472*20191113~CAS*CO*45*55.41~REF*6R*CPDP9WUCZYU4~AMT*B6*149.59~LQ*HE*N381~SVC*HC:H0049*36*10.92**1~DTM*472*20191113~CAS*CO*45*25.08~REF*6R*CPDP812GCI9D~AMT*B6*10.92~LQ*HE*N381~SVC*HC:G8431*40*30.52**1~DTM*472*20191113~CAS*CO*45*9.48~REF*6R*CPDPM9EPIMTM~AMT*B6*30.52~LQ*HE*N381~SVC*HC:81002*4*3.37**1~DTM*472*20191113~CAS*CO*45*.63~REF*6R*CPDP7WY2GQGX~AMT*B6*3.37~LQ*HE*N381~CLP*000100024687*1*281*191.03**MC*2019315044956~NM1*QC*1*SMITH*LUTHER*L***MR*G282268~NM1*82*1*GRONEMEYER*LEANNE*R***XX*1659521045~REF*EA*DFF07E050851414F994C135100DF96BE~DTM*232*20191105~DTM*233*20191105~SVC*HC:99204:25*205*149.59**1~DTM*472*20191105~CAS*CO*45*55.41~REF*6R*CPDLNYB5AGFU~AMT*B6*149.59~LQ*HE*N381~SVC*HC:H0049*36*10.92**1~DTM*472*20191105~CAS*CO*45*25.08~REF*6R*CPDL9YW7HMD5~AMT*B6*10.92~LQ*HE*N381~SVC*HC:G8431*40*30.52**1~DTM*472*20191105~CAS*CO*45*9.48~REF*6R*CPDLSFVAZDMW~AMT*B6*30.52~LQ*HE*N381~CLP*000100024949*1*65*55.35**MC*2019318003803~NM1*QC*1*SMITH*LUTHER*L***MR*G282268~NM1*82*1*LEWIS*HOLLY*G***XX*1295234128~REF*EA*ADEECBE4819648E39D4163A7D303B8C7~DTM*232*20191108~DTM*233*20191108~SVC*HC:90832*65*55.35**1~DTM*472*20191108~CAS*CO*45*9.65~REF*6R*CPD5QJUAS00U~AMT*B6*55.35~LQ*HE*N381~CLP*000100024709*1*134*95.11*2*MC*2019315044922~NM1*QC*1*STEVENSON*NAUTHIA****MR*U395793~NM1*82*1*GRONEMEYER*LEANNE*R***XX*1659521045~REF*EA*D6FE5503C0D548C4B33A6AFE48076D37~DTM*232*20191105~DTM*233*20191105~SVC*HC:99214*134*95.11**1~DTM*472*20191105~CAS*PR*3*2~CAS*CO*45*36.89~REF*6R*CPDLW41EZUGU~AMT*B6*97.11~LQ*HE*N381~LQ*HE*N381~CLP*000100025075*1*134*97.11**MC*2019319042150~NM1*QC*1*TANKSLEY*DAYSHA*A***MR*O203621~NM1*82*1*LUCAS*PEGGI*S***XX*1366419582~REF*EA*55F4CA34E1D446268F6A13073037CF67~DTM*232*20191112~DTM*233*20191112~SVC*HC:99214*134*97.11**1~DTM*472*20191112~CAS*CO*45*36.89~REF*6R*CPDP23APTW4A~AMT*B6*97.11~LQ*HE*N381~CLP*000100024991*1*149*105.45**MC*2019319042153~NM1*QC*1*TANKSLEY*DAYSHA*A***MR*O203621~NM1*82*1*LUCAS*PEGGI*S***XX*1366419582~REF*EA*3F14A01B32C54A22BC46A5BFF9DD6541~DTM*232*20191111~DTM*233*20191111~SVC*HC:99214:25*134*97.11**1~DTM*472*20191111~CAS*CO*45*36.89~REF*6R*CPDPDI8H3G8G~AMT*B6*97.11~LQ*HE*N381~SVC*HC:81025*15*8.34**1~DTM*472*20191111~CAS*CO*45*6.66~REF*6R*CPDPC5L1CGIM~AMT*B6*8.34~LQ*HE*N381~CLP*000100025092*1*90*65.81**MC*2019319042226~NM1*QC*1*THUETT*DANESSA****MR*Y097559~NM1*82*1*CADDALI*ESTRELLA*A***XX*1164974580~REF*EA*09EDDB2174904F45B9F4AB505D0705DC~DTM*232*20191112~DTM*233*20191112~SVC*HC:99213*90*65.81**1~DTM*472*20191112~CAS*CO*45*24.19~REF*6R*CPDPINEVY9J0~AMT*B6*65.81~LQ*HE*N381~CLP*000100024828*1*90*65.81**MC*2019315044997~NM1*QC*1*TOMLINSON*SEAN*B***MR*O382609~NM1*82*1*SEARLES*DENISE*A***XX*1396971230~REF*EA*170651F002444F27AC875E31DB58BDBC~DTM*232*20191107~DTM*233*20191107~SVC*HC:99213*90*65.81**1~DTM*472*20191107~CAS*CO*45*24.19~REF*6R*CPDLJU08P1FQ~AMT*B6*65.81~LQ*HE*N381~CLP*000100024833*1*90*65.81**MC*2019315045018~NM1*QC*1*TORRES*HAVEN*D***MR*L088241~NM1*82*1*CADDALI*ESTRELLA*A***XX*1164974580~REF*EA*C6F69A6D592D4D0BB7D74D9D95DFE318~DTM*232*20191107~DTM*233*20191107~SVC*HC:99213*90*65.81**1~DTM*472*20191107~CAS*CO*45*24.19~REF*6R*CPDLR7ABK93I~AMT*B6*65.81~LQ*HE*N381~CLP*000100024765*1*134*97.11**MC*2019315044929~NM1*QC*1*ULIBARRI*STEPHANIE*R***MR*W341555~NM1*82*1*CADDALI*ESTRELLA*A***XX*1164974580~REF*EA*5FB9EA1D0F6A467F9AF59A77BE7F6F8A~DTM*232*20191106~DTM*233*20191106~SVC*HC:99214*134*97.11**1~DTM*472*20191106~CAS*CO*45*36.89~REF*6R*CPDLU7Z97RBM~AMT*B6*97.11~LQ*HE*N381~CLP*000100024769*1*90*65.81**MC*2019315044981~NM1*QC*1*VALENTINE*JEANA****MR*Y336108~NM1*82*1*LUCAS*PEGGI*S***XX*1366419582~REF*EA*1B73E20148064DE1B6FA3A3FDA271D62~DTM*232*20191106~DTM*233*20191106~SVC*HC:99213*90*65.81**1~DTM*472*20191106~CAS*CO*45*24.19~REF*6R*CPDLGZJPG0PC~AMT*B6*65.81~LQ*HE*N381~CLP*000100025132*1*1927*1259.01**MC*2019319042124~NM1*QC*1*URIE*NATHAN*J***MR*K375615~NM1*74*1*VASQUEZ~NM1*82*1*KLAKER*JULIE*M***XX*1215134705~REF*EA*04112527F3CF4310B16A32380AE493E1~DTM*232*20191113~DTM*233*20191113~SVC*HC:99213:25*90*65.81**1~DTM*472*20191113~CAS*CO*45*24.19~REF*6R*CPDP0G4ODQYF~AMT*B6*65.81~LQ*HE*N381~SVC*HC:96372*32*0**0**1~DTM*472*20191113~CAS*CO*109*32~REF*6R*CPDPNZ1DA2DI~LQ*HE*N381~SVC*HC:J2315*1805*1193.2**380~DTM*472*20191113~CAS*CO*45*611.8~REF*6R*CPDPPJXA6LBP~AMT*B6*1193.2~LQ*HE*N381~CLP*000100024692*1*331*227.77**MC*2019315044924~NM1*QC*1*VIGIL*CALEB*D***MR*G139047~NM1*82*1*LUCAS*PEGGI*S***XX*1366419582~REF*EA*B829F19028AD4AB9A96684F36DE71623~DTM*232*20191105~DTM*233*20191105~SVC*HC:99205:25*255*186.33**1~DTM*472*20191105~CAS*CO*45*68.67~REF*6R*CPDL0VG3NKCQ~AMT*B6*186.33~LQ*HE*N381~SVC*HC:H0049*36*10.92**1~DTM*472*20191105~CAS*CO*45*25.08~REF*6R*CPDLGJZ50UA1~AMT*B6*10.92~LQ*HE*N381~SVC*HC:G8431*40*30.52**1~DTM*472*20191105~CAS*CO*45*9.48~REF*6R*CPDL44JDQCYX~AMT*B6*30.52~LQ*HE*N381~CLP*000100025158*1*134*97.11**MC*2019319042085~NM1*QC*1*VIGIL*CALEB*D***MR*G139047~NM1*82*1*LUCAS*PEGGI*S***XX*1366419582~REF*EA*32471FC26B8843EE8D136D8C2D44F0A9~DTM*232*20191113~DTM*233*20191113~SVC*HC:99214*134*97.11**1~DTM*472*20191113~CAS*CO*45*36.89~REF*6R*CPDP3T7KDPB2~AMT*B6*97.11~LQ*HE*N381~CLP*000100025160*1*65*55.35**MC*2019319042087~NM1*QC*1*VIGIL*CALEB*D***MR*G139047~NM1*82*1*LEWIS*HOLLY*G***XX*1295234128~REF*EA*5A51C61496804777AEDFBC706DBE5B25~DTM*232*20191113~DTM*233*20191113~SVC*HC:90832*65*55.35**1~DTM*472*20191113~CAS*CO*45*9.65~REF*6R*CPDPP377Y4T7~AMT*B6*55.35~LQ*HE*N381~CLP*000100024948*1*1927*1259.01**MC*2019318003671~NM1*QC*1*VIGIL*LETHICIA****MR*Y291117~NM1*82*1*KLAKER*JULIE*M***XX*1215134705~REF*EA*1C138ABFBE9B42CB9E362AB6C4A3EEC5~DTM*232*20191108~DTM*233*20191108~SVC*HC:99213:25*90*65.81**1~DTM*472*20191108~CAS*CO*45*24.19~REF*6R*CPD5QFNMAAW4~AMT*B6*65.81~LQ*HE*N381~SVC*HC:96372*32*0**0**1~DTM*472*20191108~CAS*CO*109*32~REF*6R*CPD5PA6SOJOY~LQ*HE*N381~SVC*HC:J2315*1805*1193.2**380~DTM*472*20191108~CAS*CO*45*611.8~REF*6R*CPD5SQPVQ8NG~AMT*B6*1193.2~LQ*HE*N381~CLP*000100024937*1*331*227.77**MC*2019318003846~NM1*QC*1*VIGIL*ORLANDO****MR*I707001~NM1*82*1*LUCAS*PEGGI*S***XX*1366419582~REF*EA*7816D1C7DDC3442FAE303F3202438F41~DTM*232*20191108~DTM*233*20191108~SVC*HC:99205:25*255*186.33**1~DTM*472*20191108~CAS*CO*45*68.67~REF*6R*CPD5G2DQ4RPX~AMT*B6*186.33~LQ*HE*N381~SVC*HC:H0049*36*10.92**1~DTM*472*20191108~CAS*CO*45*25.08~REF*6R*CPD5XNOH05FW~AMT*B6*10.92~LQ*HE*N381~SVC*HC:G8431*40*30.52**1~DTM*472*20191108~CAS*CO*45*9.48~REF*6R*CPD5QMECS2T3~AMT*B6*30.52~LQ*HE*N381~CLP*000100025085*1*105*74.15**MC*2019319042202~NM1*QC*1*VIGIL*TANESHA*M***MR*E303136~NM1*82*1*HOOSHMAND-PARSI*KAYHOSROW****XX*1447291851~REF*EA*E30A6FC06F0D4FA386FB2219D3F17E59~DTM*232*20191112~DTM*233*20191112~SVC*HC:99213:25*90*65.81**1~DTM*472*20191112~CAS*CO*45*24.19~REF*6R*CPDPTICC9YD7~AMT*B6*65.81~LQ*HE*N381~SVC*HC:81025*15*8.34**1~DTM*472*20191112~CAS*CO*45*6.66~REF*6R*CPDP4D5PKPO4~AMT*B6*8.34~LQ*HE*N381~CLP*000100024983*1*90*65.81**MC*2019318003787~NM1*QC*1*VILLASENOR*MIQUEILA*C***MR*K174349~NM1*82*1*HOOSHMAND-PARSI*KAYHOSROW****XX*1447291851~REF*EA*F877938BD9784E5F9AAD443FBE8D237F~DTM*232*20191111~DTM*233*20191111~SVC*HC:99213*90*65.81**1~DTM*472*20191111~CAS*CO*45*24.19~REF*6R*CPD5HWTM7NZ3~AMT*B6*65.81~LQ*HE*N381~CLP*000100025112*1*236*148.45**MC*2019319042052~NM1*QC*1*WAGNER*DEVIN****MR*P217836~NM1*82*1*HOOSHMAND-PARSI*KAYHOSROW****XX*1447291851~REF*EA*4C86B702893148AD811400DE63ECEBFE~DTM*232*20191113~DTM*233*20191113~SVC*HC:99213:25*90*65.81**1~DTM*472*20191113~CAS*CO*45*24.19~REF*6R*CPDPFBPS8RXG~AMT*B6*65.81~LQ*HE*N381~SVC*HC:90471*35*19.46**1~DTM*472*20191113~CAS*CO*45*15.54~REF*6R*CPDPYGPH08MH~AMT*B6*19.46~LQ*HE*N381~SVC*HC:90674*35*21.74**1~DTM*472*20191113~CAS*CO*45*13.26~REF*6R*CPDPWWD7LA8B~AMT*B6*21.74~LQ*HE*N381~SVC*HC:H0049*36*10.92**1~DTM*472*20191113~CAS*CO*45*25.08~REF*6R*CPDPG5MS8CB6~AMT*B6*10.92~LQ*HE*N381~SVC*HC:G8431*40*30.52**1~DTM*472*20191113~CAS*CO*45*9.48~REF*6R*CPDPUOIT5NFI~AMT*B6*30.52~LQ*HE*N381~CLP*000100024730*1*134*95.11*2*MC*2019315044974~NM1*QC*1*WAL*ISAAC*P***MR*Y614489~NM1*82*1*LANE*DELLA*J***XX*1417151630~REF*EA*65C73E9622524F35BAAE2339C1C94D29~DTM*232*20191106~DTM*233*20191106~SVC*HC:99214*134*95.11**1~DTM*472*20191106~CAS*PR*3*2~CAS*CO*45*36.89~REF*6R*CPDLEZKF082K~AMT*B6*97.11~LQ*HE*N381~LQ*HE*N381~CLP*000100024811*1*90*65.81**MC*2019315044923~NM1*QC*1*WHITE*KELVIN****MR*P661213~NM1*82*1*SEARLES*DENISE*A***XX*1396971230~REF*EA*A1640EADBFA040468F69B96462EFC54C~DTM*232*20191106~DTM*233*20191106~SVC*HC:99213*90*65.81**1~DTM*472*20191106~CAS*CO*45*24.19~REF*6R*CPDL0E4YS3CE~AMT*B6*65.81~LQ*HE*N381~CLP*000100025111*1*134*97.11**MC*2019319042084~NM1*QC*1*WHITE*KELVIN****MR*P661213~NM1*82*1*SEARLES*DENISE*A***XX*1396971230~REF*EA*BFBCA01350CB466C8ED1A44F2E6C8D93~DTM*232*20191113~DTM*233*20191113~SVC*HC:99214*134*97.11**1~DTM*472*20191113~CAS*CO*45*36.89~REF*6R*CPDPQ5M3R1RU~AMT*B6*97.11~LQ*HE*N381~CLP*000100024914*1*105*74.15**MC*2019318003904~NM1*QC*1*WOODARD*LYDIA****MR*P869732~NM1*82*1*KLAKER*JULIE*M***XX*1215134705~REF*EA*6B78804E3F194ED6B3143A681E59BD1C~DTM*232*20191108~DTM*233*20191108~SVC*HC:99213:25*90*65.81**1~DTM*472*20191108~CAS*CO*45*24.19~REF*6R*CPD5B7E7GOBX~AMT*B6*65.81~LQ*HE*N381~SVC*HC:81025*15*8.34**1~DTM*472*20191108~CAS*CO*45*6.66~REF*6R*CPD5MF9NSJCU~AMT*B6*8.34~LQ*HE*N381~CLP*000100025042*1*315.23*210.79**MC*2019319042204~NM1*QC*1*WYATT*NADINE*D***MR*O816818~NM1*82*1*CADDALI*ESTRELLA*A***XX*1164974580~REF*EA*DF8EFC56A41A4C2FBACC3248150B6B47~DTM*232*20191112~DTM*233*20191112~SVC*HC:99396:25*175*114.94**1~DTM*472*20191112~CAS*CO*45*60.06~REF*6R*CPDPCW23WZMC~AMT*B6*114.94~LQ*HE*N381~SVC*HC:90471*35*19.46**1~DTM*472*20191112~CAS*CO*45*15.54~REF*6R*CPDPQVFXDVUZ~AMT*B6*19.46~LQ*HE*N381~SVC*HC:90715*53*43.35**1~DTM*472*20191112~CAS*CO*45*9.65~REF*6R*CPDPXY5K0XC6~AMT*B6*43.35~LQ*HE*N381~SVC*HC:90472*17.23*11.3**1~DTM*472*20191112~CAS*CO*45*5.93~REF*6R*CPDPXV4P6RF7~AMT*B6*11.3~LQ*HE*N381~SVC*HC:90674*35*21.74**1~DTM*472*20191112~CAS*CO*45*13.26~REF*6R*CPDP13MQ88VV~AMT*B6*21.74~LQ*HE*N381~CLP*000100024993*1*149*103.45*2*MC*2019319042214~NM1*QC*1*WYATT*SERENITY*L***MR*P779049~NM1*82*1*LUCAS*PEGGI*S***XX*1366419582~REF*EA*92E5AD29B8F64258B53E806C34B6E08C~DTM*232*20191111~DTM*233*20191111~SVC*HC:99214:25*134*95.11**1~DTM*472*20191111~CAS*PR*3*2~CAS*CO*45*36.89~REF*6R*CPDPX562G4WN~AMT*B6*97.11~LQ*HE*N381~LQ*HE*N381~SVC*HC:81025*15*8.34**1~DTM*472*20191111~CAS*CO*45*6.66~REF*6R*CPDP7HV2SXQQ~AMT*B6*8.34~LQ*HE*N381~CLP*000100024876*1*65*55.35**MC*2019315044912~NM1*QC*1*YALOTZ*SHANE*W***MR*M883525~NM1*82*1*LEWIS*HOLLY*G***XX*1295234128~REF*EA*1D24B69763664EBCB340F73CB26FF179~DTM*232*20191107~DTM*233*20191107~SVC*HC:90832*65*55.35**1~DTM*472*20191107~CAS*CO*45*9.65~REF*6R*CPDL1ZHFYREQ~AMT*B6*55.35~LQ*HE*N381~CLP*000100024871*1*210*119.03**MC*2019318003618~NM1*QC*1*YALOTZ*SHANE*W***MR*M883525~NM1*82*1*HOOSHMAND-PARSI*KAYHOSROW****XX*1447291851~REF*EA*94EC62FAD4394E669F825BC82EB57A83~DTM*232*20191107~DTM*233*20191107~SVC*HC:99214:25*134*97.11**1~DTM*472*20191107~CAS*CO*45*36.89~REF*6R*CPD5L1OOF4UU~AMT*B6*97.11~LQ*HE*N381~SVC*HC:H0049*36*10.92**1~DTM*472*20191107~CAS*CO*45*25.08~REF*6R*CPD5M6AIY52C~AMT*B6*10.92~LQ*HE*N381~SVC*HC:G8510*40*11**1~DTM*472*20191107~CAS*CO*45*29~REF*6R*CPD5VTXFTWC7~AMT*B6*11~LQ*HE*N381~CLP*000100024979*1*134*97.11**MC*2019319042055~NM1*QC*1*YALOTZ*SHANE*W***MR*M883525~NM1*82*1*HOOSHMAND-PARSI*KAYHOSROW****XX*1447291851~REF*EA*7D62D74A997A41C993E3A405535FC22F~DTM*232*20191111~DTM*233*20191111~SVC*HC:99214*134*97.11**1~DTM*472*20191111~CAS*CO*45*36.89~REF*6R*CPDP0M103N4G~AMT*B6*97.11~LQ*HE*N381~CLP*000100023386*4*134*0**MC*2019319042046~NM1*QC*1*DIAZ*GEORGINA*L***MR*I770082~NM1*82*1*HOOSHMAND-PARSI*KAYHOSROW****XX*1447291851~REF*EA*21046F2711034A119BFC272FDC0C3EBB~DTM*232*20191008~DTM*233*20191008~SVC*HC:99214*134*0**0**1~DTM*472*20191008~CAS*PI*96*134~REF*6R*CPDP5315BAA9~LQ*HE*N30~LQ*HE*MA92~CLP*000100023643*4*134*0**MC*2019319042158~NM1*QC*1*GARZA*PATRICIA****MR*Y090236~NM1*82*1*HOOSHMAND-PARSI*KAYHOSROW****XX*1447291851~REF*EA*D5D4CAD7383F4379A349F4F9ECAC5CD3~DTM*232*20191014~DTM*233*20191014~SVC*HC:99214*134*0**0**1~DTM*472*20191014~CAS*PI*167*134~REF*6R*CPDPS0MLSS5A~LQ*HE*MA63~LQ*HE*MA92~LQ*HE*N56~CLP*000100025024*4*140*0**MC*2019319042157~NM1*QC*1*KASTLE*ERIC*J***MR*P144417~NM1*82*1*CADDALI*ESTRELLA*A***XX*1164974580~REF*EA*B531CF038BDD4FD1BBF64832798241D3~DTM*232*20191112~DTM*233*20191112~SVC*HC:99382*140*0**0**1~DTM*472*20191112~CAS*PI*119*140~REF*6R*CPDP4FUPYNDE~LQ*HE*N381~CLP*000100023737*4*134*0**MC*2019319042186~NM1*QC*1*TRUJILLO*YOLANDA*M***MR*J869832~NM1*82*1*CADDALI*ESTRELLA*A***XX*1164974580~REF*EA*3590A8BE82654A09B59D8A736C199291~DTM*232*20191015~DTM*233*20191015~SVC*HC:99214*134*0**0**1~DTM*472*20191015~CAS*PI*96*134~REF*6R*CPDPWDCMEB4V~LQ*HE*N30~LQ*HE*MA92~SE*3224*000010013~GE*1*300000261~IEA*1*300000261~