ISA*00*          *00*          *ZZ*COMEDASSISTPROG*ZZ*6769489        *191111*0228*^*00501*200001926*0*P*:~GS*HP*COMEDASSISTPROG*6769489*20191111*022821*200001926*X*005010X221A1~ST*835*000010012~BPR*I*17405.39*C*ACH*CCP*01*075911603*DA*00000004556640373*1811725341**01*102000076*DA*2838835219*20191111~TRN*1*000811257*1811725341~REF*EV*1508250911~DTM*405*20191108~N1*PR*CO_TXIX*XV*7912900843~N3*P.O. BOX 30~N4*DENVER*CO*80201~PER*CX*MEDICAID PROVIDER SERVICES*TE*8442352387~PER*BL*MEDICAID PROVIDER SERVICES*TE*8442352387~N1*PE*HEALTH SOLUTIONS MED CENTER*XX*1508250911~REF*TJ*841158933~LX*1~CLP*000100023693*2*134*18.93**MC*2019306002193~NM1*QC*1*CHANDLER*VERONICA****MR*U875646~NM1*82*1*GRONEMEYER*LEANNE*R***XX*1659521045~REF*EA*6EDB10C392174563908F8CE461578652~DTM*232*20191015~DTM*233*20191015~SVC*HC:99214*134*18.93**1~DTM*472*20191015~CAS*CO*45*115.07~REF*6R*CP398QMLCCQO~AMT*B6*18.93~LQ*HE*N381~LQ*HE*N381~CLP*000100023784*2*90*12.94**MC*2019311008618~NM1*QC*1*COOK*DAVID*T***MR*M267307~NM1*82*1*CADDALI*ESTRELLA*A***XX*1164974580~REF*EA*5F93E0595E964E82AFD62FD4CA9B2DB2~DTM*232*20191016~DTM*233*20191016~SVC*HC:99213*90*12.94**1~DTM*472*20191016~CAS*CO*45*77.06~REF*6R*CP4LRWQJ4ORO~AMT*B6*12.94~LQ*HE*N381~LQ*HE*N381~CLP*000100023896*2*109*12.94**MC*2019311008612~NM1*QC*1*FELLNER*CYNTHIA*D***MR*G408163~NM1*82*1*CADDALI*ESTRELLA*A***XX*1164974580~REF*EA*BC9E28D2D3D94CDD95FAFB458B0450B5~DTM*232*20191017~DTM*233*20191017~SVC*HC:99213:25*90*12.94**1~DTM*472*20191017~CAS*CO*45*77.06~REF*6R*CP4L5BM7B3VG~AMT*B6*12.94~LQ*HE*N381~LQ*HE*N381~SVC*HC:81002*4*0**1~DTM*472*20191017~CAS*CO*45*4~REF*6R*CP4LMATFFCJG~LQ*HE*N381~SVC*HC:81025*15*0**1~DTM*472*20191017~CAS*CO*45*15~REF*6R*CP4LZ9A37F3F~LQ*HE*N381~CLP*000100023911*2*54*7.87**MC*2019311007316~NM1*QC*1*GARCIA*PAMELA****MR*P170101~NM1*82*1*CADDALI*ESTRELLA*A***XX*1164974580~REF*EA*E679F017A20E467CB35912206D0FBF88~DTM*232*20191017~DTM*233*20191017~SVC*HC:99212*54*7.87**1~DTM*472*20191017~CAS*CO*45*46.13~REF*6R*CP4L9EXVU7LA~AMT*B6*7.87~LQ*HE*N381~LQ*HE*N381~CLP*000100023719*2*134*18.93**MC*2019306002178~NM1*QC*1*HUBBARD*LORI*E***MR*K898939~NM1*82*1*GRONEMEYER*LEANNE*R***XX*1659521045~REF*EA*F0F2C84829644354B3796D4A8C2444B8~DTM*232*20191015~DTM*233*20191015~SVC*HC:99214*134*18.93**1~DTM*472*20191015~CAS*CO*45*115.07~REF*6R*CP395ZY04M36~AMT*B6*18.93~LQ*HE*N381~LQ*HE*N381~CLP*000100023638*2*134*9.79**MC*2019306002167~NM1*QC*1*ORTIZ*DEBORAH*M***MR*K925625~NM1*82*1*HOOSHMAND-PARSI*KAYHOSROW****XX*1447291851~REF*EA*665CDC1EF54C4DBC9634038A5D86EDFE~DTM*232*20191014~DTM*233*20191014~SVC*HC:99214*134*9.79**1~DTM*472*20191014~CAS*CO*45*124.21~REF*6R*CP39D0FB8GNH~AMT*B6*9.79~LQ*HE*N381~LQ*HE*N381~CLP*000100023836*2*134*18.93**MC*2019311008607~NM1*QC*1*SOUSIE*KATHLEEN*A***MR*G599543~NM1*82*1*GRONEMEYER*LEANNE*R***XX*1659521045~REF*EA*173AF696D8C7444FB2508E3EAE1D42C5~DTM*232*20191016~DTM*233*20191016~SVC*HC:99214*134*18.93**1~DTM*472*20191016~CAS*CO*45*115.07~REF*6R*CP4LYVLPV7H3~AMT*B6*18.93~LQ*HE*N381~LQ*HE*N381~CLP*000100023632*2*134*18.93**MC*2019306002170~NM1*QC*1*SWETKY*VICTOR****MR*N729768~NM1*82*1*GRONEMEYER*LEANNE*R***XX*1659521045~REF*EA*D1A0A6F9BFCD4E02957B739DD7308193~DTM*232*20191014~DTM*233*20191014~SVC*HC:99214*134*18.93**1~DTM*472*20191014~CAS*CO*45*115.07~REF*6R*CP396VTSC7S7~AMT*B6*18.93~LQ*HE*N381~LQ*HE*N381~CLP*000100023495*2*138*18.93**MC*2019306002187~NM1*QC*1*TAVAREZ*BALBINAQ****MR*O311216~NM1*82*1*GRONEMEYER*LEANNE*R***XX*1659521045~REF*EA*10AE4E980E814C35BFAFDB86D1A1193C~DTM*232*20191010~DTM*233*20191010~SVC*HC:99214:25*134*18.93**1~DTM*472*20191010~CAS*CO*45*115.07~REF*6R*CP396XISS14S~AMT*B6*18.93~LQ*HE*N381~LQ*HE*N381~SVC*HC:81002*4*0**1~DTM*472*20191010~CAS*CO*45*4~REF*6R*CP3947DZV6UY~LQ*HE*N381~CLP*000100022251*2*90*1.02**MC*2019308047179~NM1*QC*1*TRUJILLO*YOLANDA*M***MR*J869832~NM1*82*1*CADDALI*ESTRELLA*A***XX*1164974580~REF*EA*FB831E9400D84D77B6698AC5E6851C12~DTM*232*20190911~DTM*233*20190911~SVC*HC:99213*90*1.02**1~DTM*472*20190911~CAS*CO*45*88.98~REF*6R*CPCXASW6YF2L~AMT*B6*1.02~LQ*HE*N381~LQ*HE*N381~CLP*000100023885*2*134*18.93**MC*2019311008615~NM1*QC*1*VALDEZ MARTIN*SONIA*A***MR*F174874~NM1*74*1*VALDEZ~NM1*82*1*KLAKER*JULIE*M***XX*1215134705~REF*EA*7431D7014B2442C094D5447A61AD4CB9~DTM*232*20191017~DTM*233*20191017~SVC*HC:99214*134*18.93**1~DTM*472*20191017~CAS*CO*45*115.07~REF*6R*CP4L4PJFCIDP~AMT*B6*18.93~LQ*HE*N381~LQ*HE*N381~CLP*000100023814*2*105*12.94**MC*2019311008617~NM1*QC*1*VALDEZ MARTIN*SONIA*A***MR*F174874~NM1*74*1*VALDEZ~NM1*82*1*KLAKER*JULIE*M***XX*1215134705~REF*EA*FFF2640C6BFD4C75ABD173A06D6034AB~DTM*232*20191016~DTM*233*20191016~SVC*HC:99213:25*90*12.94**1~DTM*472*20191016~CAS*CO*45*77.06~REF*6R*CP4LM6IPNM6N~AMT*B6*12.94~LQ*HE*N381~LQ*HE*N381~SVC*HC:81025*15*0**1~DTM*472*20191016~CAS*CO*45*15~REF*6R*CP4LCHTNQ7NL~LQ*HE*N381~CLP*000100023658*2*315*42.23**MC*2019306002162~NM1*QC*1*YOUNG*LORITA*A***MR*R778605~NM1*82*1*LUCAS*PEGGI*S***XX*1366419582~REF*EA*06DAB0D442A34BDD936859441B9FAB8D~DTM*232*20191014~DTM*233*20191014~SVC*HC:99205:25*255*35.99**1~DTM*472*20191014~CAS*CO*45*219.01~REF*6R*CP39UDGANXHD~AMT*B6*35.99~LQ*HE*N381~LQ*HE*N381~SVC*HC:G0444*20*0**1~DTM*472*20191014~CAS*CO*45*20~REF*6R*CP39QWTVC8G0~SVC*HC:G0396*40*6.24**1~DTM*472*20191014~CAS*OA*P22*33.76~REF*6R*CP39YPN2DE4Q~AMT*B6*6.24~LQ*HE*MA125~LQ*HE*MA125~CLP*000100024468*1*90*63.81*2*MC*2019310093798~NM1*QC*1*ABEYTA*KRISTA****MR*G102892~NM1*82*1*LUCAS*PEGGI*S***XX*1366419582~REF*EA*C71A87633C7745D7B7E78004D0879312~DTM*232*20191101~DTM*233*20191101~SVC*HC:99213*90*63.81**1~DTM*472*20191101~CAS*PR*3*2~CAS*CO*45*24.19~REF*6R*CPCH34C702LT~AMT*B6*65.81~LQ*HE*N381~LQ*HE*N381~CLP*000100023200*1*1837*1193.2**MC*2019308048032~NM1*QC*1*ADAMS*CHRISTOPHER****MR*Y546450~NM1*82*1*SEARLES*DENISE*A***XX*1396971230~REF*EA*5A7CA852BF1E44FCAADA752F41638C8A~DTM*232*20191003~DTM*233*20191003~SVC*HC:96372*32*0**0**1~DTM*472*20191003~CAS*CO*109*32~REF*6R*CPCXJBXDT13V~LQ*HE*N381~SVC*HC:J2315*1805*1193.2**380~DTM*472*20191003~CAS*CO*45*611.8~REF*6R*CPCXUJ7EW3BR~AMT*B6*1193.2~LQ*HE*N381~CLP*000100024414*1*1971*1290.31**MC*2019310093767~NM1*QC*1*ADAMS*CHRISTOPHER****MR*Y546450~NM1*82*1*SEARLES*DENISE*A***XX*1396971230~REF*EA*6DE11E97F55B44F99FE330C8AC1077AB~DTM*232*20191031~DTM*233*20191031~SVC*HC:99214:25*134*97.11**1~DTM*472*20191031~CAS*CO*45*36.89~REF*6R*CPCHGSUQ5TRB~AMT*B6*97.11~LQ*HE*N381~SVC*HC:96372*32*0**0**1~DTM*472*20191031~CAS*CO*109*32~REF*6R*CPCHSQJ0YOHG~LQ*HE*N381~SVC*HC:J2315*1805*1193.2**380~DTM*472*20191031~CAS*CO*45*611.8~REF*6R*CPCHASE6I4P5~AMT*B6*1193.2~LQ*HE*N381~CLP*000100024454*1*90*63.81*2*MC*2019310093874~NM1*QC*1*ALEXANDER*ANTHONY*A***MR*L236477~NM1*82*1*CADDALI*ESTRELLA*A***XX*1164974580~REF*EA*EF65CBFAFD1D499E82CE2E82A9CE595A~DTM*232*20191101~DTM*233*20191101~SVC*HC:99213*90*63.81**1~DTM*472*20191101~CAS*PR*3*2~CAS*CO*45*24.19~REF*6R*CPCH0WCIHU9R~AMT*B6*65.81~LQ*HE*N381~LQ*HE*N381~CLP*000100022901*1*65*55.35**MC*2019308048232~NM1*QC*1*ANTHONY*MELVIN*T***MR*Y839789~NM1*82*1*LEWIS*HOLLY*G***XX*1295234128~REF*EA*CA9F7BCB16F84406B1E5E8C181906D2E~DTM*232*20190927~DTM*233*20190927~SVC*HC:90832*65*55.35**1~DTM*472*20190927~CAS*CO*45*9.65~REF*6R*CPCX6IRYTPKI~AMT*B6*55.35~LQ*HE*N381~CLP*000100024700*1*105*72.15*2*MC*2019311074228~NM1*QC*1*APODACA*RAQUEL*L***MR*F222913~NM1*82*1*HOOSHMAND-PARSI*KAYHOSROW****XX*1447291851~REF*EA*13AA8D86B04344A2BFEBE48A65A94965~DTM*232*20191105~DTM*233*20191105~SVC*HC:99213:25*90*63.81**1~DTM*472*20191105~CAS*PR*3*2~CAS*CO*45*24.19~REF*6R*CPC9ST4UC1JX~AMT*B6*65.81~LQ*HE*N381~LQ*HE*N381~SVC*HC:81025*15*8.34**1~DTM*472*20191105~CAS*CO*45*6.66~REF*6R*CPC9MVOI5BI7~AMT*B6*8.34~LQ*HE*N381~CLP*000100023090*1*155*103.79*2*MC*2019310082993~NM1*QC*1*ARAGON*VICTORIA*E***MR*G735675~NM1*82*1*CADDALI*ESTRELLA*A***XX*1164974580~REF*EA*31238CD83DEB4E579701B7FDA8370475~DTM*232*20191002~DTM*233*20191002~SVC*HC:99213:25*90*63.81**1~DTM*472*20191002~CAS*PR*3*2~CAS*CO*45*24.19~REF*6R*CPCHF50JBP7D~AMT*B6*65.81~LQ*HE*N381~LQ*HE*N381~SVC*HC:90471*35*19.46**1~DTM*472*20191002~CAS*CO*45*15.54~REF*6R*CPCHJ9HGSPYH~AMT*B6*19.46~LQ*HE*N381~SVC*HC:90756*30*20.52**1~DTM*472*20191002~CAS*CO*45*9.48~REF*6R*CPCH8QFRDQVU~AMT*B6*20.52~LQ*HE*N381~CLP*000100024421*1*149*105.45**MC*2019308048051~NM1*QC*1*AVILA*KRISTA*M***MR*K943511~NM1*82*1*SEARLES*DENISE*A***XX*1396971230~REF*EA*BAAAD75C9F2349B5AC7463B30A81FCCA~DTM*232*20191031~DTM*233*20191031~SVC*HC:99214:25*134*97.11**1~DTM*472*20191031~CAS*CO*45*36.89~REF*6R*CPCXQV29CHBP~AMT*B6*97.11~LQ*HE*N381~SVC*HC:81025*15*8.34**1~DTM*472*20191031~CAS*CO*45*6.66~REF*6R*CPCXWRJACC0Q~AMT*B6*8.34~LQ*HE*N381~CLP*000100024610*1*90*63.81*2*MC*2019311074543~NM1*QC*1*BAIRD*JEANIE*M***MR*G251794~NM1*82*1*SEARLES*DENISE*A***XX*1396971230~REF*EA*048DFBC8F8544345B57ED8A1E9C776D9~DTM*232*20191105~DTM*233*20191105~SVC*HC:99213*90*63.81**1~DTM*472*20191105~CAS*PR*3*2~CAS*CO*45*24.19~REF*6R*CPC98GO7X4V8~AMT*B6*65.81~LQ*HE*N381~LQ*HE*N381~CLP*000100024550*1*149*105.45**MC*2019310093787~NM1*QC*1*BAROS*MELANIE*A***MR*L096798~NM1*82*1*HOOSHMAND-PARSI*KAYHOSROW****XX*1447291851~REF*EA*806D10BD72154F09B9184D3E1B4EEEB6~DTM*232*20191104~DTM*233*20191104~SVC*HC:99214:25*134*97.11**1~DTM*472*20191104~CAS*CO*45*36.89~REF*6R*CPCH0QFQNY1F~AMT*B6*97.11~LQ*HE*N381~SVC*HC:81025*15*8.34**1~DTM*472*20191104~CAS*CO*45*6.66~REF*6R*CPCHDW59TRR1~AMT*B6*8.34~LQ*HE*N381~CLP*000100024528*1*1986*1296.65*2*MC*2019310093855~NM1*QC*1*BASSETT*JENNIFER*M***MR*W073216~NM1*82*1*LUCAS*PEGGI*S***XX*1366419582~REF*EA*D041F3A5566A4EA99E80065176F4A08A~DTM*232*20191104~DTM*233*20191104~SVC*HC:99214:25*134*95.11**1~DTM*472*20191104~CAS*PR*3*2~CAS*CO*45*36.89~REF*6R*CPCH8FKNKRWI~AMT*B6*97.11~LQ*HE*N381~LQ*HE*N381~SVC*HC:96372*32*0**0**1~DTM*472*20191104~CAS*CO*109*32~REF*6R*CPCHDJW2Y9R2~LQ*HE*N381~SVC*HC:J2315*1805*1193.2**380~DTM*472*20191104~CAS*CO*45*611.8~REF*6R*CPCHAB6HM5TD~AMT*B6*1193.2~LQ*HE*N381~SVC*HC:81025*15*8.34**1~DTM*472*20191104~CAS*CO*45*6.66~REF*6R*CPCHAULCAMTD~AMT*B6*8.34~LQ*HE*N381~CLP*000100024504*1*134*97.11**MC*2019310093808~NM1*QC*1*BELARDE*NATE*V***MR*Q463977~NM1*82*1*LUCAS*PEGGI*S***XX*1366419582~REF*EA*EA205F6554F14CD3AAD7EE7F8DB4DEB6~DTM*232*20191101~DTM*233*20191101~SVC*HC:99214*134*97.11**1~DTM*472*20191101~CAS*CO*45*36.89~REF*6R*CPCH37LXYMW3~AMT*B6*97.11~LQ*HE*N381~CLP*000100024543*1*149*105.45**MC*2019310093761~NM1*QC*1*BOULIER*JEWEL*R***MR*W913486~NM1*82*1*LUCAS*PEGGI*S***XX*1366419582~REF*EA*0A8DEA482A3D4355A8995047CE831347~DTM*232*20191104~DTM*233*20191104~SVC*HC:99214:25*134*97.11**1~DTM*472*20191104~CAS*CO*45*36.89~REF*6R*CPCHON16K9I7~AMT*B6*97.11~LQ*HE*N381~SVC*HC:81025*15*8.34**1~DTM*472*20191104~CAS*CO*45*6.66~REF*6R*CPCH4SUGJ02H~AMT*B6*8.34~LQ*HE*N381~CLP*000100024608*1*134*97.11**MC*2019311074283~NM1*QC*1*BOULIER*JEWEL*R***MR*W913486~NM1*82*1*LUCAS*PEGGI*S***XX*1366419582~REF*EA*B784E07AD0E84980873628F8C86A3FB5~DTM*232*20191105~DTM*233*20191105~SVC*HC:99214*134*97.11**1~DTM*472*20191105~CAS*CO*45*36.89~REF*6R*CPC9NQ1VSS33~AMT*B6*97.11~LQ*HE*N381~CLP*000100022098*2*149*9.08**MC*2019310082982~NM1*QC*1*BROWN*SAMANTHA*L***MR*U792619~NM1*82*1*HOOSHMAND-PARSI*KAYHOSROW****XX*1447291851~REF*EA*734B94D70D45481BB6BAFCEE19B4CB9F~DTM*232*20190909~DTM*233*20190909~SVC*HC:99214:25*134*5.91**1~DTM*472*20190909~CAS*CO*45*36.89~CAS*OA*23*91.2~REF*6R*CPCHVHNL1H1M~AMT*B6*97.11~LQ*HE*MA125~LQ*HE*N381~SVC*HC:81025*15*3.17**1~DTM*472*20190909~CAS*CO*45*6.66~CAS*OA*23*5.17~REF*6R*CPCHQH16QZZW~AMT*B6*8.34~LQ*HE*MA125~LQ*HE*N381~CLP*000100024681*1*149*103.45*2*MC*2019311074443~NM1*QC*1*CALDERON*DAVINA*R***MR*J450070~NM1*82*1*HOOSHMAND-PARSI*KAYHOSROW****XX*1447291851~REF*EA*951BCBBFCBF7423E861EF8ADE25DEAF6~DTM*232*20191105~DTM*233*20191105~SVC*HC:99214:25*134*95.11**1~DTM*472*20191105~CAS*PR*3*2~CAS*CO*45*36.89~REF*6R*CPC9Z0W7YL6D~AMT*B6*97.11~LQ*HE*N381~LQ*HE*N381~SVC*HC:81025*15*8.34**1~DTM*472*20191105~CAS*CO*45*6.66~REF*6R*CPC9SUTCC3RL~AMT*B6*8.34~LQ*HE*N381~CLP*000100024517*1*134*97.11**MC*2019310093864~NM1*QC*1*CASACK*JACOB****MR*Y190717~NM1*82*1*LUCAS*PEGGI*S***XX*1366419582~REF*EA*5F6712F184364BF4BBEFEC620CD7806E~DTM*232*20191104~DTM*233*20191104~SVC*HC:99214*134*97.11**1~DTM*472*20191104~CAS*CO*45*36.89~REF*6R*CPCH8IK8XJYM~AMT*B6*97.11~LQ*HE*N381~CLP*000100024683*1*134*97.11**MC*2019311074328~NM1*QC*1*CASANOVA*EMILIANO*H***MR*O632919~NM1*82*1*GRONEMEYER*LEANNE*R***XX*1659521045~REF*EA*605EDE686D614C3DB5CC77D8CA8222D7~DTM*232*20191105~DTM*233*20191105~SVC*HC:99214*134*97.11**1~DTM*472*20191105~CAS*CO*45*36.89~REF*6R*CPC92YHTGD8R~AMT*B6*97.11~LQ*HE*N381~CLP*000100024623*1*134*97.11**MC*2019311074538~NM1*QC*1*CHAVEZ*DALTON****MR*Q846049~NM1*82*1*HOOSHMAND-PARSI*KAYHOSROW****XX*1447291851~REF*EA*48206C878FE84B0A82D4EBEE54317ACD~DTM*232*20191105~DTM*233*20191105~SVC*HC:99214*134*97.11**1~DTM*472*20191105~CAS*CO*45*36.89~REF*6R*CPC93OEYD26H~AMT*B6*97.11~LQ*HE*N381~CLP*000100024375*1*90*65.81**MC*2019308047916~NM1*QC*1*CHAVEZ*MELISSA****MR*J002962~NM1*82*1*SEARLES*DENISE*A***XX*1396971230~REF*EA*8786679D7007463393666E31706DDF8D~DTM*232*20191031~DTM*233*20191031~SVC*HC:99213*90*65.81**1~DTM*472*20191031~CAS*CO*45*24.19~REF*6R*CPCXTD13PDYO~AMT*B6*65.81~LQ*HE*N381~CLP*000100024663*1*134*97.11**MC*2019311074248~NM1*QC*1*CHAVEZ*MELISSA****MR*J002962~NM1*82*1*SEARLES*DENISE*A***XX*1396971230~REF*EA*58D0118184B84CCBAA8C5587006E5146~DTM*232*20191105~DTM*233*20191105~SVC*HC:99214*134*97.11**1~DTM*472*20191105~CAS*CO*45*36.89~REF*6R*CPC98MPDVRZ6~AMT*B6*97.11~LQ*HE*N381~CLP*000100024568*1*281*191.03**MC*2019311074562~NM1*QC*1*COSTANTINO*DOUGLAS****MR*G579652~NM1*82*1*GRONEMEYER*LEANNE*R***XX*1659521045~REF*EA*1FB94E6297444D04AF68994362FEB8B7~DTM*232*20191104~DTM*233*20191104~SVC*HC:99204:25*205*149.59**1~DTM*472*20191104~CAS*CO*45*55.41~REF*6R*CPC9S4MFN37E~AMT*B6*149.59~LQ*HE*N381~SVC*HC:H0049*36*10.92**1~DTM*472*20191104~CAS*CO*45*25.08~REF*6R*CPC99GJ9J6AF~AMT*B6*10.92~LQ*HE*N381~SVC*HC:G8431*40*30.52**1~DTM*472*20191104~CAS*CO*45*9.48~REF*6R*CPC9KL84K9BB~AMT*B6*30.52~LQ*HE*N381~CLP*000100024598*1*90*65.81**MC*2019311074264~NM1*QC*1*CRESPIN*GILBERT****MR*M707740~NM1*82*1*SEARLES*DENISE*A***XX*1396971230~REF*EA*5FB547C4348A4944B330921D80F7817B~DTM*232*20191105~DTM*233*20191105~SVC*HC:99213*90*65.81**1~DTM*472*20191105~CAS*CO*45*24.19~REF*6R*CPC95E9MOU21~AMT*B6*65.81~LQ*HE*N381~CLP*000100024552*1*105*74.15**MC*2019310093771~NM1*QC*1*CRUZ*MARIAH****MR*U875752~NM1*82*1*HOOSHMAND-PARSI*KAYHOSROW****XX*1447291851~REF*EA*D2BA80464A1B46A7826D82FF0849144B~DTM*232*20191104~DTM*233*20191104~SVC*HC:99213:25*90*65.81**1~DTM*472*20191104~CAS*CO*45*24.19~REF*6R*CPCH1ENG031R~AMT*B6*65.81~LQ*HE*N381~SVC*HC:81025*15*8.34**1~DTM*472*20191104~CAS*CO*45*6.66~REF*6R*CPCHDVN6OQBW~AMT*B6*8.34~LQ*HE*N381~CLP*000100024253*1*124*80.59**MC*2019310083009~NM1*QC*1*CUNNINGHAM*COLBY****MR*Y371456~NM1*82*1*SEARLES*DENISE*A***XX*1396971230~REF*EA*48581C4D87314009A7BE224FA5B72680~DTM*232*20191025~DTM*233*20191025~SVC*HC:99212:25*54*39.39**1~DTM*472*20191025~CAS*CO*45*14.61~REF*6R*CPCHHKI05BA1~AMT*B6*39.39~LQ*HE*N381~SVC*HC:90471*35*19.46**1~DTM*472*20191025~CAS*CO*45*15.54~REF*6R*CPCHV5CF3DPW~AMT*B6*19.46~LQ*HE*N381~SVC*HC:90674*35*21.74**1~DTM*472*20191025~CAS*CO*45*13.26~REF*6R*CPCHTK6ANNCL~AMT*B6*21.74~LQ*HE*N381~CLP*000100024463*1*134*97.11**MC*2019310093937~NM1*QC*1*CUNNINGHAM*COLBY****MR*Y371456~NM1*82*1*LUCAS*PEGGI*S***XX*1366419582~REF*EA*4354A2764E674EBBA82FCA3D9C18CDC9~DTM*232*20191101~DTM*233*20191101~SVC*HC:99214*134*97.11**1~DTM*472*20191101~CAS*CO*45*36.89~REF*6R*CPCH4EATW1X7~AMT*B6*97.11~LQ*HE*N381~CLP*000100024360*1*351*232.23**MC*2019308048116~NM1*QC*1*DILLON*JEANNE****MR*F006563~NM1*82*1*LUCAS*PEGGI*S***XX*1366419582~REF*EA*053687FE93C94561B75FE323C2DB6BB7~DTM*232*20191029~DTM*233*20191029~SVC*HC:99204:25*205*149.59**1~DTM*472*20191029~CAS*CO*45*55.41~REF*6R*CPCX1JB3GNM1~AMT*B6*149.59~LQ*HE*N381~SVC*HC:90471*35*19.46**1~DTM*472*20191029~CAS*CO*45*15.54~REF*6R*CPCXOLMLDP7S~AMT*B6*19.46~LQ*HE*N381~SVC*HC:90674*35*21.74**1~DTM*472*20191029~CAS*CO*45*13.26~REF*6R*CPCX71VKHD3J~AMT*B6*21.74~LQ*HE*N381~SVC*HC:H0049*36*10.92**1~DTM*472*20191029~CAS*CO*45*25.08~REF*6R*CPCX378TC5A5~AMT*B6*10.92~LQ*HE*N381~SVC*HC:G8431*40*30.52**1~DTM*472*20191029~CAS*CO*45*9.48~REF*6R*CPCX3K9ZMFAI~AMT*B6*30.52~LQ*HE*N381~CLP*000100024470*1*131*96.46**MC*2019310093740~NM1*QC*1*DUMAS*NYAH*L***MR*G529608~NM1*82*1*LUCAS*PEGGI*S***XX*1366419582~REF*EA*EAB085525A3547D3A8FF3DFE0F5095A6~DTM*232*20191101~DTM*233*20191101~SVC*HC:99393*131*96.46**1~DTM*472*20191101~CAS*CO*45*34.54~REF*6R*CPCH6052QU6I~AMT*B6*96.46~LQ*HE*N381~CLP*000100024667*1*134*95.11*2*MC*2019311074391~NM1*QC*1*DURAN*CLIFFORD*R***MR*P500498~NM1*82*1*LUCAS*PEGGI*S***XX*1366419582~REF*EA*6BA7CEDFBEA4465CAC69580ABDD622C7~DTM*232*20191105~DTM*233*20191105~SVC*HC:99214*134*95.11**1~DTM*472*20191105~CAS*PR*3*2~CAS*CO*45*36.89~REF*6R*CPC9YBF9WOIV~AMT*B6*97.11~LQ*HE*N381~LQ*HE*N381~CLP*000100024649*1*90*65.81**MC*2019311074347~NM1*QC*1*DURAN*LUCIANO*K***MR*P804952~NM1*82*1*GRONEMEYER*LEANNE*R***XX*1659521045~REF*EA*56FD8DE7800249EAB5C451833DB04BFE~DTM*232*20191105~DTM*233*20191105~SVC*HC:99213*90*65.81**1~DTM*472*20191105~CAS*CO*45*24.19~REF*6R*CPC9HT2WEE5M~AMT*B6*65.81~LQ*HE*N381~CLP*000100024427*1*134*97.11**MC*2019308048006~NM1*QC*1*EDMONDS*CHAD*W***MR*O652133~NM1*82*1*KLAKER*JULIE*M***XX*1215134705~REF*EA*96F1342B9F9C4657B0F6D7F59E339128~DTM*232*20191031~DTM*233*20191031~SVC*HC:99214*134*97.11**1~DTM*472*20191031~CAS*CO*45*36.89~REF*6R*CPCX1KX9HQIG~AMT*B6*97.11~LQ*HE*N381~CLP*000100024403*1*149*105.45**MC*2019308047924~NM1*QC*1*EHLERS*DESIREE*F***MR*P131523~NM1*82*1*KLAKER*JULIE*M***XX*1215134705~REF*EA*4DA9181097974C7B87EFF1A72FDFA0C0~DTM*232*20191031~DTM*233*20191031~SVC*HC:99214:25*134*97.11**1~DTM*472*20191031~CAS*CO*45*36.89~REF*6R*CPCXVLLFE2XY~AMT*B6*97.11~LQ*HE*N381~SVC*HC:81025*15*8.34**1~DTM*472*20191031~CAS*CO*45*6.66~REF*6R*CPCX2I099TDO~AMT*B6*8.34~LQ*HE*N381~CLP*000100024630*1*281*171.51**MC*2019311074519~NM1*QC*1*ESQUIBEL*JEAN****MR*Y798811~NM1*82*1*SEARLES*DENISE*A***XX*1396971230~REF*EA*4CA0D7B0EF7B4894AE4678984D74D9AF~DTM*232*20191105~DTM*233*20191105~SVC*HC:99204:25*205*149.59**1~DTM*472*20191105~CAS*CO*45*55.41~REF*6R*CPC9WD3QPIRZ~AMT*B6*149.59~LQ*HE*N381~SVC*HC:H0049*36*10.92**1~DTM*472*20191105~CAS*CO*45*25.08~REF*6R*CPC9XFG1R92W~AMT*B6*10.92~LQ*HE*N381~SVC*HC:G8510*40*11**1~DTM*472*20191105~CAS*CO*45*29~REF*6R*CPC92MQBR312~AMT*B6*11~LQ*HE*N381~CLP*000100024555*1*134*95.11*2*MC*2019311074411~NM1*QC*1*EVEN*JILL*D***MR*O870653~NM1*82*1*LUCAS*PEGGI*S***XX*1366419582~REF*EA*754AA0B8C2014C74BFE2927B66810C83~DTM*232*20191104~DTM*233*20191104~SVC*HC:99214*134*95.11**1~DTM*472*20191104~CAS*PR*3*2~CAS*CO*45*36.89~REF*6R*CPC909W54W5B~AMT*B6*97.11~LQ*HE*N381~LQ*HE*N381~CLP*000100024431*1*90*65.81**MC*2019308048146~NM1*QC*1*FERRIS*DAMIEN*N***MR*P832891~NM1*82*1*KLAKER*JULIE*M***XX*1215134705~REF*EA*CEFFF2B845164FED845B9A63E83B8908~DTM*232*20191031~DTM*233*20191031~SVC*HC:99213*90*65.81**1~DTM*472*20191031~CAS*CO*45*24.19~REF*6R*CPCXJ42J97CX~AMT*B6*65.81~LQ*HE*N381~CLP*000100024379*1*105*74.15**MC*2019308047887~NM1*QC*1*FIORINI*CHRISTENA*E***MR*Y109693~NM1*82*1*KLAKER*JULIE*M***XX*1215134705~REF*EA*0823E659AF1847978B0FF5ABA6CF5107~DTM*232*20191031~DTM*233*20191031~SVC*HC:99213:25*90*65.81**1~DTM*472*20191031~CAS*CO*45*24.19~REF*6R*CPCXXUKKZF66~AMT*B6*65.81~LQ*HE*N381~SVC*HC:81025*15*8.34**1~DTM*472*20191031~CAS*CO*45*6.66~REF*6R*CPCX02DIFGMM~AMT*B6*8.34~LQ*HE*N381~CLP*000100024494*1*90*65.81**MC*2019310093731~NM1*QC*1*FIORINI*CHRISTENA*E***MR*Y109693~NM1*82*1*CADDALI*ESTRELLA*A***XX*1164974580~REF*EA*5D82D9BA66CA42EFA00BACC6D02C059A~DTM*232*20191101~DTM*233*20191101~SVC*HC:99213*90*65.81**1~DTM*472*20191101~CAS*CO*45*24.19~REF*6R*CPCHI80WTD0M~AMT*B6*65.81~LQ*HE*N381~CLP*000100024497*1*134*95.11*2*MC*2019310093796~NM1*QC*1*GAHARD*JAMES*M***MR*O301579~NM1*82*1*CADDALI*ESTRELLA*A***XX*1164974580~REF*EA*342B2505D32A4D1CAA1AC7A1A71D0956~DTM*232*20191101~DTM*233*20191101~SVC*HC:99214*134*95.11**1~DTM*472*20191101~CAS*PR*3*2~CAS*CO*45*36.89~REF*6R*CPCH4NSB9FYC~AMT*B6*97.11~LQ*HE*N381~LQ*HE*N381~CLP*000100024409*1*90*65.81**MC*2019308048129~NM1*QC*1*GARCIA*AMBER****MR*T910667~NM1*82*1*SEARLES*DENISE*A***XX*1396971230~REF*EA*A79B496E474641D4BD58660E4C2E0C67~DTM*232*20191031~DTM*233*20191031~SVC*HC:99213*90*65.81**1~DTM*472*20191031~CAS*CO*45*24.19~REF*6R*CPCXN3JFYDSO~AMT*B6*65.81~LQ*HE*N381~CLP*000100024519*1*134*97.11**MC*2019310093735~NM1*QC*1*GARCIA*MARIO****MR*D425963~NM1*82*1*LUCAS*PEGGI*S***XX*1366419582~REF*EA*72AE1BED821A4F1CA4D408E6809522F9~DTM*232*20191104~DTM*233*20191104~SVC*HC:99214*134*97.11**1~DTM*472*20191104~CAS*CO*45*36.89~REF*6R*CPCH32IJLD5K~AMT*B6*97.11~LQ*HE*N381~CLP*000100024462*1*145*97.43**MC*2019310093964~NM1*QC*1*GARCIA*SOPHIA****MR*O305642~NM1*82*1*CADDALI*ESTRELLA*A***XX*1164974580~REF*EA*F41234D6CC8B48A88F45C01A6E000F17~DTM*232*20191101~DTM*233*20191101~SVC*HC:99203*145*97.43**1~DTM*472*20191101~CAS*CO*45*47.57~REF*6R*CPCH4CWSZ72C~AMT*B6*97.43~LQ*HE*N381~CLP*000100024474*1*90*63.81*2*MC*2019310093919~NM1*QC*1*GIERHART*JAMES*T***MR*G669412~NM1*82*1*KLAKER*JULIE*M***XX*1215134705~REF*EA*5B4456F5F3354B789E5C4748B0FB16BF~DTM*232*20191101~DTM*233*20191101~SVC*HC:99213*90*63.81**1~DTM*472*20191101~CAS*PR*3*2~CAS*CO*45*24.19~REF*6R*CPCHYDA36V42~AMT*B6*65.81~LQ*HE*N381~LQ*HE*N381~CLP*000100024570*1*134*97.11**MC*2019311074473~NM1*QC*1*GILMORE*BRIAN*W***MR*U569330~NM1*82*1*LUCAS*PEGGI*S***XX*1366419582~REF*EA*432F23EF399E4F779474DEE932A52B98~DTM*232*20191104~DTM*233*20191104~SVC*HC:99214*134*97.11**1~DTM*472*20191104~CAS*CO*45*36.89~REF*6R*CPC9LBMDN1WQ~AMT*B6*97.11~LQ*HE*N381~CLP*000100024621*1*90*65.81**MC*2019311074554~NM1*QC*1*GOODWIN*JEREMY*M***MR*O688532~NM1*82*1*ROBERTS*BRAD*A***XX*1538435698~REF*EA*821147686D1147EE826198CC1861C40B~DTM*232*20191105~DTM*233*20191105~SVC*HC:99213*90*65.81**1~DTM*472*20191105~CAS*CO*45*24.19~REF*6R*CPC9ILLJ332M~AMT*B6*65.81~LQ*HE*N381~CLP*000100022473*1*105*74.15**MC*2019310083018~NM1*QC*1*GOW*LAYLA****MR*O314223~NM1*82*1*GRONEMEYER*LEANNE*R***XX*1659521045~REF*EA*E79A642821294C74951787DDB118DF1D~DTM*232*20190918~DTM*233*20190918~SVC*HC:99213:25*90*65.81**1~DTM*472*20190918~CAS*CO*45*24.19~REF*6R*CPCHIQDWWWU1~AMT*B6*65.81~LQ*HE*N381~SVC*HC:81025*15*8.34**1~DTM*472*20190918~CAS*CO*45*6.66~REF*6R*CPCH7K09VHWK~AMT*B6*8.34~LQ*HE*N381~CLP*000100024378*1*134*97.11**MC*2019308047942~NM1*QC*1*GRAVES*DILLON*M***MR*Y440957~NM1*82*1*KLAKER*JULIE*M***XX*1215134705~REF*EA*EFA6BB1F15C647B7B3291CC7F71AF9CD~DTM*232*20191031~DTM*233*20191031~SVC*HC:99214*134*97.11**1~DTM*472*20191031~CAS*CO*45*36.89~REF*6R*CPCX8OR5VTBG~AMT*B6*97.11~LQ*HE*N381~CLP*000100024521*1*204*136.31*2*MC*2019310093803~NM1*QC*1*GRIEGO*GERALDINE****MR*T546297~NM1*82*1*GRONEMEYER*LEANNE*R***XX*1659521045~REF*EA*7200F89EC15049F098843AC0D156B79E~DTM*232*20191104~DTM*233*20191104~SVC*HC:99214:25*134*95.11**1~DTM*472*20191104~CAS*PR*3*2~CAS*CO*45*36.89~REF*6R*CPCHRWSZ7E5O~AMT*B6*97.11~LQ*HE*N381~LQ*HE*N381~SVC*HC:90471*35*19.46**1~DTM*472*20191104~CAS*CO*45*15.54~REF*6R*CPCHN033O01O~AMT*B6*19.46~LQ*HE*N381~SVC*HC:90674*35*21.74**1~DTM*472*20191104~CAS*CO*45*13.26~REF*6R*CPCHS3OB6HCH~AMT*B6*21.74~LQ*HE*N381~CLP*000100024642*1*175*114.94**MC*2019311074279~NM1*QC*1*GROBE*GREGG*A***MR*P407681~NM1*82*1*CADDALI*ESTRELLA*A***XX*1164974580~REF*EA*639F0C6977EB42A2881610AFD9BFF1BB~DTM*232*20191105~DTM*233*20191105~SVC*HC:99396*175*114.94**1~DTM*472*20191105~CAS*CO*45*60.06~REF*6R*CPC9RVFIS03U~AMT*B6*114.94~LQ*HE*N381~CLP*000100024644*1*54*37.39*2*MC*2019311074220~NM1*QC*1*GROBE*SARAH*L***MR*P407683~NM1*82*1*CADDALI*ESTRELLA*A***XX*1164974580~REF*EA*13F4F065D91445CC93D4A16667FD16AF~DTM*232*20191105~DTM*233*20191105~SVC*HC:99212*54*37.39**1~DTM*472*20191105~CAS*PR*3*2~CAS*CO*45*14.61~REF*6R*CPC9OQ6YS1GS~AMT*B6*39.39~LQ*HE*N381~LQ*HE*N381~CLP*000100021978*2*134*0*.15*MC*2019308048220~NM1*QC*1*GROVE*JOHN*W***MR*P705132~NM1*82*1*HOOSHMAND-PARSI*KAYHOSROW****XX*1447291851~REF*EA*25C48990029A48DEBB3777D12A23C103~DTM*232*20190904~DTM*233*20190904~SVC*HC:99214*134*0**1~DTM*472*20190904~CAS*PR*3*.15~CAS*CO*45*36.89~CAS*OA*23*96.96~REF*6R*CPCXG6FL4VM5~AMT*B6*97.11~LQ*HE*MA125~LQ*HE*N381~LQ*HE*MA125~LQ*HE*N381~CLP*000100024464*1*1971*1290.31**MC*2019310093904~NM1*QC*1*HELVEY*RYAN*J***MR*N690416~NM1*82*1*KLAKER*JULIE*M***XX*1215134705~REF*EA*107C44AD3DB942778173BE8C4008BDD9~DTM*232*20191101~DTM*233*20191101~SVC*HC:99214:25*134*97.11**1~DTM*472*20191101~CAS*CO*45*36.89~REF*6R*CPCHTE7PWBUS~AMT*B6*97.11~LQ*HE*N381~SVC*HC:96372*32*0**0**1~DTM*472*20191101~CAS*CO*109*32~REF*6R*CPCHSYPCGDMP~LQ*HE*N381~SVC*HC:J2315*1805*1193.2**380~DTM*472*20191101~CAS*CO*45*611.8~REF*6R*CPCH717382O8~AMT*B6*1193.2~LQ*HE*N381~CLP*000100024381*1*90*65.81**MC*2019308047975~NM1*QC*1*HEMPHILL*TIM*J***MR*O582563~NM1*82*1*SEARLES*DENISE*A***XX*1396971230~REF*EA*08E27D1B01114ECDB37D8C8D147A3D5F~DTM*232*20191031~DTM*233*20191031~SVC*HC:99213*90*65.81**1~DTM*472*20191031~CAS*CO*45*24.19~REF*6R*CPCXRLF0IFG9~AMT*B6*65.81~LQ*HE*N381~CLP*000100024357*1*90*65.81**MC*2019308047998~NM1*QC*1*HEMPHILL*TIM*J***MR*O582563~NM1*82*1*SEARLES*DENISE*A***XX*1396971230~REF*EA*DEA300E4EAE5446397585588D008F0FD~DTM*232*20191029~DTM*233*20191029~SVC*HC:99213*90*65.81**1~DTM*472*20191029~CAS*CO*45*24.19~REF*6R*CPCX00T6DJFE~AMT*B6*65.81~LQ*HE*N381~CLP*000100024505*1*134*97.11**MC*2019310093751~NM1*QC*1*HEMPHILL*TIM*J***MR*O582563~NM1*82*1*SEARLES*DENISE*A***XX*1396971230~REF*EA*F71487A1BD904328A972B46E33DD2326~DTM*232*20191101~DTM*233*20191101~SVC*HC:99214*134*97.11**1~DTM*472*20191101~CAS*CO*45*36.89~REF*6R*CPCHKARK0GFM~AMT*B6*97.11~LQ*HE*N381~CLP*000100024697*1*134*97.11**MC*2019311074268~NM1*QC*1*HEMPHILL*TIM*J***MR*O582563~NM1*82*1*SEARLES*DENISE*A***XX*1396971230~REF*EA*D6BC2A26240F42E88409048E50C1CEE3~DTM*232*20191105~DTM*233*20191105~SVC*HC:99214*134*97.11**1~DTM*472*20191105~CAS*CO*45*36.89~REF*6R*CPC9O4F6CTFN~AMT*B6*97.11~LQ*HE*N381~CLP*000100024467*1*134*97.11**MC*2019310093813~NM1*QC*1*HERRERA*JEREMY****MR*E258249~NM1*82*1*KLAKER*JULIE*M***XX*1215134705~REF*EA*115E359FEDD14008B56CD3921AD054BA~DTM*232*20191101~DTM*233*20191101~SVC*HC:99214*134*97.11**1~DTM*472*20191101~CAS*CO*45*36.89~REF*6R*CPCHOY6LFXUG~AMT*B6*97.11~LQ*HE*N381~CLP*000100024479*1*90*81.55**MC*2019310093931~NM1*QC*1*MYERS*ANDREA*D***MR*S831312~NM1*74*1*HOPKINS~NM1*82*1*SEARLES*DENISE*A***XX*1396971230~REF*EA*6204B50AB89E4166BCB5014EFDD874B3~DTM*232*20191101~DTM*233*20191101~SVC*HC:99213:FP*90*81.55**1~DTM*472*20191101~CAS*CO*45*8.45~REF*6R*CPCHQ0O1Z8UV~AMT*B6*81.55~LQ*HE*N381~CLP*000100024581*1*210*119.03**MC*2019311074292~NM1*QC*1*HUDGINS*JILL*Y***MR*P061258~NM1*82*1*GRONEMEYER*LEANNE*R***XX*1659521045~REF*EA*68DFC4B5903D47FDB10212DBC2C98886~DTM*232*20191104~DTM*233*20191104~SVC*HC:99214:25*134*97.11**1~DTM*472*20191104~CAS*CO*45*36.89~REF*6R*CPC97ZQRTN0T~AMT*B6*97.11~LQ*HE*N381~SVC*HC:H0049*36*10.92**1~DTM*472*20191104~CAS*CO*45*25.08~REF*6R*CPC9ZT9ZDCJ3~AMT*B6*10.92~LQ*HE*N381~SVC*HC:G8510*40*11**1~DTM*472*20191104~CAS*CO*45*29~REF*6R*CPC9ZD5IYYGZ~AMT*B6*11~LQ*HE*N381~CLP*000100024575*1*134*97.11**MC*2019311074386~NM1*QC*1*JOHNSON*GEORGE*W***MR*O540732~NM1*82*1*GRONEMEYER*LEANNE*R***XX*1659521045~REF*EA*EB2622E596644C57B12E13F9E15A074F~DTM*232*20191104~DTM*233*20191104~SVC*HC:99214*134*97.11**1~DTM*472*20191104~CAS*CO*45*36.89~REF*6R*CPC9FL4H1HK2~AMT*B6*97.11~LQ*HE*N381~CLP*000100024654*1*134*95.11*2*MC*2019311074365~NM1*QC*1*JOHNSON*LASHAWN****MR*J148245~NM1*82*1*LUCAS*PEGGI*S***XX*1366419582~REF*EA*44FFE2E24C884D6D8DCDF38AE42DA41B~DTM*232*20191105~DTM*233*20191105~SVC*HC:99214*134*95.11**1~DTM*472*20191105~CAS*PR*3*2~CAS*CO*45*36.89~REF*6R*CPC9AKJS0VT2~AMT*B6*97.11~LQ*HE*N381~LQ*HE*N381~CLP*000100024471*1*281*171.51**MC*2019310093723~NM1*QC*1*JONES*PAULA****MR*M040589~NM1*82*1*SEARLES*DENISE*A***XX*1396971230~REF*EA*7729D15A821D4B6598E8EEFE471B5FE8~DTM*232*20191101~DTM*233*20191101~SVC*HC:99204:25*205*149.59**1~DTM*472*20191101~CAS*CO*45*55.41~REF*6R*CPCHSKQB3IQJ~AMT*B6*149.59~LQ*HE*N381~SVC*HC:H0049*36*10.92**1~DTM*472*20191101~CAS*CO*45*25.08~REF*6R*CPCHEATF9REP~AMT*B6*10.92~LQ*HE*N381~SVC*HC:G8510*40*11**1~DTM*472*20191101~CAS*CO*45*29~REF*6R*CPCH60HLH18O~AMT*B6*11~LQ*HE*N381~CLP*000100024481*1*90*65.81**MC*2019310093846~NM1*QC*1*KEENEY*AMBER*D***MR*G217802~NM1*82*1*CADDALI*ESTRELLA*A***XX*1164974580~REF*EA*ABCACA526E94494884330E45E1EF92F4~DTM*232*20191101~DTM*233*20191101~SVC*HC:99213*90*65.81**1~DTM*472*20191101~CAS*CO*45*24.19~REF*6R*CPCHUSDJEDA4~AMT*B6*65.81~LQ*HE*N381~CLP*000100024539*1*90*63.81*2*MC*2019310093793~NM1*QC*1*LERMA*ANNETTE*J***MR*K308921~NM1*82*1*GRONEMEYER*LEANNE*R***XX*1659521045~REF*EA*5681EA5DB975471C843A48B8F7969624~DTM*232*20191104~DTM*233*20191104~SVC*HC:99213*90*63.81**1~DTM*472*20191104~CAS*PR*3*2~CAS*CO*45*24.19~REF*6R*CPCHAPOL2VBD~AMT*B6*65.81~LQ*HE*N381~LQ*HE*N381~CLP*000100024633*1*90*65.81**MC*2019311074396~NM1*QC*1*LOBATO*DAVINA****MR*H882144~NM1*82*1*CADDALI*ESTRELLA*A***XX*1164974580~REF*EA*C7B19BA8F14F433684CC29C04D5FC9A8~DTM*232*20191105~DTM*233*20191105~SVC*HC:99213*90*65.81**1~DTM*472*20191105~CAS*CO*45*24.19~REF*6R*CPC9OCR1JAMF~AMT*B6*65.81~LQ*HE*N381~CLP*000100024426*1*134*97.11**MC*2019308047964~NM1*QC*1*LORETO*JOSHUA*R***MR*E192810~NM1*82*1*SEARLES*DENISE*A***XX*1396971230~REF*EA*2EA79D34513F4059AAA9CF3E9C4A684C~DTM*232*20191031~DTM*233*20191031~SVC*HC:99214*134*97.11**1~DTM*472*20191031~CAS*CO*45*36.89~REF*6R*CPCXYZD6B64E~AMT*B6*97.11~LQ*HE*N381~CLP*000100024523*1*134*97.11**MC*2019310093744~NM1*QC*1*LORETO*JOSHUA*R***MR*E192810~NM1*82*1*LUCAS*PEGGI*S***XX*1366419582~REF*EA*57F5ECDFC3EF4636B7DAB51190911331~DTM*232*20191104~DTM*233*20191104~SVC*HC:99214*134*97.11**1~DTM*472*20191104~CAS*CO*45*36.89~REF*6R*CPCH9FH4EOCT~AMT*B6*97.11~LQ*HE*N381~CLP*000100024415*1*90*63.81*2*MC*2019308048188~NM1*QC*1*MAGANA*CARLA*R***MR*M671813~NM1*82*1*KLAKER*JULIE*M***XX*1215134705~REF*EA*6B02141BFD444E9E85A452A95D9D0972~DTM*232*20191031~DTM*233*20191031~SVC*HC:99213*90*63.81**1~DTM*472*20191031~CAS*PR*3*2~CAS*CO*45*24.19~REF*6R*CPCXIEWLEJN9~AMT*B6*65.81~LQ*HE*N381~LQ*HE*N381~CLP*000100024459*1*204*138.31**MC*2019310093958~NM1*QC*1*MALLETTE*ANTHONY****MR*G065099~NM1*82*1*LUCAS*PEGGI*S***XX*1366419582~REF*EA*7F9E8E63C57D43588E1AF9C75CCE9953~DTM*232*20191101~DTM*233*20191101~SVC*HC:99214:25*134*97.11**1~DTM*472*20191101~CAS*CO*45*36.89~REF*6R*CPCHKZCQ7A8R~AMT*B6*97.11~LQ*HE*N381~SVC*HC:90471*35*19.46**1~DTM*472*20191101~CAS*CO*45*15.54~REF*6R*CPCHBOCVXDXE~AMT*B6*19.46~LQ*HE*N381~SVC*HC:90674*35*21.74**1~DTM*472*20191101~CAS*CO*45*13.26~REF*6R*CPCH9U794A5K~AMT*B6*21.74~LQ*HE*N381~CLP*000100024420*1*105*72.15*2*MC*2019308048106~NM1*QC*1*MARTINEZ*DANIELLE*L***MR*U458658~NM1*82*1*KLAKER*JULIE*M***XX*1215134705~REF*EA*07A5067121D04144A38520BA7B16BD57~DTM*232*20191031~DTM*233*20191031~SVC*HC:99213:25*90*63.81**1~DTM*472*20191031~CAS*PR*3*2~CAS*CO*45*24.19~REF*6R*CPCXZOCBLDTK~AMT*B6*65.81~LQ*HE*N381~LQ*HE*N381~SVC*HC:81025*15*8.34**1~DTM*472*20191031~CAS*CO*45*6.66~REF*6R*CPCX7B8N3SI4~AMT*B6*8.34~LQ*HE*N381~CLP*000100024629*1*134*97.11**MC*2019311074402~NM1*QC*1*MARTINEZ*SHAREE****MR*M754320~NM1*82*1*GRONEMEYER*LEANNE*R***XX*1659521045~REF*EA*EE4889F0ADDF42B880A3A98746FFAF3A~DTM*232*20191105~DTM*233*20191105~SVC*HC:99214*134*97.11**1~DTM*472*20191105~CAS*CO*45*36.89~REF*6R*CPC914R4KV1K~AMT*B6*97.11~LQ*HE*N381~CLP*000100024400*1*134*97.11**MC*2019308048154~NM1*QC*1*MAURO*RONDA*L***MR*U480140~NM1*82*1*KLAKER*JULIE*M***XX*1215134705~REF*EA*FEDC7AA9B62246EA82B81793C9972D61~DTM*232*20191031~DTM*233*20191031~SVC*HC:99214*134*97.11**1~DTM*472*20191031~CAS*CO*45*36.89~REF*6R*CPCXR0U5JHDU~AMT*B6*97.11~LQ*HE*N381~CLP*000100024503*1*204*138.31**MC*2019310093967~NM1*QC*1*MAZUREK*DIANE****MR*P687663~NM1*82*1*LUCAS*PEGGI*S***XX*1366419582~REF*EA*455BB38B585B464FA6243CB07AD96DD3~DTM*232*20191101~DTM*233*20191101~SVC*HC:99214:25*134*97.11**1~DTM*472*20191101~CAS*CO*45*36.89~REF*6R*CPCHNVULTZKZ~AMT*B6*97.11~LQ*HE*N381~SVC*HC:90471*35*19.46**1~DTM*472*20191101~CAS*CO*45*15.54~REF*6R*CPCH9HWZH3AA~AMT*B6*19.46~LQ*HE*N381~SVC*HC:90674*35*21.74**1~DTM*472*20191101~CAS*CO*45*13.26~REF*6R*CPCHCJW340ZL~AMT*B6*21.74~LQ*HE*N381~CLP*000100024506*1*134*97.11**MC*2019310093910~NM1*QC*1*MCBRIDE*JOHN****MR*M382015~NM1*82*1*LUCAS*PEGGI*S***XX*1366419582~REF*EA*4513CD602DB3465D859A5806785BC0B1~DTM*232*20191101~DTM*233*20191101~SVC*HC:99214*134*97.11**1~DTM*472*20191101~CAS*CO*45*36.89~REF*6R*CPCHBVDNRE7V~AMT*B6*97.11~LQ*HE*N381~CLP*000100024422*1*90*65.81**MC*2019308048243~NM1*QC*1*MEDINA*TAMMY*A***MR*F616296~NM1*82*1*KLAKER*JULIE*M***XX*1215134705~REF*EA*1B8013394A3844D1BC5177FC2CBE5567~DTM*232*20191031~DTM*233*20191031~SVC*HC:99213*90*65.81**1~DTM*472*20191031~CAS*CO*45*24.19~REF*6R*CPCXJV7E7C5D~AMT*B6*65.81~LQ*HE*N381~CLP*000100024478*1*157.15*118.61**MC*2019310093890~NM1*QC*1*MONTEZ*JASMINE*R***MR*Y365117~NM1*82*1*CADDALI*ESTRELLA*A***XX*1164974580~REF*EA*90585A80A60E4C56899DCF93F2452610~DTM*232*20191101~DTM*233*20191101~SVC*HC:99214:25*134*97.11**1~DTM*472*20191101~CAS*CO*45*36.89~REF*6R*CPCHW393HMHL~AMT*B6*97.11~LQ*HE*N381~SVC*HC:93000*23.15*21.5**1~DTM*472*20191101~CAS*CO*45*1.65~REF*6R*CPCHQYJ3S0O4~AMT*B6*21.5~LQ*HE*N381~CLP*000100024558*1*105*74.15**MC*2019311074429~NM1*QC*1*MONTEZ*JASMINE*R***MR*Y365117~NM1*82*1*HOOSHMAND-PARSI*KAYHOSROW****XX*1447291851~REF*EA*0235157F3230472F8BBDFF8751ADFCEA~DTM*232*20191104~DTM*233*20191104~SVC*HC:99213:25*90*65.81**1~DTM*472*20191104~CAS*CO*45*24.19~REF*6R*CPC9SYI6XGDA~AMT*B6*65.81~LQ*HE*N381~SVC*HC:81025*15*8.34**1~DTM*472*20191104~CAS*CO*45*6.66~REF*6R*CPC92B7O7VWC~AMT*B6*8.34~LQ*HE*N381~CLP*000100024394*1*54*37.39*2*MC*2019308047791~NM1*QC*1*MONTOYA*PHILLIP****MR*R271072~NM1*82*1*HOOSHMAND-PARSI*KAYHOSROW****XX*1447291851~REF*EA*B13C8FE138844C8AB1192472CA8060E9~DTM*232*20191031~DTM*233*20191031~SVC*HC:99212*54*37.39**1~DTM*472*20191031~CAS*PR*3*2~CAS*CO*45*14.61~REF*6R*CPCXVCZ4X1LY~AMT*B6*39.39~LQ*HE*N381~LQ*HE*N381~CLP*000100024428*1*69*47.73**MC*2019310082964~NM1*QC*1*MOORE*LISSA*M***MR*L243184~NM1*82*1*SEARLES*DENISE*A***XX*1396971230~REF*EA*505CB03343EB4D1E96DD1066ED3B2B16~DTM*232*20191031~DTM*233*20191031~SVC*HC:99212:25*54*39.39**1~DTM*472*20191031~CAS*CO*45*14.61~REF*6R*CPCHS2QMMFNX~AMT*B6*39.39~LQ*HE*N381~SVC*HC:81025*15*8.34**1~DTM*472*20191031~CAS*CO*45*6.66~REF*6R*CPCHJCZR2NGA~AMT*B6*8.34~LQ*HE*N381~CLP*000100024541*1*134*97.11**MC*2019310093924~NM1*QC*1*MORENO*RUBEN****MR*K039021~NM1*82*1*HOOSHMAND-PARSI*KAYHOSROW****XX*1447291851~REF*EA*312B11CD50624C13A475FF2A0AA9CC66~DTM*232*20191104~DTM*233*20191104~SVC*HC:99214*134*97.11**1~DTM*472*20191104~CAS*CO*45*36.89~REF*6R*CPCH89DD23ZD~AMT*B6*97.11~LQ*HE*N381~CLP*000100024499*1*134*97.11**MC*2019310093835~NM1*QC*1*MYERS*SCOTT*A***MR*P255708~NM1*82*1*SEARLES*DENISE*A***XX*1396971230~REF*EA*F6D2CBC8A60D49108D206A08E9B9E53E~DTM*232*20191101~DTM*233*20191101~SVC*HC:99214*134*97.11**1~DTM*472*20191101~CAS*CO*45*36.89~REF*6R*CPCHJDNQCQBN~AMT*B6*97.11~LQ*HE*N381~CLP*000100024559*1*134*97.11**MC*2019311074420~NM1*QC*1*NELSON*WILLIAM*L***MR*C654639~NM1*82*1*GRONEMEYER*LEANNE*R***XX*1659521045~REF*EA*D21F1DADE9C74F1E85D6AC1A57633358~DTM*232*20191104~DTM*233*20191104~SVC*HC:99214*134*97.11**1~DTM*472*20191104~CAS*CO*45*36.89~REF*6R*CPC9QM14SEGO~AMT*B6*97.11~LQ*HE*N381~CLP*000100024314*1*4*2.37*1*MC*2019311074463~NM1*QC*1*NORIEGA*JUDY*L***MR*I831249~NM1*82*1*GRONEMEYER*LEANNE*R***XX*1659521045~REF*EA*ED5AE7DFB5BF458D9DC1817FE621FA82~DTM*232*20191029~DTM*233*20191029~SVC*HC:81002*4*2.37**1~DTM*472*20191029~CAS*PR*3*1~CAS*CO*45*.63~REF*6R*CPC9UTNUWDK3~AMT*B6*3.37~LQ*HE*N381~LQ*HE*N381~CLP*000100024413*1*90*65.81**MC*2019308048100~NM1*QC*1*OLDHAM*KATHERINE*C***MR*P451572~NM1*82*1*HOOSHMAND-PARSI*KAYHOSROW****XX*1447291851~REF*EA*116252608A494C2EBB1D80E36E288E5C~DTM*232*20191031~DTM*233*20191031~SVC*HC:99213*90*65.81**1~DTM*472*20191031~CAS*CO*45*24.19~REF*6R*CPCX0YAN9J5C~AMT*B6*65.81~LQ*HE*N381~CLP*000100024377*1*90*63.81*2*MC*2019308048022~NM1*QC*1*ORNELAS*MICHAEL*A***MR*Q985383~NM1*82*1*SEARLES*DENISE*A***XX*1396971230~REF*EA*560531E12D4C493A8975A83C62B80B0C~DTM*232*20191031~DTM*233*20191031~SVC*HC:99213*90*63.81**1~DTM*472*20191031~CAS*PR*3*2~CAS*CO*45*24.19~REF*6R*CPCX7L8Z7T61~AMT*B6*65.81~LQ*HE*N381~LQ*HE*N381~CLP*000100024669*1*138*90.61**MC*2019311074307~NM1*QC*1*PACHECO*JOSEPH*L***MR*P778684~NM1*82*1*GRONEMEYER*LEANNE*R***XX*1659521045~REF*EA*C854545F17A943378D721BB66ECDCE5A~DTM*232*20191105~DTM*233*20191105~SVC*HC:99391*138*90.61**1~DTM*472*20191105~CAS*CO*45*47.39~REF*6R*CPC9J0Y8LO2W~AMT*B6*90.61~LQ*HE*N381~CLP*000100024702*1*90*65.81**MC*2019311074548~NM1*QC*1*QUINTANA*KELLI*M***MR*P696536~NM1*82*1*CADDALI*ESTRELLA*A***XX*1164974580~REF*EA*7D742E14E3334633A5D5AD3A1D96DE33~DTM*232*20191105~DTM*233*20191105~SVC*HC:99213*90*65.81**1~DTM*472*20191105~CAS*CO*45*24.19~REF*6R*CPC9GESM62LT~AMT*B6*65.81~LQ*HE*N381~CLP*000100024540*1*134*95.11*2*MC*2019310093825~NM1*QC*1*CANALES*PAULETTE****MR*O413200~NM1*74*1*REDDING CANALES**D~NM1*82*1*GRONEMEYER*LEANNE*R***XX*1659521045~REF*EA*0A88713B74A842F686D072258D478D5F~DTM*232*20191104~DTM*233*20191104~SVC*HC:99214*134*95.11**1~DTM*472*20191104~CAS*PR*3*2~CAS*CO*45*36.89~REF*6R*CPCHPLKVXDLN~AMT*B6*97.11~LQ*HE*N381~LQ*HE*N381~CLP*000100024356*1*221*119.35**MC*2019308048075~NM1*QC*1*REDFEARN*RENEE****MR*Y945019~NM1*82*1*SEARLES*DENISE*A***XX*1396971230~REF*EA*81DD24B08030472AA59F6A53A483DEAD~DTM*232*20191029~DTM*233*20191029~SVC*HC:99203:25*145*97.43**1~DTM*472*20191029~CAS*CO*45*47.57~REF*6R*CPCXBSDET4JP~AMT*B6*97.43~LQ*HE*N381~SVC*HC:H0049*36*10.92**1~DTM*472*20191029~CAS*CO*45*25.08~REF*6R*CPCX91WQKGCN~AMT*B6*10.92~LQ*HE*N381~SVC*HC:G8510*40*11**1~DTM*472*20191029~CAS*CO*45*29~REF*6R*CPCXMZKLXC6T~AMT*B6*11~LQ*HE*N381~CLP*000100024618*1*281*189.03*2*MC*2019311074356~NM1*QC*1*RICO*MARY JOE****MR*K904935~NM1*82*1*SEARLES*DENISE*A***XX*1396971230~REF*EA*3F79DC45BE4F4821BC1936109D4FB37A~DTM*232*20191105~DTM*233*20191105~SVC*HC:99204:25*205*147.59**1~DTM*472*20191105~CAS*PR*3*2~CAS*CO*45*55.41~REF*6R*CPC9XTP6UMEP~AMT*B6*149.59~LQ*HE*N381~LQ*HE*N381~SVC*HC:H0049*36*10.92**1~DTM*472*20191105~CAS*CO*45*25.08~REF*6R*CPC9HOC1QUZS~AMT*B6*10.92~LQ*HE*N381~SVC*HC:G8431*40*30.52**1~DTM*472*20191105~CAS*CO*45*9.48~REF*6R*CPC9Y2SS8J9A~AMT*B6*30.52~LQ*HE*N381~CLP*000100024404*1*255*184.33*2*MC*2019308048210~NM1*QC*1*ROMERO*MOISES*A***MR*R170894~NM1*82*1*SEARLES*DENISE*A***XX*1396971230~REF*EA*9D38BE14F929445D877968B339138B0A~DTM*232*20191031~DTM*233*20191031~SVC*HC:99205*255*184.33**1~DTM*472*20191031~CAS*PR*3*2~CAS*CO*45*68.67~REF*6R*CPCXUIPLE2QE~AMT*B6*186.33~LQ*HE*N381~LQ*HE*N381~CLP*000100024547*1*134*97.11**MC*2019310093951~NM1*QC*1*SAIS*MICHAEL*E***MR*N765754~NM1*82*1*LUCAS*PEGGI*S***XX*1366419582~REF*EA*506FAB590D4D4EB5854CE8FA20DE65B5~DTM*232*20191104~DTM*233*20191104~SVC*HC:99214*134*97.11**1~DTM*472*20191104~CAS*CO*45*36.89~REF*6R*CPCHKU7N3L37~AMT*B6*97.11~LQ*HE*N381~CLP*000100024472*1*149*105.45**MC*2019310093816~NM1*QC*1*SALAZAR*FELICIA*H***MR*G554326~NM1*82*1*KLAKER*JULIE*M***XX*1215134705~REF*EA*912B8D6C63094AB9865E770D922ABF22~DTM*232*20191101~DTM*233*20191101~SVC*HC:99214:25*134*97.11**1~DTM*472*20191101~CAS*CO*45*36.89~REF*6R*CPCHVON20X5I~AMT*B6*97.11~LQ*HE*N381~SVC*HC:81025*15*8.34**1~DTM*472*20191101~CAS*CO*45*6.66~REF*6R*CPCHMIJ78OHN~AMT*B6*8.34~LQ*HE*N381~CLP*000100024391*1*134*96.21*.9*MC*2019308048088~NM1*QC*1*SALAZAR*THOMAS*L***MR*C452323~NM1*82*1*KLAKER*JULIE*M***XX*1215134705~REF*EA*10E31C9C7CCE496083E7905956BB892E~DTM*232*20191031~DTM*233*20191031~SVC*HC:99214*134*96.21**1~DTM*472*20191031~CAS*PR*3*.9~CAS*CO*45*36.89~REF*6R*CPCXU9CYH7MM~AMT*B6*97.11~LQ*HE*N381~LQ*HE*N381~CLP*000100024448*1*134*95.11*2*MC*2019310093821~NM1*QC*1*SALAZAR*THOMAS*L***MR*C452323~NM1*82*1*KLAKER*JULIE*M***XX*1215134705~REF*EA*45FDE0CAABA546DC9F56F0D8B3649979~DTM*232*20191101~DTM*233*20191101~SVC*HC:99214*134*95.11**1~DTM*472*20191101~CAS*PR*3*2~CAS*CO*45*36.89~REF*6R*CPCHNXVC2BB2~AMT*B6*97.11~LQ*HE*N381~LQ*HE*N381~CLP*000100024684*1*149*103.45*2*MC*2019311074455~NM1*QC*1*SALAZAR QUINTANA*CELENA****MR*F923445~NM1*74*1*SALAZAR QUINTAN**N~NM1*82*1*HOOSHMAND-PARSI*KAYHOSROW****XX*1447291851~REF*EA*A4AAD0B8188349F9BF19038346C30EB6~DTM*232*20191105~DTM*233*20191105~SVC*HC:99214:25*134*95.11**1~DTM*472*20191105~CAS*PR*3*2~CAS*CO*45*36.89~REF*6R*CPC92AG6RKNB~AMT*B6*97.11~LQ*HE*N381~LQ*HE*N381~SVC*HC:81025*15*8.34**1~DTM*472*20191105~CAS*CO*45*6.66~REF*6R*CPC92IIDHZAQ~AMT*B6*8.34~LQ*HE*N381~CLP*000100024672*1*149*100.16**MC*2019311074479~NM1*QC*1*SANCHEZ*AMBER****MR*J869881~NM1*82*1*GRONEMEYER*LEANNE*R***XX*1659521045~REF*EA*119A5A1F42AF4FB1B2B37DCE82BEAF3E~DTM*232*20191105~DTM*233*20191105~SVC*HC:99214*134*97.11**1~DTM*472*20191105~CAS*CO*45*36.89~REF*6R*CPC9I1DDA2RZ~AMT*B6*97.11~LQ*HE*N381~SVC*HC:99000*15*3.05**1~DTM*472*20191105~CAS*CO*45*11.95~REF*6R*CPC9P56PR4TK~AMT*B6*3.05~LQ*HE*N381~CLP*000100024560*1*210*119.03**MC*2019311074493~NM1*QC*1*SANCHEZ*AMBER****MR*J869881~NM1*82*1*GRONEMEYER*LEANNE*R***XX*1659521045~REF*EA*04B1E5E459814E7795870AB0850AF987~DTM*232*20191104~DTM*233*20191104~SVC*HC:99214:25*134*97.11**1~DTM*472*20191104~CAS*CO*45*36.89~REF*6R*CPC9EP63RQ6T~AMT*B6*97.11~LQ*HE*N381~SVC*HC:H0049*36*10.92**1~DTM*472*20191104~CAS*CO*45*25.08~REF*6R*CPC9LJ8IQJ8X~AMT*B6*10.92~LQ*HE*N381~SVC*HC:G8510*40*11**1~DTM*472*20191104~CAS*CO*45*29~REF*6R*CPC9MGEEVCPU~AMT*B6*11~LQ*HE*N381~CLP*000100024643*1*149*103.45*2*MC*2019311074252~NM1*QC*1*SANCHEZ*YVONNE*A***MR*J289148~NM1*82*1*HOOSHMAND-PARSI*KAYHOSROW****XX*1447291851~REF*EA*055C942171D7465B843A60C747065790~DTM*232*20191105~DTM*233*20191105~SVC*HC:99214:25*134*95.11**1~DTM*472*20191105~CAS*PR*3*2~CAS*CO*45*36.89~REF*6R*CPC9W6DMO4N4~AMT*B6*97.11~LQ*HE*N381~LQ*HE*N381~SVC*HC:81025*15*8.34**1~DTM*472*20191105~CAS*CO*45*6.66~REF*6R*CPC931TCVOZT~AMT*B6*8.34~LQ*HE*N381~CLP*000100024425*1*1986*1298.65**MC*2019310082939~NM1*QC*1*SANTISTEVAN*AMANDA****MR*P421349~NM1*82*1*KLAKER*JULIE*M***XX*1215134705~REF*EA*B0DE992BFC7B48FEB25DE3AD6AF3E601~DTM*232*20191031~DTM*233*20191031~SVC*HC:99214:25*134*97.11**1~DTM*472*20191031~CAS*CO*45*36.89~REF*6R*CPCHSJWXDRBK~AMT*B6*97.11~LQ*HE*N381~SVC*HC:96372*32*0**0**1~DTM*472*20191031~CAS*CO*109*32~REF*6R*CPCH161ISY5O~LQ*HE*N381~SVC*HC:J2315*1805*1193.2**380~DTM*472*20191031~CAS*CO*45*611.8~REF*6R*CPCH3NM1CZC4~AMT*B6*1193.2~LQ*HE*N381~SVC*HC:81025*15*8.34**1~DTM*472*20191031~CAS*CO*45*6.66~REF*6R*CPCHFSAJ87KB~AMT*B6*8.34~LQ*HE*N381~CLP*000100024571*1*134*97.11**MC*2019311074504~NM1*QC*1*SANTISTEVAN*MARILYN****MR*J932671~NM1*82*1*HOOSHMAND-PARSI*KAYHOSROW****XX*1447291851~REF*EA*D6F4ED873E20433D8A67234642FFBC9B~DTM*232*20191104~DTM*233*20191104~SVC*HC:99214*134*97.11**1~DTM*472*20191104~CAS*CO*45*36.89~REF*6R*CPC928I5TACF~AMT*B6*97.11~LQ*HE*N381~CLP*000100024443*1*204*116.57**MC*2019310093914~NM1*QC*1*SHED*JESSE****MR*P437954~NM1*82*1*LUCAS*PEGGI*S***XX*1366419582~REF*EA*77CFED3FCFF64AB6BC9970E86702BE29~DTM*232*20191101~DTM*233*20191101~SVC*HC:99214:25*134*97.11**1~DTM*472*20191101~CAS*CO*45*36.89~REF*6R*CPCHY8D0NN35~AMT*B6*97.11~LQ*HE*N381~SVC*HC:90471*35*19.46**1~DTM*472*20191101~CAS*CO*45*15.54~REF*6R*CPCHQSB0KHSK~AMT*B6*19.46~LQ*HE*N381~SVC*HC:90674*35*0**1~DTM*472*20191101~CAS*CO*45*35~REF*6R*CPCH7DA3H60U~LQ*HE*N381~CLP*000100024716*1*90*63.81*2*MC*2019311074323~NM1*QC*1*SMITH*KEVIN*A***MR*P172169~NM1*82*1*HOOSHMAND-PARSI*KAYHOSROW****XX*1447291851~REF*EA*8A3E918463F6442BB2444044D6939D4F~DTM*232*20191105~DTM*233*20191105~SVC*HC:99213*90*63.81**1~DTM*472*20191105~CAS*PR*3*2~CAS*CO*45*24.19~REF*6R*CPC9TYLNCZNY~AMT*B6*65.81~LQ*HE*N381~LQ*HE*N381~CLP*000100024651*1*105*74.15**MC*2019311074310~NM1*QC*1*SOSA*KENDRA*E***MR*R268169~NM1*82*1*ROBERTS*BRAD*A***XX*1538435698~REF*EA*3B2471E367FD48ADBBEC72DFF6D469E2~DTM*232*20191105~DTM*233*20191105~SVC*HC:99213:25*90*65.81**1~DTM*472*20191105~CAS*CO*45*24.19~REF*6R*CPC9FYBWFYPU~AMT*B6*65.81~LQ*HE*N381~SVC*HC:81025*15*8.34**1~DTM*472*20191105~CAS*CO*45*6.66~REF*6R*CPC9YE5E30DC~AMT*B6*8.34~LQ*HE*N381~CLP*000100024389*1*134*97.11**MC*2019308048068~NM1*QC*1*STROMAN*LISA*K***MR*P482154~NM1*82*1*HOOSHMAND-PARSI*KAYHOSROW****XX*1447291851~REF*EA*6815B06B865E42FF89490604D9360D67~DTM*232*20191031~DTM*233*20191031~SVC*HC:99214*134*97.11**1~DTM*472*20191031~CAS*CO*45*36.89~REF*6R*CPCX8YBVDDKG~AMT*B6*97.11~LQ*HE*N381~CLP*000100024475*1*54*39.39**MC*2019310093884~NM1*QC*1*SUSEL*ANDREW****MR*P294172~NM1*82*1*CADDALI*ESTRELLA*A***XX*1164974580~REF*EA*45A1DC59942342EEA03F4C255AD188CB~DTM*232*20191101~DTM*233*20191101~SVC*HC:99212*54*39.39**1~DTM*472*20191101~CAS*CO*45*14.61~REF*6R*CPCH77J5EWY1~AMT*B6*39.39~LQ*HE*N381~CLP*000100024603*1*149*105.45**MC*2019311074239~NM1*QC*1*TABARES*ANGELA****MR*V900344~NM1*82*1*HOOSHMAND-PARSI*KAYHOSROW****XX*1447291851~REF*EA*BEE16D9DCCE34601A7BE60E2CE66865D~DTM*232*20191105~DTM*233*20191105~SVC*HC:99214:25*134*97.11**1~DTM*472*20191105~CAS*CO*45*36.89~REF*6R*CPC9IC18RBJB~AMT*B6*97.11~LQ*HE*N381~SVC*HC:81025*15*8.34**1~DTM*472*20191105~CAS*CO*45*6.66~REF*6R*CPC9X7Q5GI91~AMT*B6*8.34~LQ*HE*N381~CLP*000100024553*1*149*105.45**MC*2019311074335~NM1*QC*1*TANKSLEY*DAYSHA*A***MR*O203621~NM1*82*1*LUCAS*PEGGI*S***XX*1366419582~REF*EA*04061A4ADFA641A5AD1DC3B89DF2C9A6~DTM*232*20191104~DTM*233*20191104~SVC*HC:99214:25*134*97.11**1~DTM*472*20191104~CAS*CO*45*36.89~REF*6R*CPC96BMZYBXM~AMT*B6*97.11~LQ*HE*N381~SVC*HC:81025*15*8.34**1~DTM*472*20191104~CAS*CO*45*6.66~REF*6R*CPC9SVDL9GYL~AMT*B6*8.34~LQ*HE*N381~CLP*000100024440*1*204*138.31**MC*2019308048172~NM1*QC*1*TORBETT*JERRY*R***MR*N890040~NM1*82*1*HOOSHMAND-PARSI*KAYHOSROW****XX*1447291851~REF*EA*77AB424FFA824746A912F1AB87841334~DTM*232*20191031~DTM*233*20191031~SVC*HC:99214:25*134*97.11**1~DTM*472*20191031~CAS*CO*45*36.89~REF*6R*CPCXZEQUBIDK~AMT*B6*97.11~LQ*HE*N381~SVC*HC:90471*35*19.46**1~DTM*472*20191031~CAS*CO*45*15.54~REF*6R*CPCXAFM1SXDU~AMT*B6*19.46~LQ*HE*N381~SVC*HC:90674*35*21.74**1~DTM*472*20191031~CAS*CO*45*13.26~REF*6R*CPCXI57UCN6T~AMT*B6*21.74~LQ*HE*N381~CLP*000100024574*1*227.15*159.81**MC*2019311074297~NM1*QC*1*TOTAKHAIL*SORAIYA****MR*O814415~NM1*82*1*HOOSHMAND-PARSI*KAYHOSROW****XX*1447291851~REF*EA*A28FBBC772294CFBBA3F61D05CB66D0A~DTM*232*20191104~DTM*233*20191104~SVC*HC:99214:25*134*97.11**1~DTM*472*20191104~CAS*CO*45*36.89~REF*6R*CPC9HY0BKEX8~AMT*B6*97.11~LQ*HE*N381~SVC*HC:93000*23.15*21.5**1~DTM*472*20191104~CAS*CO*45*1.65~REF*6R*CPC9XYROS516~AMT*B6*21.5~LQ*HE*N381~SVC*HC:90471*35*19.46**1~DTM*472*20191104~CAS*CO*45*15.54~REF*6R*CPC9641X7BZP~AMT*B6*19.46~LQ*HE*N381~SVC*HC:90674*35*21.74**1~DTM*472*20191104~CAS*CO*45*13.26~REF*6R*CPC93GXC35G7~AMT*B6*21.74~LQ*HE*N381~CLP*000100024486*1*134*95.11*2*MC*2019311074377~NM1*QC*1*TUOTI*JOSEF*E***MR*R532382~NM1*82*1*KLAKER*JULIE*M***XX*1215134705~REF*EA*6FA76F69B1354691B190B38EB90CC218~DTM*232*20191101~DTM*233*20191101~SVC*HC:99214*134*95.11**1~DTM*472*20191101~CAS*PR*3*2~CAS*CO*45*36.89~REF*6R*CPC9APHGR5HP~AMT*B6*97.11~LQ*HE*N381~LQ*HE*N381~CLP*000100024416*1*149*105.45**MC*2019308047897~NM1*QC*1*VARGAS*ERIKA*A***MR*L114609~NM1*82*1*KLAKER*JULIE*M***XX*1215134705~REF*EA*ECC694BBD9F3400FB2CE6A9685DDDED9~DTM*232*20191031~DTM*233*20191031~SVC*HC:99214:25*134*97.11**1~DTM*472*20191031~CAS*CO*45*36.89~REF*6R*CPCXMURDM6A3~AMT*B6*97.11~LQ*HE*N381~SVC*HC:81025*15*8.34**1~DTM*472*20191031~CAS*CO*45*6.66~REF*6R*CPCX4QBRVSTO~AMT*B6*8.34~LQ*HE*N381~CLP*000100024522*1*134*97.11**MC*2019310093841~NM1*QC*1*VIGIL*LITHA*A***MR*Q383977~NM1*82*1*GRONEMEYER*LEANNE*R***XX*1659521045~REF*EA*8EB74DB60C9A42D58A9B04AA3C0C4365~DTM*232*20191104~DTM*233*20191104~SVC*HC:99214*134*97.11**1~DTM*472*20191104~CAS*CO*45*36.89~REF*6R*CPCHGDA4SMED~AMT*B6*97.11~LQ*HE*N381~CLP*000100024500*1*134*97.11**MC*2019310093829~NM1*QC*1*VILLASENOR*MIQUEILA*C***MR*K174349~NM1*82*1*LUCAS*PEGGI*S***XX*1366419582~REF*EA*6525CE41041D468098231929E8013171~DTM*232*20191101~DTM*233*20191101~SVC*HC:99214*134*97.11**1~DTM*472*20191101~CAS*CO*45*36.89~REF*6R*CPCHSTOLSOJC~AMT*B6*97.11~LQ*HE*N381~CLP*000100024405*1*134*97.11**MC*2019308048043~NM1*QC*1*WAL*KORRA*N***MR*P498567~NM1*82*1*SEARLES*DENISE*A***XX*1396971230~REF*EA*53C7CC0D736841A99D0FFDFDD82E6002~DTM*232*20191031~DTM*233*20191031~SVC*HC:99214*134*97.11**1~DTM*472*20191031~CAS*CO*45*36.89~REF*6R*CPCXB8NDV2YZ~AMT*B6*97.11~LQ*HE*N381~CLP*000100024533*1*134*97.11**MC*2019310093778~NM1*QC*1*WEISS*CHAD*E***MR*P402255~NM1*82*1*GRONEMEYER*LEANNE*R***XX*1659521045~REF*EA*7DE8D4651E504E26B54042020861AFCE~DTM*232*20191104~DTM*233*20191104~SVC*HC:99214*134*97.11**1~DTM*472*20191104~CAS*CO*45*36.89~REF*6R*CPCHS6WXUVBP~AMT*B6*97.11~LQ*HE*N381~CLP*000100024720*1*54*39.39**MC*2019311074528~NM1*QC*1*WILLIAMS*KRYSTAL****MR*P744738~NM1*82*1*CADDALI*ESTRELLA*A***XX*1164974580~REF*EA*B007F5D7CDB74B0882AAD1302C42DF0F~DTM*232*20191106~DTM*233*20191106~SVC*HC:99212*54*39.39**1~DTM*472*20191106~CAS*CO*45*14.61~REF*6R*CPC9I2WYHGWD~AMT*B6*39.39~LQ*HE*N381~CLP*000100024485*1*90*65.81**MC*2019310093782~NM1*QC*1*WOELFLE*FRANK*J***MR*N903082~NM1*82*1*CADDALI*ESTRELLA*A***XX*1164974580~REF*EA*A98F1982D0EE4D1A8F9095AA12EC9381~DTM*232*20191101~DTM*233*20191101~SVC*HC:99213*90*65.81**1~DTM*472*20191101~CAS*CO*45*24.19~REF*6R*CPCHFQOL500O~AMT*B6*65.81~LQ*HE*N381~CLP*000100024452*1*341*206.48**MC*2019310093940~NM1*QC*1*WOODARD*LYDIA****MR*P869732~NM1*82*1*KLAKER*JULIE*M***XX*1215134705~REF*EA*CD1A5860FA1242CBAD0B1B2F750B6A42~DTM*232*20191101~DTM*233*20191101~SVC*HC:99204:25*205*149.59**1~DTM*472*20191101~CAS*CO*45*55.41~REF*6R*CPCHOWH2CNKC~AMT*B6*149.59~LQ*HE*N381~SVC*HC:99415*45*7.11**1~DTM*472*20191101~CAS*CO*45*37.89~REF*6R*CPCHXLZ43UZE~AMT*B6*7.11~LQ*HE*N381~SVC*HC:H0049*36*10.92**1~DTM*472*20191101~CAS*CO*45*25.08~REF*6R*CPCHSTVW52VV~AMT*B6*10.92~LQ*HE*N381~SVC*HC:G8431*40*30.52**1~DTM*472*20191101~CAS*CO*45*9.48~REF*6R*CPCHYZQ2HYEC~AMT*B6*30.52~LQ*HE*N381~SVC*HC:81025*15*8.34**1~DTM*472*20191101~CAS*CO*45*6.66~REF*6R*CPCHSAVDEHTF~AMT*B6*8.34~LQ*HE*N381~CLP*000100021797*1*134*97.11**MC*2019308047935~NM1*QC*1*WYATT*MARK*A***MR*O690192~NM1*82*1*HOOSHMAND-PARSI*KAYHOSROW****XX*1447291851~REF*EA*E26CBDCD538F4F93B3CC9275A6921F1A~DTM*232*20190829~DTM*233*20190829~SVC*HC:99214*134*97.11**1~DTM*472*20190829~CAS*CO*45*36.89~REF*6R*CPCXZ8QNFGEN~AMT*B6*97.11~LQ*HE*N381~CLP*000100024566*1*149*103.45*2*MC*2019311074526~NM1*QC*1*WYATT*SERENITY*L***MR*P779049~NM1*82*1*LUCAS*PEGGI*S***XX*1366419582~REF*EA*8FE3D5C1AEEB4CEAB56E5CC995823E6D~DTM*232*20191104~DTM*233*20191104~SVC*HC:99214:25*134*95.11**1~DTM*472*20191104~CAS*PR*3*2~CAS*CO*45*36.89~REF*6R*CPC9EUG87D5F~AMT*B6*97.11~LQ*HE*N381~LQ*HE*N381~SVC*HC:81025*15*8.34**1~DTM*472*20191104~CAS*CO*45*6.66~REF*6R*CPC9ZGW8QVNS~AMT*B6*8.34~LQ*HE*N381~CLP*000100024487*1*134*97.11**MC*2019311074531~NM1*QC*1*ZUPANCIC*CARLOS*A***MR*K226313~NM1*82*1*KLAKER*JULIE*M***XX*1215134705~REF*EA*85514CE2BC934898891FE3F4E01ACDDE~DTM*232*20191101~DTM*233*20191101~SVC*HC:99214*134*97.11**1~DTM*472*20191101~CAS*CO*45*36.89~REF*6R*CPC9XQ490PPP~AMT*B6*97.11~LQ*HE*N381~CLP*000100022428*4*90*0**MC*2019310093792~NM1*QC*1*ADAMS*THEA*C***MR*P361655~NM1*82*1*CADDALI*ESTRELLA*A***XX*1164974580~REF*EA*3665E7FDE0EE411D88E15DD47181DD93~DTM*232*20190917~DTM*233*20190917~SVC*HC:99213*90*0**0**1~DTM*472*20190917~CAS*PI*16*90~REF*6R*CPCH40HRVNKI~LQ*HE*MA92~CLP*000100022190*4*134*0**MC*2019310082961~NM1*QC*1*ELROD*HARLEY*L***MR*M250014~NM1*82*1*HOOSHMAND-PARSI*KAYHOSROW****XX*1447291851~REF*EA*A478C3AF95754A09B06D1ECD292B10D3~DTM*232*20190910~DTM*233*20190910~SVC*HC:99214*134*0**0**1~DTM*472*20190910~CAS*PI*96*134~REF*6R*CPCH8GVTDP6X~LQ*HE*N30~LQ*HE*MA92~CLP*000100022034*4*134*0**MC*2019310093970~NM1*QC*1*LOVESEE*GEORGE*W***MR*I775339~NM1*82*1*GRONEMEYER*LEANNE*R***XX*1659521045~REF*EA*4EF6B10C877540C0A7478E4A11C2A6BF~DTM*232*20190905~DTM*233*20190905~SVC*HC:99214*134*0**0**1~DTM*472*20190905~CAS*PI*16*134~REF*6R*CPCHDVHJLKCL~LQ*HE*N30~LQ*HE*MA92~LQ*HE*MA92~CLP*000100022231*4*134*0**MC*2019310093955~NM1*QC*1*RUCKER*MARITTA****MR*P639220~NM1*82*1*HOOSHMAND-PARSI*KAYHOSROW****XX*1447291851~REF*EA*820D10E7F834441FBCD080511205B18F~DTM*232*20190911~DTM*233*20190911~SVC*HC:99214*134*0**0**1~DTM*472*20190911~CAS*PI*16*134~REF*6R*CPCH43JWNLQD~LQ*HE*MA92~LQ*HE*MA92~LQ*HE*MA92~LQ*HE*MA92~LQ*HE*N56~CLP*000100022121*4*134*0**MC*2019310082978~NM1*QC*1*TUCKER*MATTHEW*L***MR*P564044~NM1*82*1*HOOSHMAND-PARSI*KAYHOSROW****XX*1447291851~REF*EA*7E57EA4B66EF40A299F725A3ACC3C0C1~DTM*232*20190909~DTM*233*20190909~DTM*036*20181130~SVC*HC:99214*134*0**0**1~DTM*472*20190909~CAS*CO*26*134~REF*6R*CPCH1N8SKYI3~LQ*HE*N30~SE*2235*000010012~GE*1*200001926~IEA*1*200001926~