ISA*00*          *00*          *ZZ*COMEDASSISTPROG*ZZ*6769489        *200203*0226*^*00501*200000581*0*P*:~GS*HP*COMEDASSISTPROG*6769489*20200203*022604*200000581*X*005010X221A1~ST*835*000010012~BPR*I*20933.42*C*ACH*CCP*01*075911603*DA*00000004556640373*1811725341**01*102000076*DA*2838835219*20200203~TRN*1*000885687*1811725341~REF*EV*1508250911~DTM*405*20200131~N1*PR*CO_TXIX*XV*7912900843~N3*P.O. BOX 30~N4*DENVER*CO*80201~PER*CX*MEDICAID PROVIDER SERVICES*TE*8442352387~PER*BL*MEDICAID PROVIDER SERVICES*TE*8442352387~N1*PE*HEALTH SOLUTIONS MED CENTER*XX*1508250911~REF*TJ*841158933~LX*1~CLP*000100027753*2*90*65.57**MC*2020028001352~NM1*QC*1*AVILA*ROBERT*B***MR*F251953~NM1*82*1*LUCAS*PEGGI*S***XX*1366419582~REF*EA*E23A6EDD7ACE44168B2BADB4FF37840A~DTM*232*20200107~DTM*233*20200107~SVC*HC:99213*90*65.57**1~DTM*472*20200107~CAS*CO*45*24.43~REF*6R*CPLAW3BYBHS0~AMT*B6*65.57~LQ*HE*N381~LQ*HE*N381~CLP*000100027903*2*134*95.01**MC*2020028001355~NM1*QC*1*CHANDLER*VERONICA****MR*U875646~NM1*82*1*GRONEMEYER*LEANNE*R***XX*1659521045~REF*EA*6D330D8EEA7243C5B86E3E9BA7DC973B~DTM*232*20200109~DTM*233*20200109~SVC*HC:99214*134*95.01**1~DTM*472*20200109~CAS*CO*45*38.99~REF*6R*CPLADZBM4LYA~AMT*B6*95.01~LQ*HE*N381~LQ*HE*N381~CLP*000100021776*2*145*0**MC*2020030071233~NM1*QC*1*CLARK*PATRICK****MR*O278601~NM1*82*1*HOOSHMAND-PARSI*KAYHOSROW****XX*1447291851~REF*EA*EEAFB2309DB5417CB24C43D35F00DE01~DTM*232*20190829~DTM*233*20190829~SVC*HC:G0439:25*145*0**1~DTM*472*20190829~CAS*OA*P22*145~REF*6R*CP2X38I9AK4I~LQ*HE*MA125~CLP*000100021661*2*90*6.14**MC*2020030071370~NM1*QC*1*COOK*DAVID*T***MR*M267307~NM1*82*1*HOOSHMAND-PARSI*KAYHOSROW****XX*1447291851~REF*EA*6FEFCBEDD23A49038056D1B0D0AEFEC2~DTM*232*20190828~DTM*233*20190828~SVC*HC:99213:25*90*6.14**1~DTM*472*20190828~CAS*CO*45*83.86~REF*6R*CP2XDEUA9PRB~AMT*B6*6.14~LQ*HE*N381~LQ*HE*N381~CLP*23386*2*134*0**MC*2220030006372~NM1*QC*1*DIAZ*GEORGINA*L***MR*I770082~DTM*232*20191008~DTM*233*20191008~SVC*HC:99214*134*0**1~DTM*472*20191008~CAS*CO*45*36.89~CAS*OA*23*97.11~REF*HPI*1447291851~LQ*HE*N381~LQ*HE*N381~CLP*22944*2*180*0**MC*2220030006417~NM1*QC*1*DIAZ*GEORGINA*L***MR*I770082~DTM*232*20191008~DTM*233*20191008~SVC*HC:99215*180*0**1~DTM*472*20191008~CAS*CO*45*50.01~CAS*OA*23*129.99~REF*HPI*1447291851~LQ*HE*N381~LQ*HE*N381~CLP*22190*2*134*0**MC*2220030003927~NM1*QC*1*ELROD*HARLEY*L***MR*M250014~DTM*232*20190910~DTM*233*20190910~SVC*HC:99214*134*0**1~DTM*472*20190910~CAS*CO*45*36.89~CAS*OA*23*97.11~REF*HPI*1447291851~LQ*HE*N381~LQ*HE*N381~CLP*000100021822*2*265*7.34**MC*2020030071268~NM1*QC*1*ENCINA*MARTHA****MR*I139437~NM1*82*1*HOOSHMAND-PARSI*KAYHOSROW****XX*1447291851~REF*EA*E07DFBB81EB54953929ABE45EF2C48F8~DTM*232*20190830~DTM*233*20190830~SVC*HC:99204:25*205*0**0**1~DTM*472*20190830~CAS*PI*119*205~REF*6R*CP2XIC0TYQMB~LQ*HE*N362~LQ*HE*N56~LQ*HE*N56~LQ*HE*N381~LQ*HE*N381~SVC*HC:G0444*20*0**1~DTM*472*20190830~CAS*CO*45*20~REF*6R*CP2XLHNR3D8X~SVC*HC:G0396*40*7.34**1~DTM*472*20190830~CAS*OA*P22*32.66~REF*6R*CP2XXJOJ2XV4~AMT*B6*7.34~LQ*HE*MA125~LQ*HE*MA125~CLP*000100027906*2*134*95.01**MC*2020028001347~NM1*QC*1*GALLEGOS*PHILLIP*A***MR*H782682~NM1*82*1*CADDALI*ESTRELLA*A***XX*1164974580~REF*EA*D68CED0B76BE4E1B9646ABB3E29DC4B1~DTM*232*20200109~DTM*233*20200109~SVC*HC:99214*134*95.01**1~DTM*472*20200109~CAS*CO*45*38.99~REF*6R*CPLAVCH05QNP~AMT*B6*95.01~LQ*HE*N381~LQ*HE*N381~CLP*000100022019*2*134*9.79**MC*2020030071318~NM1*QC*1*GARCIA*LONNIE****MR*A671148~NM1*82*1*HOOSHMAND-PARSI*KAYHOSROW****XX*1447291851~REF*EA*AF9D2F08F6EF46CC8DBCD51CF96C1DB8~DTM*232*20190905~DTM*233*20190905~SVC*HC:99214*134*9.79**1~DTM*472*20190905~CAS*CO*45*124.21~REF*6R*CP2XTEDFVMWM~AMT*B6*9.79~LQ*HE*N381~LQ*HE*N381~CLP*000100021796*2*54*3.07**MC*2020030071163~NM1*QC*1*GEIMAUSADDLE*BRUCE****MR*P819513~NM1*82*1*HOOSHMAND-PARSI*KAYHOSROW****XX*1447291851~REF*EA*61A42EEB3CF24CC987458983DF27FD25~DTM*232*20190829~DTM*233*20190829~SVC*HC:99212*54*3.07**1~DTM*472*20190829~CAS*CO*45*50.93~REF*6R*CP2XAWTOK947~AMT*B6*3.07~LQ*HE*N381~LQ*HE*N381~CLP*000100028111*2*134*97.11**MC*2020031009717~NM1*QC*1*HELLERICH*GREGG****MR*G051852~NM1*82*1*HOOSHMAND-PARSI*KAYHOSROW****XX*1447291851~REF*EA*A8DD16C233A34D6FA970AA9D7A30B5CA~DTM*232*20200113~DTM*233*20200113~SVC*HC:99214*134*97.11**1~DTM*472*20200113~CAS*CO*45*36.89~REF*6R*CPM67TM84DPR~AMT*B6*97.11~LQ*HE*N381~CLP*000100022108*2*90*6.14**MC*2020030071353~NM1*QC*1*HUBBARD*LORI****MR*K898939~NM1*82*1*HOOSHMAND-PARSI*KAYHOSROW****XX*1447291851~REF*EA*EE76EC20AEBD4F8A8E22298FEB7A9370~DTM*232*20190909~DTM*233*20190909~SVC*HC:99213:25*90*6.14**1~DTM*472*20190909~CAS*CO*45*83.86~REF*6R*CP2XBNXHVZU7~AMT*B6*6.14~LQ*HE*N381~LQ*HE*N381~CLP*000100027857*2*90*65.57**MC*2020028001348~NM1*QC*1*LOPEZ*JOSE*T***MR*I605668~NM1*82*1*CADDALI*ESTRELLA*A***XX*1164974580~REF*EA*037379B6BFBE44A88678E9E917015269~DTM*232*20200108~DTM*233*20200108~SVC*HC:99213*90*65.57**1~DTM*472*20200108~CAS*CO*45*24.43~REF*6R*CPLA38ZUD0SB~AMT*B6*65.57~LQ*HE*N381~LQ*HE*N381~CLP*22034*2*134*0**MC*2220030004169~NM1*QC*1*LOVESEE*GEORGE****MR*I775339~DTM*232*20190905~DTM*233*20190905~SVC*HC:99214*134*0**1~DTM*472*20190905~CAS*CO*45*36.89~CAS*OA*23*97.11~REF*HPI*1659521045~LQ*HE*N381~LQ*HE*N381~CLP*000100028185*2*134*95.01**MC*2020031009714~NM1*QC*1*PLEASANTS*DAVID*E***MR*O659677~NM1*82*1*SEARLES*DENISE*A***XX*1396971230~REF*EA*E7CCD6CB980249338D330CB3EC6DC5E8~DTM*232*20200114~DTM*233*20200114~SVC*HC:99214*134*95.01**1~DTM*472*20200114~CAS*CO*45*38.99~REF*6R*CPM6LBIOLP5L~AMT*B6*95.01~LQ*HE*N381~LQ*HE*N381~CLP*000100022107*2*134*9.79**MC*2020030071343~NM1*QC*1*RADCLIFFE*SUSAN*F***MR*U132709~NM1*82*1*HOOSHMAND-PARSI*KAYHOSROW****XX*1447291851~REF*EA*B6BBDC2FA7964390B0C92330C54DF42E~DTM*232*20190909~DTM*233*20190909~SVC*HC:99214*134*9.79**1~DTM*472*20190909~CAS*CO*45*124.21~REF*6R*CP2XPQFW6TDJ~AMT*B6*9.79~LQ*HE*N381~LQ*HE*N381~CLP*23737*2*134*0**MC*2220030007112~NM1*QC*1*TRUJILLO*YOLANDA*M***MR*J869832~DTM*232*20191015~DTM*233*20191015~SVC*HC:99214*134*0**1~DTM*472*20191015~CAS*CO*45*36.89~CAS*OA*23*97.11~REF*HPI*1164974580~LQ*HE*N381~LQ*HE*N381~CLP*25079*2*134*0**MC*2220030007160~NM1*QC*1*TRUJILLO*YOLANDA*M***MR*J869832~DTM*232*20191112~DTM*233*20191112~SVC*HC:99214*134*0**1~DTM*472*20191112~CAS*CO*45*36.89~CAS*OA*23*97.11~REF*HPI*1164974580~LQ*HE*N381~LQ*HE*N381~CLP*000100026909*2*90*6.14**MC*2020028059742~NM1*QC*1*WHITNEY*CHARLOTTE****MR*H858516~NM1*82*1*HOOSHMAND-PARSI*KAYHOSROW****XX*1447291851~REF*EA*6DDD9E7C4494446DBB15BC79D34EFDCE~DTM*232*20191217~DTM*233*20191217~SVC*HC:99213:25*90*6.14**1~DTM*472*20191217~CAS*CO*45*83.86~REF*6R*CPM2X8UZ3REA~AMT*B6*6.14~LQ*HE*N381~LQ*HE*N381~CLP*000100021748*2*134*9.79**MC*2020030071238~NM1*QC*1*WHITNEY*CHARLOTTE****MR*H858516~NM1*82*1*HOOSHMAND-PARSI*KAYHOSROW****XX*1447291851~REF*EA*0D870DAA077B4F0D9266C30AE865E7DD~DTM*232*20190829~DTM*233*20190829~SVC*HC:99214*134*9.79**1~DTM*472*20190829~CAS*CO*45*124.21~REF*6R*CP2X95YRBPKU~AMT*B6*9.79~LQ*HE*N381~LQ*HE*N381~CLP*000100027268*2*315*42.23**MC*2020028001356~NM1*QC*1*ZAMORA*KATHERINE*M***MR*Q701830~NM1*82*1*LUCAS*PEGGI*S***XX*1366419582~REF*EA*4908258757C241E6905E9FA7AB0708C5~DTM*232*20191227~DTM*233*20191227~SVC*HC:99205:25*255*35.99**1~DTM*472*20191227~CAS*CO*45*219.01~REF*6R*CPKUTKWVPNH8~AMT*B6*35.99~LQ*HE*N381~LQ*HE*N381~SVC*HC:G0444*20*0**1~DTM*472*20191227~CAS*CO*45*20~REF*6R*CPKUP211AZI8~SVC*HC:G0396*40*6.24**1~DTM*472*20191227~CAS*OA*P22*33.76~REF*6R*CPKUBNN2WQ1H~AMT*B6*6.24~LQ*HE*MA125~CLP*000100021676*4*145*0**MC*2020030071336~NM1*QC*1*COLLIER*COLE*T***MR*Y002360~NM1*82*1*HOOSHMAND-PARSI*KAYHOSROW****XX*1447291851~REF*EA*67871A45ABFF4A2E9C47B9E6B7062391~DTM*232*20190828~DTM*233*20190828~SVC*HC:99203*145*0**0**1~DTM*472*20190828~CAS*OA*23*145~REF*6R*CP2XTSMVO66S~LQ*HE*N362~LQ*HE*MA130~LQ*HE*N56~LQ*HE*N381~LQ*HE*N381~CLP*000100021960*4*90*0**MC*2020030071313~NM1*QC*1*DOYLE*JAMES****MR*P777747~NM1*82*1*HOOSHMAND-PARSI*KAYHOSROW****XX*1447291851~REF*EA*21538AFDE3CA41339CC150A0DEC409B2~DTM*232*20190904~DTM*233*20190904~SVC*HC:99213*90*0**0**1~DTM*472*20190904~CAS*PI*119*90~REF*6R*CP2XIF591FEU~LQ*HE*N362~LQ*HE*N381~LQ*HE*N381~CLP*000100021907*4*90*0**MC*2020030071248~NM1*QC*1*GREEN*DAVID****MR*N673974~NM1*82*1*HOOSHMAND-PARSI*KAYHOSROW****XX*1447291851~REF*EA*2CD762D7ECB64B238CC6C9CBB69F0BEF~DTM*232*20190903~DTM*233*20190903~SVC*HC:99213*90*0**0**1~DTM*472*20190903~CAS*PI*119*90~REF*6R*CP2XMZ6A7ORH~LQ*HE*N362~LQ*HE*N56~LQ*HE*N381~LQ*HE*N381~CLP*000100021800*4*134*0**MC*2020030071347~NM1*QC*1*HILL HALVERSON*SANDRA*L***MR*Y313251~NM1*74*1*HALVERSON~NM1*82*1*HOOSHMAND-PARSI*KAYHOSROW****XX*1447291851~REF*EA*CA75C31969D24C9897D8CC8123D85F02~DTM*232*20190829~DTM*233*20190829~SVC*HC:99214*134*0**0**1~DTM*472*20190829~CAS*OA*23*134~REF*6R*CP2XAUBZ4AW2~LQ*HE*MA130~LQ*HE*N381~LQ*HE*N381~CLP*000100023814*4*90*0**MC*2020030061409~NM1*QC*1*VALDEZ*SONIA*A***MR*F174874~NM1*82*1*KLAKER*JULIE*M***XX*1215134705~DTM*232*20191016~DTM*233*20191016~SVC*HC:99213:25*90*0**0**1~DTM*472*20191016~CAS*PI*16*90~LQ*HE*M47~CLP*000100023814*22*-90*-12.94**MC*2019315043029~NM1*QC*1*VALDEZ MARTINEZ*SONIA****MR*F174874~NM1*74*1*VALDEZ**A~NM1*82*1*KLAKER*JULIE*M***XX*1215134705~REF*EA*3575F1C4E27C4278B5C29A82E65B50E1~DTM*232*20191016~DTM*233*20191016~SVC*HC:99213:25*-90*-12.94**1~DTM*472*20191016~CAS*CO*45*-77.06~REF*6R*CPDLCBY5IJUH~AMT*B6*12.94~LQ*HE*N381~LQ*HE*N381~CLP*000100023814*4*90*0**MC*5920030012789~NM1*QC*1*VALDEZ MARTINEZ*SONIA****MR*F174874~NM1*74*1*VALDEZ**A~NM1*82*1*KLAKER*JULIE*M***XX*1215134705~REF*EA*3575F1C4E27C4278B5C29A82E65B50E1~DTM*232*20191016~DTM*233*20191016~SVC*HC:99213:25*90*0**1~DTM*472*20191016~CAS*CO*129*90~REF*6R*CPDLCBY5IJUH~LQ*HE*N59~CLP*000100028286*1*165*107.82**MC*2020028059821~NM1*QC*1*AMWAY*AMANDA****MR*P598268~NM1*82*1*LUCAS*PEGGI*S***XX*1366419582~REF*EA*0CB026DF5691497B94A76F8B4FD5BFB7~DTM*232*20200115~DTM*233*20200115~SVC*HC:99395*165*107.82**1~DTM*472*20200115~CAS*CO*45*57.18~REF*6R*CPM220U3KKDM~AMT*B6*107.82~LQ*HE*N381~CLP*000100023090*1*155*63.81*2*MC*2020030071471~NM1*QC*1*ARAGON*VICTORIA*E***MR*G735675~NM1*82*1*HOOSHMAND-PARSI*KAYHOSROW****XX*1447291851~REF*EA*0C6E9DFBC876477798B8272E5740C5D1~DTM*232*20191002~DTM*233*20191002~SVC*HC:99213:25*90*63.81**1~DTM*472*20191002~CAS*PR*3*2~CAS*CO*45*24.19~REF*6R*CP2X7AO4UN43~AMT*B6*65.81~LQ*HE*N381~LQ*HE*N381~SVC*HC:90471*35*0**0**1~DTM*472*20191002~CAS*OA*18*35~REF*6R*CP2X2C156K3T~LQ*HE*N56~LQ*HE*N381~SVC*HC:90756*30*0**0**1~DTM*472*20191002~CAS*OA*18*30~REF*6R*CP2XK2WF7GGC~LQ*HE*N56~LQ*HE*N381~CLP*000100028263*1*134*97.11**MC*2020028059882~NM1*QC*1*ARCHULETA*DAVID*M***MR*D940730~NM1*82*1*SEARLES*DENISE*A***XX*1396971230~REF*EA*92C12B019ECB46388621EE5F50388054~DTM*232*20200115~DTM*233*20200115~SVC*HC:99214*134*97.11**1~DTM*472*20200115~CAS*CO*45*36.89~REF*6R*CPM2E5VTJNH5~AMT*B6*97.11~LQ*HE*N381~CLP*000100027885*1*149*105.53**MC*2020028059905~NM1*QC*1*AVILA*KRISTA*M***MR*K943511~NM1*82*1*SEARLES*DENISE*A***XX*1396971230~REF*EA*07F57021592749A59CB7F852CD089B1E~DTM*232*20200109~DTM*233*20200109~SVC*HC:99214:25*134*97.11**1~DTM*472*20200109~CAS*CO*45*36.89~REF*6R*CPM2UUWMA4CY~AMT*B6*97.11~LQ*HE*N77~LQ*HE*N381~SVC*HC:81025*15*8.42**1~DTM*472*20200109~CAS*CO*45*6.58~REF*6R*CPM21K5HU4LZ~AMT*B6*8.42~LQ*HE*N77~LQ*HE*N381~CLP*000100028373*1*149*105.53**MC*2020028059907~NM1*QC*1*AVILA*KRISTA*M***MR*K943511~NM1*82*1*SEARLES*DENISE*A***XX*1396971230~REF*EA*F6B324C8CAA343878EC221F49CF7CBA5~DTM*232*20200116~DTM*233*20200116~SVC*HC:99214:25*134*97.11**1~DTM*472*20200116~CAS*CO*45*36.89~REF*6R*CPM22THW6ZFD~AMT*B6*97.11~LQ*HE*N77~LQ*HE*N381~SVC*HC:81025*15*8.42**1~DTM*472*20200116~CAS*CO*45*6.58~REF*6R*CPM2DSTESYWV~AMT*B6*8.42~LQ*HE*N77~LQ*HE*N381~CLP*000100028523*1*211*108.57**MC*2020028059948~NM1*QC*1*AYERS*ADRIAN****MR*P567582~NM1*82*1*SEARLES*DENISE*A***XX*1396971230~REF*EA*1D1D7E9D43D343429E173AC7FA406CAA~DTM*232*20200121~DTM*233*20200121~SVC*HC:99202:25*135*67.13**1~DTM*472*20200121~CAS*CO*45*67.87~REF*6R*CPM20E56CFDI~AMT*B6*67.13~LQ*HE*N381~SVC*HC:H0049*36*10.92**1~DTM*472*20200121~CAS*CO*45*25.08~REF*6R*CPM2SHCTB6XW~AMT*B6*10.92~LQ*HE*N381~SVC*HC:G8431*40*30.52**1~DTM*472*20200121~CAS*CO*45*9.48~REF*6R*CPM2SVJ7UV56~AMT*B6*30.52~LQ*HE*N381~CLP*000100023108*1*134*97.11**MC*2020030071531~NM1*QC*1*BAKER*TYRIE*R***MR*Q329871~NM1*82*1*HOOSHMAND-PARSI*KAYHOSROW****XX*1447291851~REF*EA*AED99BD2D1434941BD7F136BDCEE8F66~DTM*232*20191002~DTM*233*20191002~SVC*HC:99214*134*97.11**1~DTM*472*20191002~CAS*CO*45*36.89~REF*6R*CP2XSWX0GPZP~AMT*B6*97.11~LQ*HE*N381~CLP*000100028375*1*149*105.53**MC*2020028059977~NM1*QC*1*BANKSTON*AMANDA*M***MR*G892642~NM1*82*1*SEARLES*DENISE*A***XX*1396971230~REF*EA*CC3C60A0354F485CA97F9C1E0B3A4D25~DTM*232*20200116~DTM*233*20200116~SVC*HC:99214:25*134*97.11**1~DTM*472*20200116~CAS*CO*45*36.89~REF*6R*CPM2DDV1KDVW~AMT*B6*97.11~LQ*HE*N77~LQ*HE*N381~SVC*HC:81025*15*8.42**1~DTM*472*20200116~CAS*CO*45*6.58~REF*6R*CPM2VZOOT7Y1~AMT*B6*8.42~LQ*HE*N77~LQ*HE*N381~CLP*000100028522*1*391*243.3**MC*2020028059895~NM1*QC*1*BARELA*DESTINI*N***MR*G221337~NM1*82*1*LUCAS*PEGGI*S***XX*1366419582~REF*EA*2A4B73532D3D46E9AEB9471F1B22F744~DTM*232*20200121~DTM*233*20200121~SVC*HC:99205:25*255*186.33**1~DTM*472*20200121~CAS*CO*45*68.67~REF*6R*CPM2ZV92ND2B~AMT*B6*186.33~LQ*HE*N77~LQ*HE*N381~SVC*HC:99415*45*7.11**1~DTM*472*20200121~CAS*CO*45*37.89~REF*6R*CPM272070W2W~AMT*B6*7.11~LQ*HE*N77~LQ*HE*N381~SVC*HC:H0049*36*10.92**1~DTM*472*20200121~CAS*CO*45*25.08~REF*6R*CPM2HSRE9GUC~AMT*B6*10.92~LQ*HE*N77~LQ*HE*N381~SVC*HC:G8431*40*30.52**1~DTM*472*20200121~CAS*CO*45*9.48~REF*6R*CPM2LCGAD6B7~AMT*B6*30.52~LQ*HE*N77~LQ*HE*N381~SVC*HC:81025*15*8.42**1~DTM*472*20200121~CAS*CO*45*6.58~REF*6R*CPM2PPZ4D9VS~AMT*B6*8.42~LQ*HE*N77~LQ*HE*N381~CLP*000100028583*1*149*103.53*2*MC*2020028059962~NM1*QC*1*BASSETT*JENNIFER*M***MR*W073216~NM1*82*1*GRONEMEYER*LEANNE*R***XX*1659521045~REF*EA*0A0E7210F7144409A7302AD85A9E91FB~DTM*232*20200122~DTM*233*20200122~SVC*HC:99214:25*134*95.11**1~DTM*472*20200122~CAS*PR*3*2~CAS*CO*45*36.89~REF*6R*CPM2KKXIW0IC~AMT*B6*97.11~LQ*HE*N77~LQ*HE*N381~LQ*HE*N381~SVC*HC:81025*15*8.42**1~DTM*472*20200122~CAS*CO*45*6.58~REF*6R*CPM2904RJZGK~AMT*B6*8.42~LQ*HE*N77~LQ*HE*N381~CLP*000100028638*1*90*65.81**MC*2020028059933~NM1*QC*1*BENTLEY*REBECCA*R***MR*P629844~NM1*82*1*CADDALI*ESTRELLA*A***XX*1164974580~REF*EA*996CEB8FBD2049439DEF4D2F1504C82B~DTM*232*20200122~DTM*233*20200122~SVC*HC:99213*90*65.81**1~DTM*472*20200122~CAS*CO*45*24.19~REF*6R*CPM22SZ0IO7X~AMT*B6*65.81~LQ*HE*N381~CLP*000100028568*1*134*97.11**MC*2020028060027~NM1*QC*1*BIEKER*SUSAN****MR*D791521~NM1*82*1*CADDALI*ESTRELLA*A***XX*1164974580~REF*EA*8AB1CA6DFFBD4C088BC9A91E8756DDA2~DTM*232*20200121~DTM*233*20200121~SVC*HC:99214*134*97.11**1~DTM*472*20200121~CAS*CO*45*36.89~REF*6R*CPM2TG5QBS3Z~AMT*B6*97.11~LQ*HE*N381~CLP*000100028336*1*149*97.11**MC*2020028059841~NM1*QC*1*BOULIER*JEWEL*R***MR*W913486~NM1*82*1*SEARLES*DENISE*A***XX*1396971230~REF*EA*C2DC2E76F90F4E729EAEE002EFD702B3~DTM*232*20200116~DTM*233*20200116~SVC*HC:99214:25*134*97.11**1~DTM*472*20200116~CAS*CO*45*36.89~REF*6R*CPM206QXTETC~AMT*B6*97.11~LQ*HE*N77~LQ*HE*N381~SVC*HC:81025*15*0**0**1~DTM*472*20200116~CAS*OA*18*15~REF*6R*CPM2ECOOEX0U~LQ*HE*N77~LQ*HE*N56~LQ*HE*N381~CLP*25978*1*496*300.82**MC*2220028006747~NM1*QC*1*BURNS*KYRA*J***MR*O410409~DTM*232*20191202~DTM*233*20191202~SVC*HC:99214:25:FP*134*119.65**1~DTM*472*20191202~CAS*CO*45*14.35~REF*HPI*1659521045~AMT*B6*119.65~LQ*HE*N381~SVC*HC:11982:FP*180*172.75**1~DTM*472*20191202~CAS*CO*45*7.25~REF*HPI*1659521045~AMT*B6*172.75~LQ*HE*N381~LQ*HE*N381~SVC*HC:96372:FP*32*0**0**1~DTM*472*20191202~CAS*PI*97*32~REF*HPI*1659521045~LQ*HE*N20~LQ*HE*N381~SVC*HC:J1050:FP*135*0**0**1~DTM*472*20191202~CAS*PI*16*135~REF*HPI*1659521045~LQ*HE*M119~LQ*HE*N381~SVC*HC:81025:FP*15*8.42**1~DTM*472*20191202~CAS*CO*45*6.58~REF*HPI*1659521045~AMT*B6*8.42~LQ*HE*N381~CLP*000100028417*1*90*65.81**MC*2020028060031~NM1*QC*1*CABELLO*ANNE*L***MR*J047769~NM1*82*1*CADDALI*ESTRELLA*A***XX*1164974580~REF*EA*511EDB9A18FC4DC18CEC3ED656BB0576~DTM*232*20200117~DTM*233*20200117~SVC*HC:99213*90*65.81**1~DTM*472*20200117~CAS*CO*45*24.19~REF*6R*CPM2G6CI0WTQ~AMT*B6*65.81~LQ*HE*N381~CLP*000100028081*1*149*105.53**MC*2020028060007~NM1*QC*1*CALDERON*DAVINA*R***MR*J450070~NM1*82*1*HOOSHMAND-PARSI*KAYHOSROW****XX*1447291851~REF*EA*CA2EE2DA44AF42B9ADD47C8FEC42A863~DTM*232*20200113~DTM*233*20200113~SVC*HC:99214:25*134*97.11**1~DTM*472*20200113~CAS*CO*45*36.89~REF*6R*CPM217WQTMAC~AMT*B6*97.11~LQ*HE*N77~LQ*HE*N381~SVC*HC:81025*15*8.42**1~DTM*472*20200113~CAS*CO*45*6.58~REF*6R*CPM221QVUL7I~AMT*B6*8.42~LQ*HE*N77~LQ*HE*N381~CLP*000100028389*1*149*105.53**MC*2020028059869~NM1*QC*1*CAMPBELL*TAMMY*L***MR*Y574975~NM1*82*1*SEARLES*DENISE*A***XX*1396971230~REF*EA*B1D21108D26949B9B2864005FA547F53~DTM*232*20200117~DTM*233*20200117~SVC*HC:99214:25*134*97.11**1~DTM*472*20200117~CAS*CO*45*36.89~REF*6R*CPM2SVP5LTYT~AMT*B6*97.11~LQ*HE*N77~LQ*HE*N381~SVC*HC:81025*15*8.42**1~DTM*472*20200117~CAS*CO*45*6.58~REF*6R*CPM2F59WRELT~AMT*B6*8.42~LQ*HE*N77~LQ*HE*N381~CLP*000100028252*1*134*97.11**MC*2020028059873~NM1*QC*1*CAMPBELL*TAMMY*L***MR*Y574975~NM1*82*1*LUCAS*PEGGI*S***XX*1366419582~REF*EA*A3302AC63DA242EABE970E5D3B1B7EF2~DTM*232*20200115~DTM*233*20200115~SVC*HC:99214*134*97.11**1~DTM*472*20200115~CAS*CO*45*36.89~REF*6R*CPM2IB41AGWN~AMT*B6*97.11~LQ*HE*N381~CLP*000100028626*1*134*97.11**MC*2020028059818~NM1*QC*1*CARDINAL*CRISTINA*R***MR*N436588~NM1*82*1*LUCAS*PEGGI*S***XX*1366419582~REF*EA*A9A8C528223A4C8884C9F0C6AC88CBD7~DTM*232*20200122~DTM*233*20200122~SVC*HC:99214*134*97.11**1~DTM*472*20200122~CAS*CO*45*36.89~REF*6R*CPM2W1XVFY3R~AMT*B6*97.11~LQ*HE*N381~CLP*000100028531*1*134*97.11**MC*2020028059967~NM1*QC*1*CASACK*JACOB****MR*Y190717~NM1*82*1*LUCAS*PEGGI*S***XX*1366419582~REF*EA*C1371A8EFE064415B91C462CECE3E96E~DTM*232*20200121~DTM*233*20200121~SVC*HC:99214*134*97.11**1~DTM*472*20200121~CAS*CO*45*36.89~REF*6R*CPM2DJXK5V2V~AMT*B6*97.11~LQ*HE*N77~LQ*HE*N381~CLP*000100023138*1*134*97.11**MC*2020030071405~NM1*QC*1*CASACK*JACOB****MR*Y190717~NM1*82*1*HOOSHMAND-PARSI*KAYHOSROW****XX*1447291851~REF*EA*923C8C5ADDF94A1EB650DAFF1E91A763~DTM*232*20191002~DTM*233*20191002~SVC*HC:99214*134*97.11**1~DTM*472*20191002~CAS*CO*45*36.89~REF*6R*CP2XBLQA67Q6~AMT*B6*97.11~LQ*HE*N381~CLP*000100028423*1*90*63.81*2*MC*2020028060062~NM1*QC*1*CASTANO*CLAUDIA****MR*O821512~NM1*82*1*CADDALI*ESTRELLA*A***XX*1164974580~REF*EA*C12D26F5CEFE4F65838F8DCA687E3FC0~DTM*232*20200117~DTM*233*20200117~SVC*HC:99213*90*63.81**1~DTM*472*20200117~CAS*PR*3*2~CAS*CO*45*24.19~REF*6R*CPM2R2UIY9P3~AMT*B6*65.81~LQ*HE*N381~LQ*HE*N381~CLP*000100028189*1*149*128.07**MC*2020028059781~NM1*QC*1*CHATMAN*BRITTANY*C***MR*Y447314~NM1*82*1*SEARLES*DENISE*A***XX*1396971230~REF*EA*A5F56CB8C1D143B8907FC33B8937EC0E~DTM*232*20200114~DTM*233*20200114~SVC*HC:99214:25:FP*134*119.65**1~DTM*472*20200114~CAS*CO*45*14.35~REF*6R*CPM23CIB1Q60~AMT*B6*119.65~LQ*HE*N381~SVC*HC:81025:FP*15*8.42**1~DTM*472*20200114~CAS*CO*45*6.58~REF*6R*CPM2Q2UXPNKN~AMT*B6*8.42~LQ*HE*N381~CLP*000100028480*1*149*105.53**MC*2020028059927~NM1*QC*1*CHAVEZ*CELINA*A***MR*I557323~NM1*82*1*LUCAS*PEGGI*S***XX*1366419582~REF*EA*8534C07977024C7CBF3399383169E368~DTM*232*20200120~DTM*233*20200120~SVC*HC:99214:25*134*97.11**1~DTM*472*20200120~CAS*CO*45*36.89~REF*6R*CPM2MKN569G4~AMT*B6*97.11~LQ*HE*N77~LQ*HE*N381~SVC*HC:81025*15*8.42**1~DTM*472*20200120~CAS*CO*45*6.58~REF*6R*CPM2SRP62SEQ~AMT*B6*8.42~LQ*HE*N77~LQ*HE*N381~CLP*000100028358*1*134*97.11**MC*2020028059786~NM1*QC*1*CHAVEZ*MELISSA****MR*J002962~NM1*82*1*SEARLES*DENISE*A***XX*1396971230~REF*EA*1BE49B9FADE24C8786C683CAE20CB133~DTM*232*20200116~DTM*233*20200116~SVC*HC:99214*134*97.11**1~DTM*472*20200116~CAS*CO*45*36.89~REF*6R*CPM24GEGFY3W~AMT*B6*97.11~LQ*HE*N77~LQ*HE*N381~CLP*000100022892*1*105*8.42**MC*2020030071243~NM1*QC*1*CHAVEZ*MELISSA****MR*J002962~NM1*82*1*HOOSHMAND-PARSI*KAYHOSROW****XX*1447291851~REF*EA*C63F8CE263B04DC9AA7B7FC88096B25F~DTM*232*20190927~DTM*233*20190927~SVC*HC:99213:25*90*0**0**1~DTM*472*20190927~CAS*PI*119*90~REF*6R*CP2XF0PY0XD9~LQ*HE*N362~LQ*HE*N381~SVC*HC:81025*15*8.42**1~DTM*472*20190927~CAS*CO*45*6.58~REF*6R*CP2XCG9510BR~AMT*B6*8.42~LQ*HE*N381~CLP*000100028529*1*90*65.81**MC*2020028060029~NM1*QC*1*COBERLY*DOUGLAS*D***MR*R899013~NM1*82*1*GRONEMEYER*LEANNE*R***XX*1659521045~REF*EA*81DDB4C5B7534CA89CF92E6842249987~DTM*232*20200121~DTM*233*20200121~SVC*HC:99213*90*65.81**1~DTM*472*20200121~CAS*CO*45*24.19~REF*6R*CPM22F7PK5I5~AMT*B6*65.81~LQ*HE*N77~LQ*HE*N381~CLP*000100028462*1*105*72.23*2*MC*2020028059793~NM1*QC*1*CRAMER*CHELSEA*C***MR*G314138~NM1*82*1*LUCAS*PEGGI*S***XX*1366419582~REF*EA*E117455FBF684101B738AF2EFEDAC1CE~DTM*232*20200120~DTM*233*20200120~SVC*HC:99213:25*90*63.81**1~DTM*472*20200120~CAS*PR*3*2~CAS*CO*45*24.19~REF*6R*CPM2AZIVYDIU~AMT*B6*65.81~LQ*HE*N77~LQ*HE*N381~LQ*HE*N381~SVC*HC:81025*15*8.42**1~DTM*472*20200120~CAS*CO*45*6.58~REF*6R*CPM27M30IAW4~AMT*B6*8.42~LQ*HE*N77~LQ*HE*N381~CLP*000100028460*1*134*97.11**MC*2020028059867~NM1*QC*1*CRUZ*MARIAH****MR*U875752~NM1*82*1*LUCAS*PEGGI*S***XX*1366419582~REF*EA*13B8369B62C1434D979D3D176D38CBBC~DTM*232*20200120~DTM*233*20200120~SVC*HC:99214*134*97.11**1~DTM*472*20200120~CAS*CO*45*36.89~REF*6R*CPM207S5XLFP~AMT*B6*97.11~LQ*HE*N77~LQ*HE*N381~CLP*000100023113*1*134*97.11**MC*2020030071296~NM1*QC*1*CRUZ*MARIAH****MR*U875752~NM1*82*1*HOOSHMAND-PARSI*KAYHOSROW****XX*1447291851~REF*EA*6E42147580E24C48A675F0462BCF23DA~DTM*232*20191002~DTM*233*20191002~SVC*HC:99214*134*97.11**1~DTM*472*20191002~CAS*CO*45*36.89~REF*6R*CP2XWM3MOE8J~AMT*B6*97.11~LQ*HE*N381~CLP*000100028359*1*134*97.11**MC*2020028059861~NM1*QC*1*DAVIS*KELLY****MR*W637291~NM1*82*1*GRONEMEYER*LEANNE*R***XX*1659521045~REF*EA*B7EB356B673F436C8F5D03380912A27B~DTM*232*20200116~DTM*233*20200116~SVC*HC:99214*134*97.11**1~DTM*472*20200116~CAS*CO*45*36.89~REF*6R*CPM2VPKPCHCJ~AMT*B6*97.11~LQ*HE*N381~CLP*000100028452*1*134*97.11**MC*2020028060039~NM1*QC*1*DAY*TROI*L***MR*P719426~NM1*82*1*GRONEMEYER*LEANNE*R***XX*1659521045~REF*EA*E63DF04EEA08423EAC59C911345527A0~DTM*232*20200120~DTM*233*20200120~SVC*HC:99214*134*97.11**1~DTM*472*20200120~CAS*CO*45*36.89~REF*6R*CPM2CA2SV625~AMT*B6*97.11~LQ*HE*N381~CLP*000100028070*1*1986*1294.93**MC*2020028060021~NM1*QC*1*DIAMOND*MICHELLE*R***MR*I424730~NM1*82*1*LUCAS*PEGGI*S***XX*1366419582~REF*EA*2F441895FC99413CB28D50BF5D521686~DTM*232*20200113~DTM*233*20200113~SVC*HC:99214:25*134*97.11**1~DTM*472*20200113~CAS*CO*45*36.89~REF*6R*CPM2PF1ZYOOV~AMT*B6*97.11~LQ*HE*N77~LQ*HE*N381~SVC*HC:96372*32*0**0**1~DTM*472*20200113~CAS*CO*109*32~REF*6R*CPM2U2P8UUWN~LQ*HE*N77~LQ*HE*N381~SVC*HC:J2315*1805*1189.4**380~DTM*472*20200113~CAS*CO*45*615.6~REF*6R*CPM2TRJ6IWC4~AMT*B6*1189.4~LQ*HE*N77~LQ*HE*N381~SVC*HC:81025*15*8.42**1~DTM*472*20200113~CAS*CO*45*6.58~REF*6R*CPM2IMQTMNOO~AMT*B6*8.42~LQ*HE*N77~LQ*HE*N381~CLP*000100028193*1*134*97.11**MC*2020028060069~NM1*QC*1*DIAZ*DOMINIC*M***MR*U857412~NM1*82*1*LUCAS*PEGGI*S***XX*1366419582~REF*EA*96A3B290719145BC9ACF3A3CFB17D717~DTM*232*20200114~DTM*233*20200114~SVC*HC:99214*134*97.11**1~DTM*472*20200114~CAS*CO*45*36.89~REF*6R*CPM2ECKJV4YS~AMT*B6*97.11~LQ*HE*N381~CLP*000100028474*1*90*65.81**MC*2020028060070~NM1*QC*1*DIAZ*DOMINIC*M***MR*U857412~NM1*82*1*LUCAS*PEGGI*S***XX*1366419582~REF*EA*269B8238928646F9B79F2557CB61C36E~DTM*232*20200120~DTM*233*20200120~SVC*HC:99213*90*65.81**1~DTM*472*20200120~CAS*CO*45*24.19~REF*6R*CPM2EZOI6XVV~AMT*B6*65.81~LQ*HE*N77~LQ*HE*N381~CLP*000100028527*1*330*199.54*2*MC*2020028059878~NM1*QC*1*DONOHUE*DENNIS****MR*I666454~NM1*82*1*GRONEMEYER*LEANNE*R***XX*1659521045~REF*EA*3DC79C8744B44C9A8864550DB53384C1~DTM*232*20200121~DTM*233*20200121~SVC*HC:99204:25*205*147.59**1~DTM*472*20200121~CAS*PR*3*2~CAS*CO*45*55.41~REF*6R*CPM2ZUB2T9AA~AMT*B6*149.59~LQ*HE*N77~LQ*HE*N381~LQ*HE*N381~SVC*HC:99415*45*7.11**1~DTM*472*20200121~CAS*CO*45*37.89~REF*6R*CPM2UK6U4TDA~AMT*B6*7.11~LQ*HE*N77~LQ*HE*N381~SVC*HC:H0049*36*10.92**1~DTM*472*20200121~CAS*CO*45*25.08~REF*6R*CPM25Q28DRNN~AMT*B6*10.92~LQ*HE*N77~LQ*HE*N381~SVC*HC:G8431*40*30.52**1~DTM*472*20200121~CAS*CO*45*9.48~REF*6R*CPM2UA9W8KA1~AMT*B6*30.52~LQ*HE*N77~LQ*HE*N381~SVC*HC:81002*4*3.4**1~DTM*472*20200121~CAS*CO*45*.6~REF*6R*CPM2SCVV0VTQ~AMT*B6*3.4~LQ*HE*N77~LQ*HE*N381~CLP*000100022883*1*134*97.11**MC*2020030071272~NM1*QC*1*DURAN*ALVIN*R***MR*W176209~NM1*82*1*HOOSHMAND-PARSI*KAYHOSROW****XX*1447291851~REF*EA*BF94932AC8E242CD91258339CC1F5BEC~DTM*232*20190926~DTM*233*20190926~SVC*HC:99214*134*97.11**1~DTM*472*20190926~CAS*CO*45*36.89~REF*6R*CP2XELQH600A~AMT*B6*97.11~LQ*HE*N381~CLP*000100028265*1*296*199.45**MC*2020028059971~NM1*QC*1*DURAN*CANDICE*M***MR*M631635~NM1*82*1*GRONEMEYER*LEANNE*R***XX*1659521045~REF*EA*B9051C1B9DB749A693E61C2CDBCFF48A~DTM*232*20200115~DTM*233*20200115~SVC*HC:99204:25*205*149.59**1~DTM*472*20200115~CAS*CO*45*55.41~REF*6R*CPM29XJA1EYH~AMT*B6*149.59~LQ*HE*N77~LQ*HE*N381~SVC*HC:81025*15*8.42**1~DTM*472*20200115~CAS*CO*45*6.58~REF*6R*CPM209MZBV9A~AMT*B6*8.42~LQ*HE*N77~LQ*HE*N381~SVC*HC:H0049*36*10.92**1~DTM*472*20200115~CAS*CO*45*25.08~REF*6R*CPM26XMJNC5I~AMT*B6*10.92~LQ*HE*N77~LQ*HE*N381~SVC*HC:G8431*40*30.52**1~DTM*472*20200115~CAS*CO*45*9.48~REF*6R*CPM2U9FBFR8I~AMT*B6*30.52~LQ*HE*N77~LQ*HE*N381~CLP*000100028482*1*134*97.11**MC*2020028059974~NM1*QC*1*EARP*SAMANTHA*J***MR*G171512~NM1*82*1*LUCAS*PEGGI*S***XX*1366419582~REF*EA*BDC421230E0745079FAC25580DED9843~DTM*232*20200120~DTM*233*20200120~SVC*HC:99214*134*97.11**1~DTM*472*20200120~CAS*CO*45*36.89~REF*6R*CPM2VAMQVCZ4~AMT*B6*97.11~LQ*HE*N77~LQ*HE*N381~CLP*000100028498*1*149*105.53**MC*2020028059803~NM1*QC*1*EHLERS*DESIREE*F***MR*P131523~NM1*82*1*LUCAS*PEGGI*S***XX*1366419582~REF*EA*6168303B259D4A84A79B991191EE2303~DTM*232*20200121~DTM*233*20200121~SVC*HC:99214:25*134*97.11**1~DTM*472*20200121~CAS*CO*45*36.89~REF*6R*CPM29M7UI0MB~AMT*B6*97.11~LQ*HE*N77~LQ*HE*N381~SVC*HC:81025*15*8.42**1~DTM*472*20200121~CAS*CO*45*6.58~REF*6R*CPM2S9GHWGDU~AMT*B6*8.42~LQ*HE*N77~LQ*HE*N381~CLP*000100028330*1*90*65.81**MC*2020028060004~NM1*QC*1*ELLISON*TRACY****MR*Y263234~NM1*82*1*HOOSHMAND-PARSI*KAYHOSROW****XX*1447291851~REF*EA*75EF5E9B273D489D8D2DBFCBA36B40F6~DTM*232*20200116~DTM*233*20200116~SVC*HC:99213*90*65.81**1~DTM*472*20200116~CAS*CO*45*24.19~REF*6R*CPM2XIPZVFYS~AMT*B6*65.81~LQ*HE*N381~CLP*000100028269*1*105*74.23**MC*2020028059744~NM1*QC*1*FIORINI*CHRISTENA*E***MR*Y109693~NM1*82*1*GRONEMEYER*LEANNE*R***XX*1659521045~REF*EA*2F3CB6A2A23B44AA96B37DFD4020B548~DTM*232*20200115~DTM*233*20200115~SVC*HC:99213:25*90*65.81**1~DTM*472*20200115~CAS*CO*45*24.19~REF*6R*CPM20K20CTUG~AMT*B6*65.81~LQ*HE*N77~LQ*HE*N381~SVC*HC:81025*15*8.42**1~DTM*472*20200115~CAS*CO*45*6.58~REF*6R*CPM2VHAFYVX7~AMT*B6*8.42~LQ*HE*N77~LQ*HE*N381~CLP*000100027892*1*105*74.23**MC*2020028059763~NM1*QC*1*FIORINI*CHRISTENA*E***MR*Y109693~NM1*82*1*GRONEMEYER*LEANNE*R***XX*1659521045~REF*EA*B98A788FA8A64711ACBB599311A37AF3~DTM*232*20200109~DTM*233*20200109~SVC*HC:99213:25*90*65.81**1~DTM*472*20200109~CAS*CO*45*24.19~REF*6R*CPM2D3NF12PJ~AMT*B6*65.81~LQ*HE*N77~LQ*HE*N381~SVC*HC:81025*15*8.42**1~DTM*472*20200109~CAS*CO*45*6.58~REF*6R*CPM2S7V6O9OW~AMT*B6*8.42~LQ*HE*N77~LQ*HE*N381~CLP*000100023080*1*149*97.11**MC*2020030071164~NM1*QC*1*FIORINI*CHRISTENA*E***MR*Y109693~NM1*82*1*HOOSHMAND-PARSI*KAYHOSROW****XX*1447291851~REF*EA*F7600796926440479C94119FEBD736F6~DTM*232*20191002~DTM*233*20191002~SVC*HC:99214:25*134*97.11**1~DTM*472*20191002~CAS*CO*45*36.89~REF*6R*CP2X6KQXKQ6M~AMT*B6*97.11~LQ*HE*N381~SVC*HC:81025*15*0**0**1~DTM*472*20191002~CAS*OA*18*15~REF*6R*CP2X4MNY8EG2~LQ*HE*N56~LQ*HE*N381~CLP*000100028585*1*134*97.11**MC*2020028060051~NM1*QC*1*FLORES*JOE*F***MR*P507699~NM1*82*1*CADDALI*ESTRELLA*A***XX*1164974580~REF*EA*3A4BBC49B0184A95B4D6CCC77DF0207B~DTM*232*20200122~DTM*233*20200122~SVC*HC:99214*134*97.11**1~DTM*472*20200122~CAS*CO*45*36.89~REF*6R*CPM2BTBEFBAM~AMT*B6*97.11~LQ*HE*N381~CLP*000100028618*1*134*95.11*2*MC*2020028060032~NM1*QC*1*FOOS*JAMES****MR*R151415~NM1*82*1*LUCAS*PEGGI*S***XX*1366419582~REF*EA*FAC2C9C83EDB445CAA1259D5A84F2801~DTM*232*20200122~DTM*233*20200122~SVC*HC:99214*134*95.11**1~DTM*472*20200122~CAS*PR*3*2~CAS*CO*45*36.89~REF*6R*CPM2IVEXOFYK~AMT*B6*97.11~LQ*HE*N381~LQ*HE*N381~CLP*000100027831*1*380*238.28**MC*2020028060036~NM1*QC*1*FRANKMORE*CONNER****MR*G888118~NM1*82*1*GRONEMEYER*LEANNE*R***XX*1659521045~REF*EA*73CF9E1AEBBB415ABE422035ABE3C7E1~DTM*232*20200108~DTM*233*20200108~SVC*HC:99205:25*255*186.33**1~DTM*472*20200108~CAS*CO*45*68.67~REF*6R*CPM21JSKNDIN~AMT*B6*186.33~LQ*HE*N77~LQ*HE*N381~SVC*HC:99415*45*7.11**1~DTM*472*20200108~CAS*CO*45*37.89~REF*6R*CPM25XDJBMQA~AMT*B6*7.11~LQ*HE*N77~LQ*HE*N381~SVC*HC:H0049*36*10.92**1~DTM*472*20200108~CAS*CO*45*25.08~REF*6R*CPM22HQHOG1P~AMT*B6*10.92~LQ*HE*N77~LQ*HE*N381~SVC*HC:G8431*40*30.52**1~DTM*472*20200108~CAS*CO*45*9.48~REF*6R*CPM2HSTJJ373~AMT*B6*30.52~LQ*HE*N77~LQ*HE*N381~SVC*HC:81002*4*3.4**1~DTM*472*20200108~CAS*CO*45*.6~REF*6R*CPM2C7R5N0Y9~AMT*B6*3.4~LQ*HE*N77~LQ*HE*N381~CLP*000100028471*1*331*207.27*.98*MC*2020028060024~NM1*QC*1*GALLEGOS*ERNEST*J***MR*K349263~NM1*82*1*LUCAS*PEGGI*S***XX*1366419582~REF*EA*3409DDF40CDD4C6DB4E1F42775AE71D3~DTM*232*20200120~DTM*233*20200120~SVC*HC:99205:25*255*185.35**1~DTM*472*20200120~CAS*PR*3*.98~CAS*CO*45*68.67~REF*6R*CPM20I7CNFU4~AMT*B6*186.33~LQ*HE*N77~LQ*HE*N381~LQ*HE*N381~SVC*HC:H0049*36*10.92**1~DTM*472*20200120~CAS*CO*45*25.08~REF*6R*CPM2SP63MY5K~AMT*B6*10.92~LQ*HE*N77~LQ*HE*N381~SVC*HC:G8510*40*11**1~DTM*472*20200120~CAS*CO*45*29~REF*6R*CPM2U3QO5S10~AMT*B6*11~LQ*HE*N77~LQ*HE*N381~CLP*000100028307*1*149*105.53**MC*2020028059837~NM1*QC*1*GALLUZZO*KATHERINE*P***MR*C651916~NM1*82*1*SEARLES*DENISE*A***XX*1396971230~REF*EA*0A09ACDEC2424DEA94FED5B0C0DE984B~DTM*232*20200116~DTM*233*20200116~SVC*HC:99214:25*134*97.11**1~DTM*472*20200116~CAS*CO*45*36.89~REF*6R*CPM2ENGM4DSU~AMT*B6*97.11~LQ*HE*N77~LQ*HE*N381~SVC*HC:81025*15*8.42**1~DTM*472*20200116~CAS*CO*45*6.58~REF*6R*CPM28TPRWPMI~AMT*B6*8.42~LQ*HE*N77~LQ*HE*N381~CLP*000100023022*1*198.48*97.11**MC*2020030071483~NM1*QC*1*GALYON*MICHAEL*K***MR*P707696~NM1*82*1*HOOSHMAND-PARSI*KAYHOSROW****XX*1447291851~REF*EA*878BC2A84B43442D9CB13E539E193854~DTM*232*20191001~DTM*233*20191001~SVC*HC:99214:25*134*97.11**1~DTM*472*20191001~CAS*CO*45*36.89~REF*6R*CP2X91JKAF0T~AMT*B6*97.11~LQ*HE*N381~SVC*HC:90471*34.48*0**0**1~DTM*472*20191001~CAS*OA*18*34.48~REF*6R*CP2XKZ0ZPJBH~LQ*HE*N56~LQ*HE*N381~SVC*HC:90756*30*0**0**1~DTM*472*20191001~CAS*OA*18*30~REF*6R*CP2XVJZLGBMB~LQ*HE*N56~LQ*HE*N381~CLP*000100028513*1*296*179.93**MC*2020028059782~NM1*QC*1*GAMBOA*NADINE****MR*Q771262~NM1*82*1*GRONEMEYER*LEANNE*R***XX*1659521045~REF*EA*FB48085CC2254A22B258D8C2D93101CB~DTM*232*20200121~DTM*233*20200121~SVC*HC:99204:25*205*149.59**1~DTM*472*20200121~CAS*CO*45*55.41~REF*6R*CPM24Z3E539Z~AMT*B6*149.59~LQ*HE*N77~LQ*HE*N381~SVC*HC:H0049*36*10.92**1~DTM*472*20200121~CAS*CO*45*25.08~REF*6R*CPM2TJN9PAX6~AMT*B6*10.92~LQ*HE*N77~LQ*HE*N381~SVC*HC:G8510*40*11**1~DTM*472*20200121~CAS*CO*45*29~REF*6R*CPM2YEVDGQ7R~AMT*B6*11~LQ*HE*N77~LQ*HE*N381~SVC*HC:81025*15*8.42**1~DTM*472*20200121~CAS*CO*45*6.58~REF*6R*CPM21TL20BCN~AMT*B6*8.42~LQ*HE*N77~LQ*HE*N381~CLP*000100028020*1*134*97.11**MC*2020028060052~NM1*QC*1*GARCIA*JUAN*D***MR*J195774~NM1*82*1*GRONEMEYER*LEANNE*R***XX*1659521045~REF*EA*D4A3DF02F5694237821BC7AE4536E955~DTM*232*20200113~DTM*233*20200113~SVC*HC:99214*134*97.11**1~DTM*472*20200113~CAS*CO*45*36.89~REF*6R*CPM2KCU1IHW9~AMT*B6*97.11~LQ*HE*N381~CLP*000100028442*1*134*97.11**MC*2020028059789~NM1*QC*1*GARCIA*MARIO****MR*D425963~NM1*82*1*LUCAS*PEGGI*S***XX*1366419582~REF*EA*81AB1A403F8645C7BA7CB028653B9364~DTM*232*20200120~DTM*233*20200120~SVC*HC:99214*134*97.11**1~DTM*472*20200120~CAS*CO*45*36.89~REF*6R*CPM254TFVNC1~AMT*B6*97.11~LQ*HE*N77~LQ*HE*N381~CLP*000100022385*1*76*30.52**MC*2020030071250~NM1*QC*1*GARCIA*MARIO****MR*D425963~NM1*82*1*HOOSHMAND-PARSI*KAYHOSROW****XX*1447291851~REF*EA*96842EE5FEE849FF9BF1D3F40A1F9F45~DTM*232*20190916~DTM*233*20190916~SVC*HC:H0049*36*0**0**1~DTM*472*20190916~CAS*PI*96*36~REF*6R*CP2XMKE63O34~LQ*HE*N30~LQ*HE*N381~SVC*HC:G8431*40*30.52**1~DTM*472*20190916~CAS*CO*45*9.48~REF*6R*CP2XEFUNRL0Y~AMT*B6*30.52~LQ*HE*N381~CLP*000100023117*1*337*81.55**MC*2020030071392~NM1*QC*1*GONZALES*KINDREA*A***MR*Y596852~NM1*82*1*HOOSHMAND-PARSI*KAYHOSROW****XX*1447291851~REF*EA*22539EC3547A4AB8BEA298F996929073~DTM*232*20191002~DTM*233*20191002~SVC*HC:99213:25:FP*90*81.55**1~DTM*472*20191002~CAS*CO*45*8.45~REF*6R*CP2XC1W3BRAM~AMT*B6*81.55~LQ*HE*N381~SVC*HC:96372:FP*32*0**0**1~DTM*472*20191002~CAS*OA*18*32~REF*6R*CP2XRP7FKAK6~LQ*HE*N381~SVC*HC:J1050:FP*135*0**0**150~DTM*472*20191002~CAS*OA*18*135~REF*6R*CP2X5NHGEJOT~LQ*HE*N381~SVC*HC:81025:FP*15*0**0**1~DTM*472*20191002~CAS*OA*18*15~REF*6R*CP2XT8LCRY08~LQ*HE*N381~SVC*HC:90471:FP*35*0**0**1~DTM*472*20191002~CAS*OA*18*35~REF*6R*CP2X1A2DKX7C~LQ*HE*N381~SVC*HC:90756:FP*30*0**0**1~DTM*472*20191002~CAS*OA*18*30~REF*6R*CP2XTMAQRLD3~LQ*HE*N381~CLP*000100028277*1*134*97.11**MC*2020028059940~NM1*QC*1*GONZALEZ*GLORIA*K***MR*P854556~NM1*82*1*HOOSHMAND-PARSI*KAYHOSROW****XX*1447291851~REF*EA*A3C0F21DFEA94E08A503445226257E04~DTM*232*20200115~DTM*233*20200115~SVC*HC:99214*134*97.11**1~DTM*472*20200115~CAS*CO*45*36.89~REF*6R*CPM2KJ8U0NAD~AMT*B6*97.11~LQ*HE*N381~CLP*000100028502*1*109*75.63*2*MC*2020028059798~NM1*QC*1*HALL*KRISTINA*K***MR*S324169~NM1*82*1*CADDALI*ESTRELLA*A***XX*1164974580~REF*EA*ACD24CCB81F5451DA3AD63A1A8D96850~DTM*232*20200121~DTM*233*20200121~SVC*HC:99213:25*90*63.81**1~DTM*472*20200121~CAS*PR*3*2~CAS*CO*45*24.19~REF*6R*CPM2WW22352C~AMT*B6*65.81~LQ*HE*N381~LQ*HE*N381~SVC*HC:81002*4*3.4**1~DTM*472*20200121~CAS*CO*45*.6~REF*6R*CPM2H59L8XF9~AMT*B6*3.4~LQ*HE*N381~SVC*HC:81025*15*8.42**1~DTM*472*20200121~CAS*CO*45*6.58~REF*6R*CPM2JEWEAY0J~AMT*B6*8.42~LQ*HE*N381~CLP*000100028141*1*90*65.81**MC*2020028059767~NM1*QC*1*HARDIE*JONATHAN*D***MR*G661013~NM1*82*1*HOOSHMAND-PARSI*KAYHOSROW****XX*1447291851~REF*EA*1DF48DC66FA442CF82240E555805298F~DTM*232*20200114~DTM*233*20200114~SVC*HC:99213*90*65.81**1~DTM*472*20200114~CAS*CO*45*24.19~REF*6R*CPM2LQJ8BQDR~AMT*B6*65.81~LQ*HE*N77~LQ*HE*N381~CLP*000100028543*1*175*114.94**MC*2020028059823~NM1*QC*1*HARRIS*ANGELA****MR*J327161~NM1*82*1*CADDALI*ESTRELLA*A***XX*1164974580~REF*EA*B27ED4ADB9DF455AA12815A8D3E3B410~DTM*232*20200121~DTM*233*20200121~SVC*HC:99396*175*114.94**1~DTM*472*20200121~CAS*CO*45*60.06~REF*6R*CPM2ALK17IVI~AMT*B6*114.94~LQ*HE*N381~CLP*000100028614*1*134*97.11**MC*2020028059839~NM1*QC*1*HERRERA*CLAUDIA****MR*K156429~NM1*82*1*SEARLES*DENISE*A***XX*1396971230~REF*EA*B2E5111E68F14CA8A19E5BDA771B1C44~DTM*232*20200122~DTM*233*20200122~SVC*HC:99214*134*97.11**1~DTM*472*20200122~CAS*CO*45*36.89~REF*6R*CPM2PWF8EAOV~AMT*B6*97.11~LQ*HE*N381~CLP*000100028606*1*134*97.11**MC*2020028059769~NM1*QC*1*HERRERA*CLORINDA*E***MR*C652229~NM1*82*1*LUCAS*PEGGI*S***XX*1366419582~REF*EA*E32D614154FE4B5287DE6DE637CC0A42~DTM*232*20200122~DTM*233*20200122~SVC*HC:99214*134*97.11**1~DTM*472*20200122~CAS*CO*45*36.89~REF*6R*CPM24RH885ND~AMT*B6*97.11~LQ*HE*N381~CLP*000100028503*1*149*105.53**MC*2020028059937~NM1*QC*1*HOWARD*CLAUDIA*M***MR*Y099982~NM1*82*1*LUCAS*PEGGI*S***XX*1366419582~REF*EA*B0E06B6A22A449D39CE05B74640D37B2~DTM*232*20200121~DTM*233*20200121~SVC*HC:99214:25*134*97.11**1~DTM*472*20200121~CAS*CO*45*36.89~REF*6R*CPM2IT88LP9B~AMT*B6*97.11~LQ*HE*N77~LQ*HE*N381~SVC*HC:81025*15*8.42**1~DTM*472*20200121~CAS*CO*45*6.58~REF*6R*CPM2I9VU7FK5~AMT*B6*8.42~LQ*HE*N77~LQ*HE*N381~CLP*000100028420*1*90*65.81**MC*2020028060053~NM1*QC*1*HYNDMAN*DEVIN****MR*L572566~NM1*82*1*SEARLES*DENISE*A***XX*1396971230~REF*EA*6649CE6322AB43EF96150DD7D8018EA4~DTM*232*20200117~DTM*233*20200117~SVC*HC:99213*90*65.81**1~DTM*472*20200117~CAS*CO*45*24.19~REF*6R*CPM2F6QCIAYS~AMT*B6*65.81~LQ*HE*N381~CLP*000100023118*1*138*95.11*2*MC*2020030071357~NM1*QC*1*JOHNSON*LASHAWN****MR*J148245~NM1*82*1*HOOSHMAND-PARSI*KAYHOSROW****XX*1447291851~REF*EA*FC3BDD27A87C43D88BD9CA09B90E75E9~DTM*232*20191002~DTM*233*20191002~SVC*HC:99214:25*134*95.11**1~DTM*472*20191002~CAS*PR*3*2~CAS*CO*45*36.89~REF*6R*CP2XMV0666X9~AMT*B6*97.11~LQ*HE*N381~LQ*HE*N381~SVC*HC:81002*4*0**0**1~DTM*472*20191002~CAS*OA*18*4~REF*6R*CP2XSC0GUK5Y~LQ*HE*N56~LQ*HE*N381~CLP*000100028448*1*134*97.11**MC*2020028060011~NM1*QC*1*JOHNSON*NORA****MR*J694925~NM1*82*1*GRONEMEYER*LEANNE*R***XX*1659521045~REF*EA*A3CDC3E7FD1542FD8C330ABCD45B3D6C~DTM*232*20200120~DTM*233*20200120~SVC*HC:99214*134*97.11**1~DTM*472*20200120~CAS*CO*45*36.89~REF*6R*CPM206IUC4RE~AMT*B6*97.11~LQ*HE*N381~CLP*000100028485*1*149*105.53**MC*2020028059916~NM1*QC*1*JOHNSON*TIFFANY*S***MR*L497210~NM1*82*1*LUCAS*PEGGI*S***XX*1366419582~REF*EA*035E926E4E8C4045940DF016F3DEC71E~DTM*232*20200120~DTM*233*20200120~SVC*HC:99214:25*134*97.11**1~DTM*472*20200120~CAS*CO*45*36.89~REF*6R*CPM2432LBO7I~AMT*B6*97.11~LQ*HE*N77~LQ*HE*N381~SVC*HC:81025*15*8.42**1~DTM*472*20200120~CAS*CO*45*6.58~REF*6R*CPM2ZBOBXEOZ~AMT*B6*8.42~LQ*HE*N77~LQ*HE*N381~CLP*000100028419*1*175*114.94**MC*2020028059911~NM1*QC*1*JONES*EDWIN****MR*O753803~NM1*82*1*SEARLES*DENISE*A***XX*1396971230~REF*EA*EBA4A01C82584AD3AFEC86C2F7D73D52~DTM*232*20200117~DTM*233*20200117~SVC*HC:99396*175*114.94**1~DTM*472*20200117~CAS*CO*45*60.06~REF*6R*CPM2WNSBOLWV~AMT*B6*114.94~LQ*HE*N381~CLP*000100028331*1*210*119.03**MC*2020028059893~NM1*QC*1*JONES*SUSAN****MR*S608074~NM1*82*1*GRONEMEYER*LEANNE*R***XX*1659521045~REF*EA*AFB2B1C50ACA48D3954DA80BE10D9747~DTM*232*20200116~DTM*233*20200116~SVC*HC:99214:25*134*97.11**1~DTM*472*20200116~CAS*CO*45*36.89~REF*6R*CPM2S3QW524Q~AMT*B6*97.11~LQ*HE*N381~SVC*HC:H0049*36*10.92**1~DTM*472*20200116~CAS*CO*45*25.08~REF*6R*CPM2CREYRK8I~AMT*B6*10.92~LQ*HE*N381~SVC*HC:G8510*40*11**1~DTM*472*20200116~CAS*CO*45*29~REF*6R*CPM2VYB22V9A~AMT*B6*11~LQ*HE*N381~CLP*000100028422*1*134*97.11**MC*2020028059959~NM1*QC*1*KEENEY*AMBER*D***MR*G217802~NM1*82*1*CADDALI*ESTRELLA*A***XX*1164974580~REF*EA*A4A93310F49E482FB796EEA528B82538~DTM*232*20200117~DTM*233*20200117~SVC*HC:99214*134*97.11**1~DTM*472*20200117~CAS*CO*45*36.89~REF*6R*CPM2BPNGNDX5~AMT*B6*97.11~LQ*HE*N381~CLP*000100028488*1*90*65.81**MC*2020028060010~NM1*QC*1*KERK*GAVEN****MR*G980839~NM1*82*1*LUCAS*PEGGI*S***XX*1366419582~REF*EA*ACAED9EC069244AEB778454D8B4B19CB~DTM*232*20200120~DTM*233*20200120~SVC*HC:99213*90*65.81**1~DTM*472*20200120~CAS*CO*45*24.19~REF*6R*CPM2I5IDNH4F~AMT*B6*65.81~LQ*HE*N381~CLP*000100028514*1*211*108.57**MC*2020028060001~NM1*QC*1*KERK*JENNA****MR*Y931418~NM1*82*1*SEARLES*DENISE*A***XX*1396971230~REF*EA*E7DCFDF764BD4AB1A2AA3BC4CDF9C9BC~DTM*232*20200121~DTM*233*20200121~SVC*HC:99202:25*135*67.13**1~DTM*472*20200121~CAS*CO*45*67.87~REF*6R*CPM2F1MT3TX2~AMT*B6*67.13~LQ*HE*N381~SVC*HC:H0049*36*10.92**1~DTM*472*20200121~CAS*CO*45*25.08~REF*6R*CPM2Q9EMOSRB~AMT*B6*10.92~LQ*HE*N381~SVC*HC:G8431*40*30.52**1~DTM*472*20200121~CAS*CO*45*9.48~REF*6R*CPM2A14A3B7Z~AMT*B6*30.52~LQ*HE*N381~CLP*000100028544*1*134*97.11**MC*2020028059880~NM1*QC*1*KRAUS*JESSICA*J***MR*P248782~NM1*82*1*SEARLES*DENISE*A***XX*1396971230~REF*EA*040FB2A1ED0141CDAC0BE3CBB9B2D878~DTM*232*20200121~DTM*233*20200121~SVC*HC:99214*134*97.11**1~DTM*472*20200121~CAS*CO*45*36.89~REF*6R*CPM22UE7DXPJ~AMT*B6*97.11~LQ*HE*N381~CLP*000100028431*1*134*97.11**MC*2020028059985~NM1*QC*1*LARKINS*AMANDA****MR*Y703807~NM1*82*1*LUCAS*PEGGI*S***XX*1366419582~REF*EA*A770697AEB4145299A6F20A066D7D883~DTM*232*20200117~DTM*233*20200117~SVC*HC:99214*134*97.11**1~DTM*472*20200117~CAS*CO*45*36.89~REF*6R*CPM2BV8C0TWD~AMT*B6*97.11~LQ*HE*N381~CLP*000100028408*1*255*186.33**MC*2020028060064~NM1*QC*1*LOBERG*JACK*D***MR*L114948~NM1*82*1*SEARLES*DENISE*A***XX*1396971230~REF*EA*C3D3FE604AD54B17BB0B6F0D7940553D~DTM*232*20200117~DTM*233*20200117~SVC*HC:99205*255*186.33**1~DTM*472*20200117~CAS*CO*45*68.67~REF*6R*CPM25CUR69ZW~AMT*B6*186.33~LQ*HE*N77~LQ*HE*N381~CLP*000100028537*1*149*105.53**MC*2020028059912~NM1*QC*1*LONGORIA*JULIE*A***MR*D395679~NM1*82*1*LUCAS*PEGGI*S***XX*1366419582~REF*EA*21757804775B4A40969B8D01DF696650~DTM*232*20200121~DTM*233*20200121~SVC*HC:99214:25*134*97.11**1~DTM*472*20200121~CAS*CO*45*36.89~REF*6R*CPM2NGDR4RUQ~AMT*B6*97.11~LQ*HE*N77~LQ*HE*N381~SVC*HC:81025*15*8.42**1~DTM*472*20200121~CAS*CO*45*6.58~REF*6R*CPM2AWY9DHMK~AMT*B6*8.42~LQ*HE*N77~LQ*HE*N381~CLP*000100028387*1*134*97.11**MC*2020028059887~NM1*QC*1*LOPEZ*NICK*A***MR*N301220~NM1*82*1*SEARLES*DENISE*A***XX*1396971230~REF*EA*3494C9CD3A9449139B2CDCB8F20F2A11~DTM*232*20200117~DTM*233*20200117~SVC*HC:99214*134*97.11**1~DTM*472*20200117~CAS*CO*45*36.89~REF*6R*CPM2ADPZC5PL~AMT*B6*97.11~LQ*HE*N77~LQ*HE*N381~CLP*000100023105*1*105*74.23**MC*2020030071324~NM1*QC*1*LOPEZ*SASHA****MR*F271845~NM1*82*1*HOOSHMAND-PARSI*KAYHOSROW****XX*1447291851~REF*EA*98FF2EAAC6DF4D1CB0419B19AB5D5C34~DTM*232*20191002~DTM*233*20191002~SVC*HC:99213:25*90*65.81**1~DTM*472*20191002~CAS*CO*45*24.19~REF*6R*CP2XTG0CYGD1~AMT*B6*65.81~LQ*HE*N381~SVC*HC:81025*15*8.42**1~DTM*472*20191002~CAS*CO*45*6.58~REF*6R*CP2XCMNS1QYX~AMT*B6*8.42~LQ*HE*N381~CLP*000100028451*1*90*65.81**MC*2020028059833~NM1*QC*1*LORETO*JOSHUA*R***MR*E192810~NM1*82*1*LUCAS*PEGGI*S***XX*1366419582~REF*EA*AA740D0E828043AAB16142CF29A0EA32~DTM*232*20200120~DTM*233*20200120~SVC*HC:99213*90*65.81**1~DTM*472*20200120~CAS*CO*45*24.19~REF*6R*CPM292L22B5I~AMT*B6*65.81~LQ*HE*N77~LQ*HE*N381~CLP*000100028234*1*211*89.05**MC*2020028060049~NM1*QC*1*LUCERO*ELISABETH*A***MR*K606365~NM1*82*1*SEARLES*DENISE*A***XX*1396971230~REF*EA*E6DFF19A88424392A67213B823CC6A30~DTM*232*20200115~DTM*233*20200115~SVC*HC:99202:25*135*67.13**1~DTM*472*20200115~CAS*CO*45*67.87~REF*6R*CPM2E6JG8OC2~AMT*B6*67.13~LQ*HE*N381~SVC*HC:H0049*36*10.92**1~DTM*472*20200115~CAS*CO*45*25.08~REF*6R*CPM2Z2GA1MOO~AMT*B6*10.92~LQ*HE*N381~SVC*HC:G8510*40*11**1~DTM*472*20200115~CAS*CO*45*29~REF*6R*CPM2TJHDA1GH~AMT*B6*11~LQ*HE*N381~CLP*000100028515*1*145*97.43**MC*2020028060073~NM1*QC*1*LYNCH*ELIJAH****MR*G951908~NM1*82*1*CADDALI*ESTRELLA*A***XX*1164974580~REF*EA*9879D744CA8844F6802C24959A2F7827~DTM*232*20200121~DTM*233*20200121~SVC*HC:99203*145*97.43**1~DTM*472*20200121~CAS*CO*45*47.57~REF*6R*CPM2K2HLIDMR~AMT*B6*97.43~LQ*HE*N381~CLP*000100023103*1*94*69.21**MC*2020030071420~NM1*QC*1*MAES*ODEAN****MR*J060945~NM1*82*1*HOOSHMAND-PARSI*KAYHOSROW****XX*1447291851~REF*EA*E43A91D7B3984EE8AC85052DA9C671CE~DTM*232*20191002~DTM*233*20191002~SVC*HC:99213:25*90*65.81**1~DTM*472*20191002~CAS*CO*45*24.19~REF*6R*CP2XLY3LL7HJ~AMT*B6*65.81~LQ*HE*N381~SVC*HC:81002*4*3.4**1~DTM*472*20191002~CAS*CO*45*.6~REF*6R*CP2XYLFYL9W1~AMT*B6*3.4~LQ*HE*N381~CLP*000100028530*1*90*65.81**MC*2020028060074~NM1*QC*1*MAES*TRAVIS****MR*Y376459~NM1*82*1*GRONEMEYER*LEANNE*R***XX*1659521045~REF*EA*DE84ACFBFB08465DA3545B435EEFBA75~DTM*232*20200121~DTM*233*20200121~SVC*HC:99213*90*65.81**1~DTM*472*20200121~CAS*CO*45*24.19~REF*6R*CPM2T59699GG~AMT*B6*65.81~LQ*HE*N77~LQ*HE*N381~CLP*000100028497*1*134*95.11*2*MC*2020028059944~NM1*QC*1*MALONE*CAROL*I***MR*E322615~NM1*82*1*CADDALI*ESTRELLA*A***XX*1164974580~REF*EA*3E8EAB64EEF2475FA6E67BA3C0EFAE42~DTM*232*20200121~DTM*233*20200121~SVC*HC:99214*134*95.11**1~DTM*472*20200121~CAS*PR*3*2~CAS*CO*45*36.89~REF*6R*CPM21BLBUDDT~AMT*B6*97.11~LQ*HE*N381~LQ*HE*N381~CLP*000100028615*1*54*39.39**MC*2020028059811~NM1*QC*1*MANLEY*LOUISA****MR*G519318~NM1*82*1*SEARLES*DENISE*A***XX*1396971230~REF*EA*34AD51CBB24A4B949EBC6FFEEDE41187~DTM*232*20200122~DTM*233*20200122~SVC*HC:99212*54*39.39**1~DTM*472*20200122~CAS*CO*45*14.61~REF*6R*CPM2QM53F9AH~AMT*B6*39.39~LQ*HE*N381~CLP*000100028446*1*1971*1284.51*2*MC*2020028060017~NM1*QC*1*MANZANARES*DUANE*E***MR*Q083072~NM1*82*1*LUCAS*PEGGI*S***XX*1366419582~REF*EA*5DF93DAC91B3456FA0EF98662D78D165~DTM*232*20200120~DTM*233*20200120~SVC*HC:99214:25*134*95.11**1~DTM*472*20200120~CAS*PR*3*2~CAS*CO*45*36.89~REF*6R*CPM2SIZENFCD~AMT*B6*97.11~LQ*HE*N77~LQ*HE*N381~LQ*HE*N381~SVC*HC:96372*32*0**0**1~DTM*472*20200120~CAS*CO*109*32~REF*6R*CPM2YUZVFJY2~LQ*HE*N77~LQ*HE*N381~SVC*HC:J2315*1805*1189.4**380~DTM*472*20200120~CAS*CO*45*615.6~REF*6R*CPM24LL9HT36~AMT*B6*1189.4~LQ*HE*N77~LQ*HE*N381~CLP*000100028562*1*209*152.99**MC*2020028060034~NM1*QC*1*MARTINEZ*ANTONIO****MR*O449625~NM1*82*1*LUCAS*PEGGI*S***XX*1366419582~REF*EA*6474DD531D574168AD87D0CAB16C01A4~DTM*232*20200121~DTM*233*20200121~SVC*HC:99204:25*205*149.59**1~DTM*472*20200121~CAS*CO*45*55.41~REF*6R*CPM2WM0BDNT5~AMT*B6*149.59~LQ*HE*N381~SVC*HC:81002*4*3.4**1~DTM*472*20200121~CAS*CO*45*.6~REF*6R*CPM2FPMADPG9~AMT*B6*3.4~LQ*HE*N381~CLP*000100023110*1*105*74.23**MC*2020030071494~NM1*QC*1*MARTINEZ*DEBRA*A***MR*D395711~NM1*82*1*HOOSHMAND-PARSI*KAYHOSROW****XX*1447291851~REF*EA*FF4FFC81B0BE4263A9B7F9D82439C900~DTM*232*20191002~DTM*233*20191002~SVC*HC:99213:25*90*65.81**1~DTM*472*20191002~CAS*CO*45*24.19~REF*6R*CP2X4DZY24CA~AMT*B6*65.81~LQ*HE*N381~SVC*HC:81025*15*8.42**1~DTM*472*20191002~CAS*CO*45*6.58~REF*6R*CP2XMEECT3C8~AMT*B6*8.42~LQ*HE*N381~CLP*000100023101*1*134*97.11**MC*2020030071308~NM1*QC*1*MATHIASEN*RICHARD*L***MR*P087968~NM1*82*1*HOOSHMAND-PARSI*KAYHOSROW****XX*1447291851~REF*EA*1E8B7D2111A04E62B55D94EF0E71DA1E~DTM*232*20191002~DTM*233*20191002~SVC*HC:99214*134*97.11**1~DTM*472*20191002~CAS*CO*45*36.89~REF*6R*CP2XKKMXKM50~AMT*B6*97.11~LQ*HE*N381~CLP*000100027870*1*134*97.11**MC*2020028060041~NM1*QC*1*MAURO*RONDA*L***MR*U480140~NM1*82*1*LUCAS*PEGGI*S***XX*1366419582~REF*EA*E361B48EE16F44E69208D1B88557FDC5~DTM*232*20200108~DTM*233*20200108~SVC*HC:99214*134*97.11**1~DTM*472*20200108~CAS*CO*45*36.89~REF*6R*CPM20CWD67LE~AMT*B6*97.11~LQ*HE*N381~CLP*000100028620*1*134*97.11**MC*2020028060044~NM1*QC*1*MAURO*RONDA*L***MR*U480140~NM1*82*1*LUCAS*PEGGI*S***XX*1366419582~REF*EA*50A8CCC2D7BD4BF6B06A559C03507A00~DTM*232*20200122~DTM*233*20200122~SVC*HC:99214*134*97.11**1~DTM*472*20200122~CAS*CO*45*36.89~REF*6R*CPM23T0ERUV6~AMT*B6*97.11~LQ*HE*N381~CLP*000100023087*1*376*234.88**MC*2020030071509~NM1*QC*1*MAURO*RONDA*L***MR*U480140~NM1*82*1*HOOSHMAND-PARSI*KAYHOSROW****XX*1447291851~REF*EA*589A0B3BFB1E45948679A4D3F3FF0BEF~DTM*232*20191002~DTM*233*20191002~SVC*HC:99205:25*255*186.33**1~DTM*472*20191002~CAS*CO*45*68.67~REF*6R*CP2XDLGE8T54~AMT*B6*186.33~LQ*HE*N381~SVC*HC:99415*45*7.11**1~DTM*472*20191002~CAS*CO*45*37.89~REF*6R*CP2X3KWN3BYU~AMT*B6*7.11~LQ*HE*N381~SVC*HC:H0049*36*10.92**1~DTM*472*20191002~CAS*CO*45*25.08~REF*6R*CP2XJ107XQN5~AMT*B6*10.92~LQ*HE*N381~SVC*HC:G8431*40*30.52**1~DTM*472*20191002~CAS*CO*45*9.48~REF*6R*CP2XMC87WWIN~AMT*B6*30.52~LQ*HE*N381~CLP*000100028466*1*391*223.78**MC*2020028059853~NM1*QC*1*MAXFIELD*KENDRA*M***MR*N150478~NM1*74*1*MAXFIED~NM1*82*1*LUCAS*PEGGI*S***XX*1366419582~REF*EA*1F58D3EC1FC3417AB998EAAE88A403E4~DTM*232*20200120~DTM*233*20200120~SVC*HC:99205:25*255*186.33**1~DTM*472*20200120~CAS*CO*45*68.67~REF*6R*CPM2YJUCX3JP~AMT*B6*186.33~LQ*HE*N77~LQ*HE*N381~SVC*HC:99415*45*7.11**1~DTM*472*20200120~CAS*CO*45*37.89~REF*6R*CPM28QYNL285~AMT*B6*7.11~LQ*HE*N77~LQ*HE*N381~SVC*HC:81025*15*8.42**1~DTM*472*20200120~CAS*CO*45*6.58~REF*6R*CPM2BTS6A0QF~AMT*B6*8.42~LQ*HE*N77~LQ*HE*N381~SVC*HC:H0049*36*10.92**1~DTM*472*20200120~CAS*CO*45*25.08~REF*6R*CPM2HQF4KI83~AMT*B6*10.92~LQ*HE*N77~LQ*HE*N381~SVC*HC:G8510*40*11**1~DTM*472*20200120~CAS*CO*45*29~REF*6R*CPM2AQ9VYNID~AMT*B6*11~LQ*HE*N77~LQ*HE*N381~CLP*000100027990*1*134*97.11**MC*2020028059825~NM1*QC*1*MCNEIL*KIMBERLY****MR*P602741~NM1*82*1*SEARLES*DENISE*A***XX*1396971230~REF*EA*E898B0E144F14903BF388434143B8C62~DTM*232*20200110~DTM*233*20200110~SVC*HC:99214*134*97.11**1~DTM*472*20200110~CAS*CO*45*36.89~REF*6R*CPM2MTZTU8BU~AMT*B6*97.11~LQ*HE*N381~CLP*000100028197*1*54*39.39**MC*2020028060067~NM1*QC*1*MEDINA*DAVID*A***MR*D602793~NM1*82*1*CADDALI*ESTRELLA*A***XX*1164974580~REF*EA*166EF0FAF5CB4891A50F0C30FC917066~DTM*232*20200115~DTM*233*20200115~SVC*HC:99212*54*39.39**1~DTM*472*20200115~CAS*CO*45*14.61~REF*6R*CPM2Q1R53RG7~AMT*B6*39.39~LQ*HE*N381~CLP*000100028576*1*134*97.11**MC*2020028059935~NM1*QC*1*MEDINA*EDWARD*R***MR*O654584~NM1*82*1*LUCAS*PEGGI*S***XX*1366419582~REF*EA*C14FA5622CCA4CCAB2C7FE5F000D104A~DTM*232*20200121~DTM*233*20200121~SVC*HC:99214*134*97.11**1~DTM*472*20200121~CAS*CO*45*36.89~REF*6R*CPM2UX28QNTB~AMT*B6*97.11~LQ*HE*N381~CLP*000100028390*1*134*97.11**MC*2020028060076~NM1*QC*1*MEDINA*TAMMY*A***MR*F616296~NM1*82*1*SEARLES*DENISE*A***XX*1396971230~REF*EA*86ADCCFACACB4066AB36758F6110344C~DTM*232*20200117~DTM*233*20200117~SVC*HC:99214*134*97.11**1~DTM*472*20200117~CAS*CO*45*36.89~REF*6R*CPM280H998LR~AMT*B6*97.11~LQ*HE*N77~LQ*HE*N381~CLP*000100028410*1*331*227.77**MC*2020028059890~NM1*QC*1*MITCHELL*SHERRY****MR*I873951~NM1*82*1*LUCAS*PEGGI*S***XX*1366419582~REF*EA*457500C3658B4430BBAB0B8563C0F217~DTM*232*20200117~DTM*233*20200117~SVC*HC:99205:25*255*186.33**1~DTM*472*20200117~CAS*CO*45*68.67~REF*6R*CPM2O88K3OBH~AMT*B6*186.33~LQ*HE*N381~SVC*HC:H0049*36*10.92**1~DTM*472*20200117~CAS*CO*45*25.08~REF*6R*CPM2PD3PCHSP~AMT*B6*10.92~LQ*HE*N381~SVC*HC:G8431*40*30.52**1~DTM*472*20200117~CAS*CO*45*9.48~REF*6R*CPM2IPAJOP05~AMT*B6*30.52~LQ*HE*N381~CLP*000100028322*1*54*39.39**MC*2020028059989~NM1*QC*1*MONSON*SAVANNAH*R***MR*U391305~NM1*82*1*CADDALI*ESTRELLA*A***XX*1164974580~REF*EA*A4A8F01C1EFE495CA9AD6A0249764A2C~DTM*232*20200116~DTM*233*20200116~SVC*HC:99212*54*39.39**1~DTM*472*20200116~CAS*CO*45*14.61~REF*6R*CPM2O08GROIE~AMT*B6*39.39~LQ*HE*N381~CLP*000100023132*1*134*97.11**MC*2020030071401~NM1*QC*1*MONTES DE OCA*JEOVANNI****MR*G292341~NM1*74*1*MONTES~NM1*82*1*HOOSHMAND-PARSI*KAYHOSROW****XX*1447291851~REF*EA*3CD506246640448E81896E69C8B56642~DTM*232*20191002~DTM*233*20191002~SVC*HC:99214*134*97.11**1~DTM*472*20191002~CAS*CO*45*36.89~REF*6R*CP2XP8CUCWDM~AMT*B6*97.11~LQ*HE*N381~CLP*000100023111*1*134*97.11**MC*2020030071286~NM1*QC*1*MOORE*MELISSA****MR*O302777~NM1*82*1*HOOSHMAND-PARSI*KAYHOSROW****XX*1447291851~REF*EA*65987F7BB3D341FEBC55419D253703A4~DTM*232*20191002~DTM*233*20191002~SVC*HC:99214*134*97.11**1~DTM*472*20191002~CAS*CO*45*36.89~REF*6R*CP2XGDIFF3HG~AMT*B6*97.11~LQ*HE*N381~CLP*000100027869*1*211*89.05**MC*2020028059984~NM1*QC*1*MOORE*WAYNE****MR*O484733~NM1*82*1*SEARLES*DENISE*A***XX*1396971230~REF*EA*0B4223EC0147414EB529F5166F1DD722~DTM*232*20200108~DTM*233*20200108~SVC*HC:99202:25*135*67.13**1~DTM*472*20200108~CAS*CO*45*67.87~REF*6R*CPM25AWB12EN~AMT*B6*67.13~LQ*HE*N381~SVC*HC:H0049*36*10.92**1~DTM*472*20200108~CAS*CO*45*25.08~REF*6R*CPM2VLUJ0XJ7~AMT*B6*10.92~LQ*HE*N381~SVC*HC:G8510*40*11**1~DTM*472*20200108~CAS*CO*45*29~REF*6R*CPM28XV95D0Y~AMT*B6*11~LQ*HE*N381~CLP*000100028512*1*134*95.11*2*MC*2020028060045~NM1*QC*1*MOSS*JEREMY****MR*L880571~NM1*82*1*CADDALI*ESTRELLA*A***XX*1164974580~REF*EA*8CBC29C5CAF540E0BCB7446C836BFB22~DTM*232*20200121~DTM*233*20200121~SVC*HC:99214*134*95.11**1~DTM*472*20200121~CAS*PR*3*2~CAS*CO*45*36.89~REF*6R*CPM2G9BC758C~AMT*B6*97.11~LQ*HE*N381~LQ*HE*N381~CLP*000100028525*1*241*149.26**MC*2020028059954~NM1*QC*1*MOWERY*NICOLA*R***MR*R085928~NM1*82*1*CADDALI*ESTRELLA*A***XX*1164974580~REF*EA*BEF8C2E4EBF040929AEDB0061157BA03~DTM*232*20200121~DTM*233*20200121~SVC*HC:99395:25*165*107.82**1~DTM*472*20200121~CAS*CO*45*57.18~REF*6R*CPM21YIUWOPQ~AMT*B6*107.82~LQ*HE*N381~SVC*HC:H0049*36*10.92**1~DTM*472*20200121~CAS*CO*45*25.08~REF*6R*CPM285L29A1D~AMT*B6*10.92~LQ*HE*N381~SVC*HC:G8431*40*30.52**1~DTM*472*20200121~CAS*CO*45*9.48~REF*6R*CPM2OPVLO4ID~AMT*B6*30.52~LQ*HE*N381~CLP*000100028528*1*65*55.35**MC*2020028059957~NM1*QC*1*MOWERY*NICOLA*R***MR*R085928~NM1*82*1*LEWIS*HOLLY*G***XX*1295234128~REF*EA*49F4FB518892483C9D7182E5313EC304~DTM*232*20200121~DTM*233*20200121~SVC*HC:90832*65*55.35**1~DTM*472*20200121~CAS*CO*45*9.65~REF*6R*CPM2HRZ613QO~AMT*B6*55.35~LQ*HE*N381~CLP*000100023098*1*90*65.81**MC*2020030071262~NM1*QC*1*NORTON*TIMOTHY*L***MR*O938357~NM1*82*1*HOOSHMAND-PARSI*KAYHOSROW****XX*1447291851~REF*EA*44C1475319644AEFB0ABF0E0190C5411~DTM*232*20191002~DTM*233*20191002~SVC*HC:99213*90*65.81**1~DTM*472*20191002~CAS*CO*45*24.19~REF*6R*CP2XCDST6SWZ~AMT*B6*65.81~LQ*HE*N381~CLP*000100028567*1*90*65.81**MC*2020028059875~NM1*QC*1*ORTEGA*AUDRIEANNA*S***MR*Q461138~NM1*82*1*CADDALI*ESTRELLA*A***XX*1164974580~REF*EA*D649A73E15774D089F299377556D317C~DTM*232*20200121~DTM*233*20200121~SVC*HC:99213*90*65.81**1~DTM*472*20200121~CAS*CO*45*24.19~REF*6R*CPM25ZHKVEMA~AMT*B6*65.81~LQ*HE*N381~CLP*000100028441*1*134*97.11**MC*2020028059994~NM1*QC*1*ORTIZ*EMILY****MR*L289179~NM1*82*1*GRONEMEYER*LEANNE*R***XX*1659521045~REF*EA*583C1AE5D2A348AA84EEA2792DCD9AB8~DTM*232*20200120~DTM*233*20200120~SVC*HC:99214*134*97.11**1~DTM*472*20200120~CAS*CO*45*36.89~REF*6R*CPM2ZB0THT1W~AMT*B6*97.11~LQ*HE*N381~CLP*000100023025*1*198.48*137.09**MC*2020030071454~NM1*QC*1*OSWALD*MELISSA*M***MR*V510457~NM1*82*1*HOOSHMAND-PARSI*KAYHOSROW****XX*1447291851~REF*EA*32CE3630BD4A44C3A98FE529C27271FF~DTM*232*20191001~DTM*233*20191001~SVC*HC:99214:25*134*97.11**1~DTM*472*20191001~CAS*CO*45*36.89~REF*6R*CP2XDYXWM03I~AMT*B6*97.11~LQ*HE*N381~SVC*HC:90471*34.48*19.46**1~DTM*472*20191001~CAS*CO*45*15.02~REF*6R*CP2XHQECGNNE~AMT*B6*19.46~LQ*HE*N381~SVC*HC:90756*30*20.52**1~DTM*472*20191001~CAS*CO*45*9.48~REF*6R*CP2X0C408AI3~AMT*B6*20.52~LQ*HE*N381~CLP*000100028463*1*90*65.81**MC*2020028059865~NM1*QC*1*PACHECO*JOSEPH*L***MR*P778684~NM1*82*1*GRONEMEYER*LEANNE*R***XX*1659521045~REF*EA*A573C48899034ECABF4ADFF8B88E5988~DTM*232*20200120~DTM*233*20200120~SVC*HC:99213*90*65.81**1~DTM*472*20200120~CAS*CO*45*24.19~REF*6R*CPM2LEVBGCM7~AMT*B6*65.81~LQ*HE*N381~CLP*000100028273*1*1942*1263.63**MC*2020028059979~NM1*QC*1*PADILLA*LAURA*C***MR*Y008082~NM1*82*1*GRONEMEYER*LEANNE*R***XX*1659521045~REF*EA*806E6B686DA44AFF906E1C16F05B34A3~DTM*232*20200115~DTM*233*20200115~SVC*HC:99213:25*90*65.81**1~DTM*472*20200115~CAS*CO*45*24.19~REF*6R*CPM2MMGBZRJK~AMT*B6*65.81~LQ*HE*N77~LQ*HE*N381~SVC*HC:96372*32*0**0**1~DTM*472*20200115~CAS*CO*109*32~REF*6R*CPM2LEHYDC1J~LQ*HE*N77~LQ*HE*N381~SVC*HC:J2315*1805*1189.4**380~DTM*472*20200115~CAS*CO*45*615.6~REF*6R*CPM29ILW327R~AMT*B6*1189.4~LQ*HE*N77~LQ*HE*N381~SVC*HC:81025*15*8.42**1~DTM*472*20200115~CAS*CO*45*6.58~REF*6R*CPM2KQ94D1W0~AMT*B6*8.42~LQ*HE*N77~LQ*HE*N381~CLP*000100028248*1*90*65.81**MC*2020028060055~NM1*QC*1*PERRY*LANA****MR*O240197~NM1*82*1*CADDALI*ESTRELLA*A***XX*1164974580~REF*EA*F2DDFBE2DA8E4D3184B78AAE54A31481~DTM*232*20200115~DTM*233*20200115~SVC*HC:99213*90*65.81**1~DTM*472*20200115~CAS*CO*45*24.19~REF*6R*CPM2VRBH5F7A~AMT*B6*65.81~LQ*HE*N381~CLP*000100028348*1*166*107.25**MC*2020028060058~NM1*QC*1*QUASTHOFF*ELIZABETH*A***MR*P470059~NM1*82*1*GRONEMEYER*LEANNE*R***XX*1659521045~REF*EA*6722F7E290CC45F1B9E122C9FB3E4231~DTM*232*20200116~DTM*233*20200116~SVC*HC:99213:25*90*65.81**1~DTM*472*20200116~CAS*CO*45*24.19~REF*6R*CPM2G9BYZUW2~AMT*B6*65.81~LQ*HE*N381~SVC*HC:H0049*36*10.92**1~DTM*472*20200116~CAS*CO*45*25.08~REF*6R*CPM2K1Q64W8P~AMT*B6*10.92~LQ*HE*N381~SVC*HC:G8431*40*30.52**1~DTM*472*20200116~CAS*CO*45*9.48~REF*6R*CPM2IUBS7NMT~AMT*B6*30.52~LQ*HE*N381~CLP*000100028360*1*149*105.53**MC*2020028059919~NM1*QC*1*QUINTANA*DANIELLE*A***MR*N559116~NM1*82*1*SEARLES*DENISE*A***XX*1396971230~REF*EA*6CD9BAB91EC54159B4F11F684E73EFBC~DTM*232*20200116~DTM*233*20200116~SVC*HC:99214:25*134*97.11**1~DTM*472*20200116~CAS*CO*45*36.89~REF*6R*CPM2OE5A1XC4~AMT*B6*97.11~LQ*HE*N77~LQ*HE*N381~SVC*HC:81025*15*8.42**1~DTM*472*20200116~CAS*CO*45*6.58~REF*6R*CPM2A2RFMOBB~AMT*B6*8.42~LQ*HE*N77~LQ*HE*N381~CLP*000100028272*1*211*87.05*2*MC*2020028060019~NM1*QC*1*RAEL*ALBERT*E***MR*N142806~NM1*82*1*SEARLES*DENISE*A***XX*1396971230~REF*EA*D66A4A01D4634DD1BE02311F9F80C9AF~DTM*232*20200115~DTM*233*20200115~SVC*HC:99202:25*135*65.13**1~DTM*472*20200115~CAS*PR*3*2~CAS*CO*45*67.87~REF*6R*CPM2EJC2C925~AMT*B6*67.13~LQ*HE*N381~LQ*HE*N381~SVC*HC:H0049*36*10.92**1~DTM*472*20200115~CAS*CO*45*25.08~REF*6R*CPM2DRL1NZUG~AMT*B6*10.92~LQ*HE*N381~SVC*HC:G8510*40*11**1~DTM*472*20200115~CAS*CO*45*29~REF*6R*CPM2DAH1YX9Q~AMT*B6*11~LQ*HE*N381~CLP*000100028478*1*134*97.11**MC*2020028059942~NM1*QC*1*RAMIREZ*JAVIER****MR*F684344~NM1*82*1*LUCAS*PEGGI*S***XX*1366419582~REF*EA*380E4C4EE637416C8C859B1D903C9E1C~DTM*232*20200120~DTM*233*20200120~SVC*HC:99214*134*97.11**1~DTM*472*20200120~CAS*CO*45*36.89~REF*6R*CPM2JXYZ2WYO~AMT*B6*97.11~LQ*HE*N77~LQ*HE*N381~CLP*000100028123*1*211*89.05**MC*2020028059949~NM1*QC*1*RAMOS*RICHARD****MR*E181441~NM1*82*1*SEARLES*DENISE*A***XX*1396971230~REF*EA*ED9655A62D5E482882F0BBEAA6993447~DTM*232*20200114~DTM*233*20200114~SVC*HC:99202:25*135*67.13**1~DTM*472*20200114~CAS*CO*45*67.87~REF*6R*CPM2KOCMXTE6~AMT*B6*67.13~LQ*HE*N381~SVC*HC:H0049*36*10.92**1~DTM*472*20200114~CAS*CO*45*25.08~REF*6R*CPM2LWWJOXUH~AMT*B6*10.92~LQ*HE*N381~SVC*HC:G8510*40*11**1~DTM*472*20200114~CAS*CO*45*29~REF*6R*CPM2WQ2WIVWI~AMT*B6*11~LQ*HE*N381~CLP*000100028601*1*90*65.81**MC*2020028060012~NM1*QC*1*RATLIFF*MICHAEL*J***MR*J168128~NM1*82*1*CADDALI*ESTRELLA*A***XX*1164974580~REF*EA*96FC37DB08404D14B4657FF3296142D4~DTM*232*20200122~DTM*233*20200122~SVC*HC:99213*90*65.81**1~DTM*472*20200122~CAS*CO*45*24.19~REF*6R*CPM2IJXXNE9J~AMT*B6*65.81~LQ*HE*N381~CLP*000100028455*1*90*63.81*2*MC*2020028059946~NM1*QC*1*CANALES*PAULETTE****MR*O413200~NM1*74*1*REDDING CANALES**D~NM1*82*1*GRONEMEYER*LEANNE*R***XX*1659521045~REF*EA*A017DC9CD18143F6A964FC63BB250681~DTM*232*20200120~DTM*233*20200120~SVC*HC:99213*90*63.81**1~DTM*472*20200120~CAS*PR*3*2~CAS*CO*45*24.19~REF*6R*CPM2HK7Z4A6Y~AMT*B6*65.81~LQ*HE*N381~LQ*HE*N381~CLP*000100028484*1*138*100.51**MC*2020028059945~NM1*QC*1*RODRIGUEZ*ADREENA*M***MR*P905929~NM1*82*1*GRONEMEYER*LEANNE*R***XX*1659521045~REF*EA*B8E09CE62E5D4F9E9A1E052E03034921~DTM*232*20200120~DTM*233*20200120~SVC*HC:99214:25*134*97.11**1~DTM*472*20200120~CAS*CO*45*36.89~REF*6R*CPM2Z0MNTRDE~AMT*B6*97.11~LQ*HE*N381~SVC*HC:81002*4*3.4**1~DTM*472*20200120~CAS*CO*45*.6~REF*6R*CPM2DG7C4D6M~AMT*B6*3.4~LQ*HE*N381~CLP*000100028425*1*281*191.03**MC*2020028060071~NM1*QC*1*ROGERS*HALDEN****MR*I322777~NM1*82*1*LUCAS*PEGGI*S***XX*1366419582~REF*EA*E68B26C824DC405B92054CD154CA87F9~DTM*232*20200117~DTM*233*20200117~SVC*HC:99204:25*205*149.59**1~DTM*472*20200117~CAS*CO*45*55.41~REF*6R*CPM2AWSPZLA5~AMT*B6*149.59~LQ*HE*N381~SVC*HC:H0049*36*10.92**1~DTM*472*20200117~CAS*CO*45*25.08~REF*6R*CPM271U80HG4~AMT*B6*10.92~LQ*HE*N381~SVC*HC:G8431*40*30.52**1~DTM*472*20200117~CAS*CO*45*9.48~REF*6R*CPM2HWLF42RM~AMT*B6*30.52~LQ*HE*N381~CLP*000100028429*1*134*97.11**MC*2020028059851~NM1*QC*1*ROLES*SHANNON*E***MR*R039800~NM1*82*1*SEARLES*DENISE*A***XX*1396971230~REF*EA*06D09688B4ED4C5E847F1F843F3334E5~DTM*232*20200117~DTM*233*20200117~SVC*HC:99214*134*97.11**1~DTM*472*20200117~CAS*CO*45*36.89~REF*6R*CPM26K7KDKY8~AMT*B6*97.11~LQ*HE*N381~CLP*000100028253*1*134*95.11*2*MC*2020028059958~NM1*QC*1*RUCKER*CHERYL****MR*G923122~NM1*82*1*HOOSHMAND-PARSI*KAYHOSROW****XX*1447291851~REF*EA*3F7B4B4BFCEA483CB2EEEAEE5945094B~DTM*232*20200115~DTM*233*20200115~SVC*HC:99214*134*95.11**1~DTM*472*20200115~CAS*PR*3*2~CAS*CO*45*36.89~REF*6R*CPM2HCVNKVQL~AMT*B6*97.11~LQ*HE*N381~LQ*HE*N381~CLP*000100028041*1*134*97.11**MC*2020028059807~NM1*QC*1*SALAZAR*SAUL*B***MR*J808608~NM1*82*1*GRONEMEYER*LEANNE*R***XX*1659521045~REF*EA*FD1255D9D2684917B5DD7C7BC6DF40B3~DTM*232*20200113~DTM*233*20200113~SVC*HC:99214*134*97.11**1~DTM*472*20200113~CAS*CO*45*36.89~REF*6R*CPM27ZBC92BP~AMT*B6*97.11~LQ*HE*N381~CLP*000100023083*1*149*105.53**MC*2020030071340~NM1*QC*1*SALAZAR*FELICIA*H***MR*G554326~NM1*82*1*HOOSHMAND-PARSI*KAYHOSROW****XX*1447291851~REF*EA*ED7B1F56A25E4BF6AC0EA5CE74649A17~DTM*232*20191002~DTM*233*20191002~SVC*HC:99214:25*134*97.11**1~DTM*472*20191002~CAS*CO*45*36.89~REF*6R*CP2X5K5CGP8C~AMT*B6*97.11~LQ*HE*N381~SVC*HC:81025*15*8.42**1~DTM*472*20191002~CAS*CO*45*6.58~REF*6R*CP2X40LCCME8~AMT*B6*8.42~LQ*HE*N381~CLP*000100028338*1*305*212.53**MC*2020028059856~NM1*QC*1*SANCHEZ*BLAIR****MR*Q992223~NM1*82*1*CADDALI*ESTRELLA*A***XX*1164974580~REF*EA*2179DC3EC4BF4FC097FD32A2F9352349~DTM*232*20200116~DTM*233*20200116~SVC*HC:99204:25*205*149.59**1~DTM*472*20200116~CAS*CO*45*55.41~REF*6R*CPM2GVQQH3IY~AMT*B6*149.59~LQ*HE*N381~SVC*HC:93000*24*21.5**1~DTM*472*20200116~CAS*CO*45*2.5~REF*6R*CPM2SFRR9R3V~AMT*B6*21.5~LQ*HE*N381~SVC*HC:H0049*36*10.92**1~DTM*472*20200116~CAS*CO*45*25.08~REF*6R*CPM26MZ1JI2K~AMT*B6*10.92~LQ*HE*N381~SVC*HC:G8431*40*30.52**1~DTM*472*20200116~CAS*CO*45*9.48~REF*6R*CPM2QW3ZMW84~AMT*B6*30.52~LQ*HE*N381~CLP*000100028350*1*65*55.35**MC*2020028059858~NM1*QC*1*SANCHEZ*BLAIR****MR*Q992223~NM1*82*1*LEWIS*HOLLY*G***XX*1295234128~REF*EA*06054D3D82704289B0928445A0CEA271~DTM*232*20200116~DTM*233*20200116~SVC*HC:90832*65*55.35**1~DTM*472*20200116~CAS*CO*45*9.65~REF*6R*CPM2Q55GC3WS~AMT*B6*55.35~LQ*HE*N381~CLP*000100028314*1*134*97.11**MC*2020028059815~NM1*QC*1*SANCHEZ*DANIEL****MR*P420487~NM1*82*1*CADDALI*ESTRELLA*A***XX*1164974580~REF*EA*059436B0A408475F80CE3A891A309432~DTM*232*20200116~DTM*233*20200116~SVC*HC:99214*134*97.11**1~DTM*472*20200116~CAS*CO*45*36.89~REF*6R*CPM23CCLJEV3~AMT*B6*97.11~LQ*HE*N381~CLP*000100028155*1*256*171.43**MC*2020028059990~NM1*QC*1*SANCHEZ*RANDY****MR*Y196130~NM1*82*1*HOOSHMAND-PARSI*KAYHOSROW****XX*1447291851~REF*EA*AAD5DBDC2FDB48A78F2CA8B52317BCCC~DTM*232*20200114~DTM*233*20200114~SVC*HC:99215:25*180*129.99**1~DTM*472*20200114~CAS*CO*45*50.01~REF*6R*CPM26G3BPJHJ~AMT*B6*129.99~LQ*HE*N77~LQ*HE*N381~SVC*HC:H0049*36*10.92**1~DTM*472*20200114~CAS*CO*45*25.08~REF*6R*CPM21GN0SFG1~AMT*B6*10.92~LQ*HE*N77~LQ*HE*N381~SVC*HC:G8431*40*30.52**1~DTM*472*20200114~CAS*CO*45*9.48~REF*6R*CPM2LARA94DJ~AMT*B6*30.52~LQ*HE*N77~LQ*HE*N381~CLP*000100028285*1*134*97.11**MC*2020028059991~NM1*QC*1*SANCHEZ*RANDY****MR*Y196130~NM1*82*1*GRONEMEYER*LEANNE*R***XX*1659521045~REF*EA*F84D2AA46CF1442BB0002646F4221613~DTM*232*20200115~DTM*233*20200115~SVC*HC:99214*134*97.11**1~DTM*472*20200115~CAS*CO*45*36.89~REF*6R*CPM2GAFBLXUB~AMT*B6*97.11~LQ*HE*N77~LQ*HE*N381~CLP*000100028416*1*210*138.55**MC*2020028059848~NM1*QC*1*SANDOVAL*WAYNE****MR*N882963~NM1*82*1*SEARLES*DENISE*A***XX*1396971230~REF*EA*D216E71C7116418288CC00F6BA56C99C~DTM*232*20200117~DTM*233*20200117~SVC*HC:99214:25*134*97.11**1~DTM*472*20200117~CAS*CO*45*36.89~REF*6R*CPM2FFHNZO54~AMT*B6*97.11~LQ*HE*N77~LQ*HE*N381~SVC*HC:H0049*36*10.92**1~DTM*472*20200117~CAS*CO*45*25.08~REF*6R*CPM2MHBB18RX~AMT*B6*10.92~LQ*HE*N77~LQ*HE*N381~SVC*HC:G8431*40*30.52**1~DTM*472*20200117~CAS*CO*45*9.48~REF*6R*CPM2BA0QEX6E~AMT*B6*30.52~LQ*HE*N77~LQ*HE*N381~CLP*000100028388*1*285*194.43**MC*2020028059998~NM1*QC*1*SCHRINER*JACOB****MR*Y893432~NM1*82*1*LUCAS*PEGGI*S***XX*1366419582~REF*EA*BC0B08175DDB4D3EB9BC997898B88EB9~DTM*232*20200117~DTM*233*20200117~SVC*HC:99204:25*205*149.59**1~DTM*472*20200117~CAS*CO*45*55.41~REF*6R*CPM2DTGWSIPH~AMT*B6*149.59~LQ*HE*N381~SVC*HC:81002*4*3.4**1~DTM*472*20200117~CAS*CO*45*.6~REF*6R*CPM2XHQVWTFR~AMT*B6*3.4~LQ*HE*N381~SVC*HC:H0049*36*10.92**1~DTM*472*20200117~CAS*CO*45*25.08~REF*6R*CPM2QSXC9P70~AMT*B6*10.92~LQ*HE*N381~SVC*HC:G8431*40*30.52**1~DTM*472*20200117~CAS*CO*45*9.48~REF*6R*CPM2YZGLR90R~AMT*B6*30.52~LQ*HE*N381~CLP*000100028392*1*331*227.77**MC*2020028059902~NM1*QC*1*SCHRYVER*THOMAS*E***MR*G973082~NM1*82*1*SEARLES*DENISE*A***XX*1396971230~REF*EA*5A84D3DA629D4ACDA1B4F9B9205016DA~DTM*232*20200117~DTM*233*20200117~SVC*HC:99205:25*255*186.33**1~DTM*472*20200117~CAS*CO*45*68.67~REF*6R*CPM2R1O500EL~AMT*B6*186.33~LQ*HE*N77~LQ*HE*N381~SVC*HC:H0049*36*10.92**1~DTM*472*20200117~CAS*CO*45*25.08~REF*6R*CPM2FNY7GFO8~AMT*B6*10.92~LQ*HE*N77~LQ*HE*N381~SVC*HC:G8431*40*30.52**1~DTM*472*20200117~CAS*CO*45*9.48~REF*6R*CPM2TICYV19C~AMT*B6*30.52~LQ*HE*N77~LQ*HE*N381~CLP*000100028461*1*90*63.81*2*MC*2020028059828~NM1*QC*1*SCHUDAR*JOHN*R***MR*Y988342~NM1*82*1*LUCAS*PEGGI*S***XX*1366419582~REF*EA*5D3D5CA426EE49BEB4D12FABAD0FD0B3~DTM*232*20200120~DTM*233*20200120~SVC*HC:99213*90*63.81**1~DTM*472*20200120~CAS*PR*3*2~CAS*CO*45*24.19~REF*6R*CPM2N6FUH4QN~AMT*B6*65.81~LQ*HE*N77~LQ*HE*N381~LQ*HE*N381~CLP*000100028075*1*221*138.87**MC*2020028059884~NM1*QC*1*SCHWARTZ*MICHELLE****MR*J981769~NM1*82*1*GRONEMEYER*LEANNE*R***XX*1659521045~REF*EA*4E9E163845CB4E9AA74B0258C08AD616~DTM*232*20200113~DTM*233*20200113~SVC*HC:99203:25*145*97.43**1~DTM*472*20200113~CAS*CO*45*47.57~REF*6R*CPM2K4D0BA1U~AMT*B6*97.43~LQ*HE*N381~SVC*HC:H0049*36*10.92**1~DTM*472*20200113~CAS*CO*45*25.08~REF*6R*CPM26MI6HCOM~AMT*B6*10.92~LQ*HE*N381~SVC*HC:G8431*40*30.52**1~DTM*472*20200113~CAS*CO*45*9.48~REF*6R*CPM2QR3T4YVA~AMT*B6*30.52~LQ*HE*N381~CLP*000100028374*1*134*97.11**MC*2020028059976~NM1*QC*1*SCOTT*BERNADETTE*R***MR*O591335~NM1*82*1*CADDALI*ESTRELLA*A***XX*1164974580~REF*EA*312B48E87B44444E9B74FFC42AFEEF41~DTM*232*20200116~DTM*233*20200116~SVC*HC:99214*134*97.11**1~DTM*472*20200116~CAS*CO*45*36.89~REF*6R*CPM21M2XJPCO~AMT*B6*97.11~LQ*HE*N381~CLP*000100028376*1*90*65.81**MC*2020028059847~NM1*QC*1*SCOTT*MADDISON*R***MR*O591333~NM1*82*1*CADDALI*ESTRELLA*A***XX*1164974580~REF*EA*234618F9AB7B4706866FD8AB8A65DFE2~DTM*232*20200116~DTM*233*20200116~SVC*HC:99213*90*65.81**1~DTM*472*20200116~CAS*CO*45*24.19~REF*6R*CPM21N3FZ8DU~AMT*B6*65.81~LQ*HE*N381~CLP*000100028178*1*285*194.43**MC*2020028059844~NM1*QC*1*SHEPHERD*ANDREW****MR*G231974~NM1*82*1*LUCAS*PEGGI*S***XX*1366419582~REF*EA*4516760CE5774978831815D50066A6DB~DTM*232*20200114~DTM*233*20200114~SVC*HC:99204:25*205*149.59**1~DTM*472*20200114~CAS*CO*45*55.41~REF*6R*CPM2KUEDD3IJ~AMT*B6*149.59~LQ*HE*N381~SVC*HC:H0049*36*10.92**1~DTM*472*20200114~CAS*CO*45*25.08~REF*6R*CPM2VVJ6PD22~AMT*B6*10.92~LQ*HE*N381~SVC*HC:G8431*40*30.52**1~DTM*472*20200114~CAS*CO*45*9.48~REF*6R*CPM2AZY81O4K~AMT*B6*30.52~LQ*HE*N381~SVC*HC:81002*4*3.4**1~DTM*472*20200114~CAS*CO*45*.6~REF*6R*CPM2PYGOR0ZD~AMT*B6*3.4~LQ*HE*N381~CLP*000100028251*1*134*97.11**MC*2020028060072~NM1*QC*1*SIERRA*LISA*G***MR*J386597~NM1*82*1*LUCAS*PEGGI*S***XX*1366419582~REF*EA*49E0C9DC817A4E6190AC74B95EAEFEEB~DTM*232*20200115~DTM*233*20200115~SVC*HC:99214*134*97.11**1~DTM*472*20200115~CAS*CO*45*36.89~REF*6R*CPM24VA0HEFJ~AMT*B6*97.11~LQ*HE*N381~CLP*000100023128*1*199*136.01*1.08*MC*2020030071377~NM1*QC*1*SINTAS*GILBERT****MR*H114357~NM1*82*1*HOOSHMAND-PARSI*KAYHOSROW****XX*1447291851~REF*EA*FBE6B3E4DFC6424B9F5AC5B464C7CD04~DTM*232*20191002~DTM*233*20191002~SVC*HC:99214:25*134*96.03**1~DTM*472*20191002~CAS*PR*3*1.08~CAS*CO*45*36.89~REF*6R*CP2XNR0JV9H3~AMT*B6*97.11~LQ*HE*N381~LQ*HE*N381~SVC*HC:90471*35*19.46**1~DTM*472*20191002~CAS*CO*45*15.54~REF*6R*CP2XVR9B4MWD~AMT*B6*19.46~LQ*HE*N381~SVC*HC:90756*30*20.52**1~DTM*472*20191002~CAS*CO*45*9.48~REF*6R*CP2XO5BFZMS3~AMT*B6*20.52~LQ*HE*N381~CLP*000100026566*2*23.15*7.76**MC*2020028059996~NM1*QC*1*SMITH*CHRISTOPHER*T***MR*G720616~NM1*82*1*HOOSHMAND-PARSI*KAYHOSROW****XX*1447291851~REF*EA*84A1879FAD104A11B5FCAF723302B1BB~DTM*232*20191211~DTM*233*20191211~SVC*HC:93000*23.15*7.76**1~DTM*472*20191211~CAS*CO*45*1.65~CAS*OA*23*13.74~REF*6R*CPM2M00T9HX5~AMT*B6*21.5~LQ*HE*MA125~LQ*HE*N381~CLP*000100023123*1*90*63.81*2*MC*2020030071415~NM1*QC*1*SMITH*KAMRYN****MR*Y284802~NM1*82*1*HOOSHMAND-PARSI*KAYHOSROW****XX*1447291851~REF*EA*74B0B44F156240EE81F0F453186E12F3~DTM*232*20191002~DTM*233*20191002~SVC*HC:99213*90*63.81**1~DTM*472*20191002~CAS*PR*3*2~CAS*CO*45*24.19~REF*6R*CP2XHQZMO4C9~AMT*B6*65.81~LQ*HE*N381~LQ*HE*N381~CLP*000100028288*1*134*97.11**MC*2020028059899~NM1*QC*1*SOLIDAY*MICHAEL****MR*G730389~NM1*82*1*GRONEMEYER*LEANNE*R***XX*1659521045~REF*EA*D4D8722A92044A1291EA0E13857D23AB~DTM*232*20200115~DTM*233*20200115~SVC*HC:99214*134*97.11**1~DTM*472*20200115~CAS*CO*45*36.89~REF*6R*CPM2AAKP4AS1~AMT*B6*97.11~LQ*HE*N381~CLP*000100028366*1*54*39.39**MC*2020028059771~NM1*QC*1*TABARES*ANGELA****MR*V900344~NM1*82*1*HOOSHMAND-PARSI*KAYHOSROW****XX*1447291851~REF*EA*5BCD0262ABBF4EB782CAA3057772506B~DTM*232*20200116~DTM*233*20200116~SVC*HC:99212*54*39.39**1~DTM*472*20200116~CAS*CO*45*14.61~REF*6R*CPM2KHCO0AJ6~AMT*B6*39.39~LQ*HE*N381~CLP*000100028445*1*105*74.23**MC*2020028059930~NM1*QC*1*TANKSLEY*DAYSHA*A***MR*O203621~NM1*82*1*LUCAS*PEGGI*S***XX*1366419582~REF*EA*73D495262F7948768643EB086FEC5B34~DTM*232*20200120~DTM*233*20200120~SVC*HC:99213*90*65.81**1~DTM*472*20200120~CAS*CO*45*24.19~REF*6R*CPM2UQ9OXKZ4~AMT*B6*65.81~LQ*HE*N77~LQ*HE*N381~SVC*HC:81025*15*8.42**1~DTM*472*20200120~CAS*CO*45*6.58~REF*6R*CPM2O5PG81FD~AMT*B6*8.42~LQ*HE*N77~LQ*HE*N381~CLP*000100022544*1*304*193.44**MC*2020030071526~NM1*QC*1*TOMLINSON*SEAN*B***MR*O382609~NM1*82*1*HOOSHMAND-PARSI*KAYHOSROW****XX*1447291851~REF*EA*D03A7B838E0446809658E794C3CC923D~DTM*232*20190919~DTM*233*20190919~SVC*HC:99205:25*255*186.33**1~DTM*472*20190919~CAS*CO*45*68.67~REF*6R*CP2XHTSRWV9B~AMT*B6*186.33~LQ*HE*N381~SVC*HC:99415*45*7.11**1~DTM*472*20190919~CAS*CO*45*37.89~REF*6R*CP2XYZ9RJCDI~AMT*B6*7.11~LQ*HE*N381~SVC*HC:81002*4*0**0**1~DTM*472*20190919~CAS*OA*18*4~REF*6R*CP2XXEXWLUYJ~LQ*HE*N56~LQ*HE*N381~CLP*000100028354*1*90*65.81**MC*2020028059863~NM1*QC*1*TOTAKHAIL*SORAIYA****MR*O814415~NM1*82*1*HOOSHMAND-PARSI*KAYHOSROW****XX*1447291851~REF*EA*B6ADDBC6766644A890776CC7B391CDD7~DTM*232*20200116~DTM*233*20200116~SVC*HC:99213*90*65.81**1~DTM*472*20200116~CAS*CO*45*24.19~REF*6R*CPM2UCVC3HH3~AMT*B6*65.81~LQ*HE*N381~CLP*000100022995*1*180*129.99**MC*2020030071367~NM1*QC*1*TUCKER*JUDY*L***MR*W894116~NM1*82*1*HOOSHMAND-PARSI*KAYHOSROW****XX*1447291851~REF*EA*7863DC6B60004814B532B99685D22A6B~DTM*232*20191001~DTM*233*20191001~SVC*HC:99215*180*129.99**1~DTM*472*20191001~CAS*CO*45*50.01~REF*6R*CP2XOUVYK6JJ~AMT*B6*129.99~LQ*HE*N381~CLP*000100028630*1*90*63.81*2*MC*2020028059995~NM1*QC*1*TURNER*DAVID*R***MR*P547112~NM1*82*1*CADDALI*ESTRELLA*A***XX*1164974580~REF*EA*497218545FB14AB79AF54826703B9BA7~DTM*232*20200122~DTM*233*20200122~SVC*HC:99213*90*63.81**1~DTM*472*20200122~CAS*PR*3*2~CAS*CO*45*24.19~REF*6R*CPM2HG4RBVZG~AMT*B6*65.81~LQ*HE*N381~LQ*HE*N381~CLP*000100021970*1*205*149.59**MC*2020030071545~NM1*QC*1*TURNER*SAMUEL****MR*V731137~NM1*82*1*HOOSHMAND-PARSI*KAYHOSROW****XX*1447291851~REF*EA*44458D3C60C44748881F3B63529D021D~DTM*232*20190904~DTM*233*20190904~SVC*HC:99204*205*149.59**1~DTM*472*20190904~CAS*CO*45*55.41~REF*6R*CP2XBYB4GKAB~AMT*B6*149.59~LQ*HE*N381~CLP*000100028395*1*134*97.11**MC*2020028059909~NM1*QC*1*ULIBARRI*STEPHANIE*R***MR*W341555~NM1*82*1*SEARLES*DENISE*A***XX*1396971230~REF*EA*3F7E1064932C48F69025FA88F074C078~DTM*232*20200117~DTM*233*20200117~SVC*HC:99214*134*97.11**1~DTM*472*20200117~CAS*CO*45*36.89~REF*6R*CPM2FSMLVAAX~AMT*B6*97.11~LQ*HE*N77~LQ*HE*N381~CLP*000100028435*1*90*65.81**MC*2020028060030~NM1*QC*1*VALENTINE*JEANA****MR*Y336108~NM1*82*1*LUCAS*PEGGI*S***XX*1366419582~REF*EA*64285F1BF48A47D19DB3A9564B211152~DTM*232*20200117~DTM*233*20200117~SVC*HC:99213*90*65.81**1~DTM*472*20200117~CAS*CO*45*24.19~REF*6R*CPM20TEKOP1A~AMT*B6*65.81~LQ*HE*N381~CLP*000100028164*1*149*105.53**MC*2020028059776~NM1*QC*1*VARGAS*ERIKA*A***MR*L114609~NM1*82*1*GRONEMEYER*LEANNE*R***XX*1659521045~REF*EA*359AC77A88B74B948CC246C46714F668~DTM*232*20200114~DTM*233*20200114~SVC*HC:99214:25*134*97.11**1~DTM*472*20200114~CAS*CO*45*36.89~REF*6R*CPM25OQW1YY4~AMT*B6*97.11~LQ*HE*N77~LQ*HE*N381~SVC*HC:81025*15*8.42**1~DTM*472*20200114~CAS*CO*45*6.58~REF*6R*CPM2IL6PAWC6~AMT*B6*8.42~LQ*HE*N77~LQ*HE*N381~CLP*000100028077*1*134*97.11**MC*2020028059780~NM1*QC*1*VARGAS*ERIKA*A***MR*L114609~NM1*82*1*GRONEMEYER*LEANNE*R***XX*1659521045~REF*EA*EE26B3ECE5B3404BBB07D2E922FF794A~DTM*232*20200113~DTM*233*20200113~SVC*HC:99214*134*97.11**1~DTM*472*20200113~CAS*CO*45*36.89~REF*6R*CPM2TPU18ZA8~AMT*B6*97.11~LQ*HE*N381~CLP*000100023016*1*202.48*140.49**MC*2020030071435~NM1*QC*1*VAUGHT*SHANNON*M***MR*J574689~NM1*82*1*HOOSHMAND-PARSI*KAYHOSROW****XX*1447291851~REF*EA*345B43B47B5E4C5C87B842920E55CFB5~DTM*232*20191001~DTM*233*20191001~SVC*HC:99214:25*134*97.11**1~DTM*472*20191001~CAS*CO*45*36.89~REF*6R*CP2X6C5UDXBT~AMT*B6*97.11~LQ*HE*N381~SVC*HC:90471*34.48*19.46**1~DTM*472*20191001~CAS*CO*45*15.02~REF*6R*CP2XGFMNN62C~AMT*B6*19.46~LQ*HE*N381~SVC*HC:90756*30*20.52**1~DTM*472*20191001~CAS*CO*45*9.48~REF*6R*CP2XWSMF8NBU~AMT*B6*20.52~LQ*HE*N381~SVC*HC:81002*4*3.4**1~DTM*472*20191001~CAS*CO*45*.6~REF*6R*CP2XGMPUCM4J~AMT*B6*3.4~LQ*HE*N381~CLP*000100028404*1*180*129.99**MC*2020028059951~NM1*QC*1*VILLASENOR*MIQUEILA*C***MR*K174349~NM1*82*1*LUCAS*PEGGI*S***XX*1366419582~REF*EA*AC77B6E1C676416CA2BBAE43FE913F3A~DTM*232*20200117~DTM*233*20200117~SVC*HC:99215*180*129.99**1~DTM*472*20200117~CAS*CO*45*50.01~REF*6R*CPM2WTQMM9ZL~AMT*B6*129.99~LQ*HE*N381~CLP*000100028152*1*90*65.81**MC*2020028060015~NM1*QC*1*VOBACH*PAUL****MR*P235680~NM1*82*1*GRONEMEYER*LEANNE*R***XX*1659521045~REF*EA*1DAD13BB69B84646BD3910E84E8023AE~DTM*232*20200114~DTM*233*20200114~SVC*HC:99213*90*65.81**1~DTM*472*20200114~CAS*CO*45*24.19~REF*6R*CPM2XSUUFR3X~AMT*B6*65.81~LQ*HE*N77~LQ*HE*N381~CLP*000100026688*2*52*32.28**MC*2020028059992~NM1*QC*1*WEEKS*KIMBERLY*D***MR*Y066781~NM1*82*1*HOOSHMAND-PARSI*KAYHOSROW****XX*1447291851~REF*EA*5AE5C3E4848C4B428F92A5FC452587AF~DTM*232*20191212~DTM*233*20191212~SVC*HC:96127*8*0**0**1~DTM*472*20191212~CAS*PI*16*8~REF*6R*CPM2VV0766LA~LQ*HE*N30~LQ*HE*MA92~LQ*HE*MA92~SVC*HC:99408*44*32.28**1~DTM*472*20191212~CAS*CO*45*11.72~REF*6R*CPM2ROGPDCGK~AMT*B6*32.28~LQ*HE*N381~CLP*000100028115*1*311*170.94**MC*2020028060047~NM1*QC*1*WILLIS*CHARLES*D***MR*P650839~NM1*82*1*CADDALI*ESTRELLA*A***XX*1164974580~REF*EA*EE92ED2F4C0A42D7861108244974E48F~DTM*232*20200114~DTM*233*20200114~SVC*HC:99395:25*165*107.82**1~DTM*472*20200114~CAS*CO*45*57.18~REF*6R*CPM2NOUR3ME2~AMT*B6*107.82~LQ*HE*N381~SVC*HC:90471*35*19.46**1~DTM*472*20200114~CAS*CO*45*15.54~REF*6R*CPM2QTOUAX58~AMT*B6*19.46~LQ*HE*N381~SVC*HC:90674*35*21.74**1~DTM*472*20200114~CAS*CO*45*13.26~REF*6R*CPM250931BGU~AMT*B6*21.74~LQ*HE*N381~SVC*HC:H0049*36*10.92**1~DTM*472*20200114~CAS*CO*45*25.08~REF*6R*CPM2VBRAA7ZZ~AMT*B6*10.92~LQ*HE*N381~SVC*HC:G8510*40*11**1~DTM*472*20200114~CAS*CO*45*29~REF*6R*CPM2O3ZHYG84~AMT*B6*11~LQ*HE*N381~CLP*000100023135*1*134*97.11**MC*2020030071462~NM1*QC*1*WORNICK*THOMAS*A***MR*P422385~NM1*82*1*HOOSHMAND-PARSI*KAYHOSROW****XX*1447291851~REF*EA*2606F182133A4957A89D3DA66C99B113~DTM*232*20191002~DTM*233*20191002~SVC*HC:99214*134*97.11**1~DTM*472*20191002~CAS*CO*45*36.89~REF*6R*CP2XB2CRAJNO~AMT*B6*97.11~LQ*HE*N381~CLP*000100023097*1*149*97.11**MC*2020030071488~NM1*QC*1*WYATT*SERENITY*L***MR*P779049~NM1*82*1*HOOSHMAND-PARSI*KAYHOSROW****XX*1447291851~REF*EA*84017CE1480E41F4BCBDCA328A12B1B3~DTM*232*20191002~DTM*233*20191002~SVC*HC:99214:25*134*97.11**1~DTM*472*20191002~CAS*CO*45*36.89~REF*6R*CP2XBSNFNIAV~AMT*B6*97.11~LQ*HE*N381~SVC*HC:81025*15*0**0**1~DTM*472*20191002~CAS*OA*18*15~REF*6R*CP2XOQKDNNHJ~LQ*HE*N381~CLP*000100028356*1*90*65.81**MC*2020028059801~NM1*QC*1*ZENTENO*LUIS****MR*P095022~NM1*82*1*GRONEMEYER*LEANNE*R***XX*1659521045~REF*EA*5266EA9B5467401B955B6CFCFCE5F007~DTM*232*20200116~DTM*233*20200116~SVC*HC:99213*90*65.81**1~DTM*472*20200116~CAS*CO*45*24.19~REF*6R*CPM2L1GJ06WQ~AMT*B6*65.81~LQ*HE*N381~CLP*000100022993*4*149*0**MC*2020030071317~NM1*QC*1*BAROS*MELANIE*A***MR*L096798~NM1*82*1*HOOSHMAND-PARSI*KAYHOSROW****XX*1447291851~REF*EA*5AA458B1A9744BDE9AA7BECE5AD43EFB~DTM*232*20191001~DTM*233*20191001~SVC*HC:99214:25*134*0**0**1~DTM*472*20191001~CAS*PI*16*134~REF*6R*CP2XRHEJI4GM~LQ*HE*N381~SVC*HC:81025*15*0**0**1~DTM*472*20191001~CAS*PI*16*15~REF*6R*CP2X3KOI5ZB5~LQ*HE*N381~CLP*000100023009*4*115*0**MC*2020030071446~NM1*QC*1*CASAUS*TRACY*A***MR*K186814~NM1*82*1*LEWIS*HOLLY*G***XX*1295234128~REF*EA*A005433B010542C89DB2F5275E06FA24~DTM*232*20191001~DTM*233*20191001~SVC*HC:90837*115*0**0**1~DTM*472*20191001~CAS*PI*16*115~REF*6R*CP2XSK04BQFA~LQ*HE*N381~CLP*000100028561*4*175*0**MC*2020028060023~NM1*QC*1*THOMPSON*JOANN****MR*P818616~NM1*82*1*SEARLES*DENISE*A***XX*1396971230~REF*EA*56DDC0A615E044ECAC6B67594A3A8138~DTM*232*20200121~DTM*233*20200121~SVC*HC:99396*175*0**0**1~DTM*472*20200121~CAS*PI*119*175~REF*6R*CPM299B3AL4D~LQ*HE*N56~LQ*HE*N381~CLP*000100025974*4*90*0**MC*2020028059923~NM1*QC*1*TORRES*MIGUEL*L***MR*M887971~NM1*82*1*HOOSHMAND-PARSI*KAYHOSROW****XX*1447291851~REF*EA*085FBE52900F4837A96A9D8BE964EC1F~DTM*232*20191202~DTM*233*20191202~SVC*HC:99213*90*0**0**1~DTM*472*20191202~CAS*PI*96*90~REF*6R*CPM23X9I6HBV~LQ*HE*N77~LQ*HE*N30~LQ*HE*MA92~CLP*000100026070*4*134*0**MC*2020028059924~NM1*QC*1*TORRES*MIGUEL*L***MR*M887971~NM1*82*1*HOOSHMAND-PARSI*KAYHOSROW****XX*1447291851~REF*EA*185E1F27C39F44E7B0E94D9FD2000E8B~DTM*232*20191203~DTM*233*20191203~SVC*HC:99214*134*0**0**1~DTM*472*20191203~CAS*PI*96*134~REF*6R*CPM2QHMRT30I~LQ*HE*N77~LQ*HE*N30~LQ*HE*MA92~CLP*000100026545*4*134*0**MC*2020028059926~NM1*QC*1*TORRES*MIGUEL*L***MR*M887971~NM1*82*1*HOOSHMAND-PARSI*KAYHOSROW****XX*1447291851~REF*EA*E3648628817444BB8AD7BC34FC743FF3~DTM*232*20191210~DTM*233*20191210~SVC*HC:99214*134*0**0**1~DTM*472*20191210~CAS*PI*96*134~REF*6R*CPM2VYUPXOJ0~LQ*HE*N77~LQ*HE*N30~LQ*HE*MA92~PLB*1508250911*20201231*CS:0000373851255*-12.94*CS:0000373851255*12.94~SE*3355*000010012~GE*1*200000581~IEA*1*200000581~