ISA*00*          *00*          *ZZ*COMEDASSISTPROG*ZZ*6769489        *191104*0227*^*00501*300000246*0*P*:~GS*HP*COMEDASSISTPROG*6769489*20191104*022732*300000246*X*005010X221A1~ST*835*000010013~BPR*I*17629.3*C*ACH*CCP*01*075911603*DA*00000004556640373*1811725341**01*102000076*DA*2838835219*20191104~TRN*1*000804820*1811725341~REF*EV*1508250911~DTM*405*20191101~N1*PR*CO_TXIX*XV*7912900843~N3*P.O. BOX 30~N4*DENVER*CO*80201~PER*CX*MEDICAID PROVIDER SERVICES*TE*8442352387~PER*BL*MEDICAID PROVIDER SERVICES*TE*8442352387~N1*PE*HEALTH SOLUTIONS MED CENTER*XX*1508250911~REF*TJ*841158933~LX*1~CLP*000100023342*2*134*18.93**MC*2019302003582~NM1*QC*1*GRABER*CANDACE*R***MR*J031557~NM1*82*1*GRONEMEYER*LEANNE*R***XX*1659521045~REF*EA*EA81F20AA7404A01864EABA4E441861C~DTM*232*20191008~DTM*233*20191008~SVC*HC:99214*134*18.93**1~DTM*472*20191008~CAS*CO*45*115.07~REF*6R*CP3TDOPW6JD2~AMT*B6*18.93~LQ*HE*N381~LQ*HE*N381~CLP*000100023285*2*23.15*3.5**MC*2019305035245~NM1*QC*1*LUCERO*JOSEPH*M***MR*R578443~NM1*82*1*HOOSHMAND-PARSI*KAYHOSROW****XX*1447291851~REF*EA*9BAE612F816E47688C5808B830EF174B~DTM*232*20191007~DTM*233*20191007~SVC*HC:93000*23.15*3.5**1~DTM*472*20191007~CAS*CO*45*19.65~REF*6R*CPCLWNX2GO0L~AMT*B6*3.5~LQ*HE*N381~LQ*HE*N381~CLP*000100023172*2*134*18.93**MC*2019302003583~NM1*QC*1*MARRONE*JOHN*H***MR*G491256~NM1*82*1*KLAKER*JULIE*M***XX*1215134705~REF*EA*20E2539916CB43A8A09C4E69F5AF4A94~DTM*232*20191003~DTM*233*20191003~SVC*HC:99214*134*18.93**1~DTM*472*20191003~CAS*CO*45*115.07~REF*6R*CP3TNFJ56WKO~AMT*B6*18.93~LQ*HE*N381~LQ*HE*N381~CLP*000100023154*2*159*13.29**MC*2019302003588~NM1*QC*1*MONTEZ*TABITHA*L***MR*V286116~NM1*82*1*HOOSHMAND-PARSI*KAYHOSROW****XX*1447291851~REF*EA*DB221A9A90004D99B3C47078A7AFB090~DTM*232*20191003~DTM*233*20191003~SVC*HC:99214:25*134*9.79**1~DTM*472*20191003~CAS*CO*45*124.21~REF*6R*CP3T54KNKEE7~AMT*B6*9.79~LQ*HE*N381~LQ*HE*N381~SVC*HC:93000*25*3.5**1~DTM*472*20191003~CAS*CO*45*21.5~REF*6R*CP3TDC73C4DE~AMT*B6*3.5~LQ*HE*N381~LQ*HE*N381~CLP*000100023300*2*134*9.79**MC*2019302003585~NM1*QC*1*ORTIZ*DEBORAH*M***MR*K925625~NM1*82*1*HOOSHMAND-PARSI*KAYHOSROW****XX*1447291851~REF*EA*6812E38D6B3948B682FFF218DDE173DF~DTM*232*20191007~DTM*233*20191007~SVC*HC:99214*134*9.79**1~DTM*472*20191007~CAS*CO*45*124.21~REF*6R*CP3TR0S1G78M~AMT*B6*9.79~LQ*HE*N381~LQ*HE*N381~CLP*000100023221*2*134*18.93**MC*2019302003587~NM1*QC*1*SWETKY*VICTOR****MR*N729768~NM1*82*1*GRONEMEYER*LEANNE*R***XX*1659521045~REF*EA*EFB666F4D2F7486CA28636BDE6D2A03A~DTM*232*20191003~DTM*233*20191003~SVC*HC:99214*134*18.93**1~DTM*472*20191003~CAS*CO*45*115.07~REF*6R*CP3TMD7GKVAB~AMT*B6*18.93~LQ*HE*N381~LQ*HE*N381~CLP*000100023209*4*257*0**MC*2019303054087~NM1*QC*1*DICKERSON*RAUNITA****MR*G832391~NM1*82*1*GRONEMEYER*LEANNE*R***XX*1659521045~REF*EA*2341236BDBA54537B4AD8D8F85BA0A70~DTM*232*20191003~DTM*233*20191003~SVC*HC:99213:25*90*0**0**1~DTM*472*20191003~CAS*PI*16*90~REF*6R*CP5TFLQ4SJZF~LQ*HE*N554~SVC*HC:96372*32*0**0**1~DTM*472*20191003~CAS*PI*16*32~REF*6R*CP5TZIHERCGS~LQ*HE*N554~SVC*HC:J1050*135*0**0**150~DTM*472*20191003~CAS*PI*16*135~REF*6R*CP5TGY7T19QB~LQ*HE*N554~CLP*000100023209*4*257*0**MC*2019305035244~NM1*QC*1*DICKERSON*RAUNITA****MR*G832391~NM1*82*1*GRONEMEYER*LEANNE*R***XX*1659521045~REF*EA*CE3767FE9E34407D8371156394A5081C~DTM*232*20191003~DTM*233*20191003~SVC*HC:99213:25*90*0**0**1~DTM*472*20191003~CAS*PI*16*90~REF*6R*CPCLWYIS3K7T~LQ*HE*N554~SVC*HC:96372*32*0**0**1~DTM*472*20191003~CAS*PI*16*32~REF*6R*CPCL8DVABVMW~LQ*HE*N554~SVC*HC:J1050*135*0**0**150~DTM*472*20191003~CAS*PI*16*135~REF*6R*CPCLIYHBKJQ2~LQ*HE*N554~CLP*000100022661*4*90*0**MC*2019305035227~NM1*QC*1*REYNOLDS*CATHERINE*M***MR*P336806~NM1*82*1*GRONEMEYER*LEANNE*R***XX*1659521045~REF*EA*5EFB7B5C15F043DE9A7C21C2499B3185~DTM*232*20190923~DTM*233*20190923~DTM*036*20190831~SVC*HC:99213*90*0**0**1~DTM*472*20190923~CAS*CO*26*90~REF*6R*CPCLY6UNT3VF~LQ*HE*N30~CLP*000100023335*4*134*0**MC*2019305035249~NM1*QC*1*SOILEAU*JOSEPH****MR*O245736~NM1*82*1*LUCAS*PEGGI*S***XX*1366419582~REF*EA*0C14C9753D2A46BFA4015174F2F3063F~DTM*232*20191008~DTM*233*20191008~SVC*HC:99214*134*0**0**1~DTM*472*20191008~CAS*PI*96*134~REF*6R*CPCLAM1Q8L8O~LQ*HE*N56~CLP*000100022127*22*-134*-9.79**MC*2019283062782~NM1*QC*1*CHAVEZ*CHRISTOPHER****MR*D491163~NM1*82*1*GRONEMEYER*LEANNE*R***XX*1659521045~REF*EA*DA45D854CB2F4508BE7D12FF16F2BEB8~DTM*232*20190909~DTM*233*20190909~SVC*HC:99214*-134*-9.79**1~DTM*472*20190909~CAS*CO*45*-124.21~REF*6R*CP3TJ7BFDFW8~AMT*B6*9.79~LQ*HE*N381~LQ*HE*N381~CLP*000100022127*4*134*0**MC*5919302010870~NM1*QC*1*CHAVEZ*CHRISTOPHER****MR*D491163~NM1*82*1*GRONEMEYER*LEANNE*R***XX*1659521045~REF*EA*DA45D854CB2F4508BE7D12FF16F2BEB8~DTM*232*20190909~DTM*233*20190909~SVC*HC:99214*134*0**1~DTM*472*20190909~CAS*CO*129*134~REF*6R*CP3TJ7BFDFW8~LQ*HE*N59~CLP*000100023200*1*330*201.51**MC*2019303055620~NM1*QC*1*ADAMS*CHRISTOPHER****MR*Y546450~NM1*82*1*SEARLES*DENISE*A***XX*1396971230~REF*EA*7D17C883E8074903B12F81D4B6AB3DB4~DTM*232*20191003~DTM*233*20191003~SVC*HC:99204:25*205*149.59**1~DTM*472*20191003~CAS*CO*45*55.41~REF*6R*CP5TD3D15OZW~AMT*B6*149.59~LQ*HE*N381~SVC*HC:99415*45*7.11**1~DTM*472*20191003~CAS*CO*45*37.89~REF*6R*CP5T9Z8GV3UT~AMT*B6*7.11~LQ*HE*N381~SVC*HC:H0049*36*10.92**1~DTM*472*20191003~CAS*CO*45*25.08~REF*6R*CP5TK7RO743N~AMT*B6*10.92~LQ*HE*N381~SVC*HC:G8431*40*30.52**1~DTM*472*20191003~CAS*CO*45*9.48~REF*6R*CP5TY86YEB56~AMT*B6*30.52~LQ*HE*N381~SVC*HC:81002*4*3.37**1~DTM*472*20191003~CAS*CO*45*.63~REF*6R*CP5TCNU0OYH4~AMT*B6*3.37~LQ*HE*N381~CLP*000100024300*1*134*95.11*2*MC*2019305035576~NM1*QC*1*ALLISON*AMY*J***MR*T744116~NM1*82*1*SEARLES*DENISE*A***XX*1396971230~REF*EA*C37D633B1D7D4A0E8284805CC2382A0E~DTM*232*20191029~DTM*233*20191029~SVC*HC:99214*134*95.11**1~DTM*472*20191029~CAS*PR*3*2~CAS*CO*45*36.89~REF*6R*CPCL478GAK1E~AMT*B6*97.11~LQ*HE*N381~LQ*HE*N381~CLP*000100024361*1*134*97.11**MC*2019305035571~NM1*QC*1*ALLISON*JAXON****MR*Y010654~NM1*82*1*LUCAS*PEGGI*S***XX*1366419582~REF*EA*559706CF9A2D49BD90F11127B5E65D00~DTM*232*20191029~DTM*233*20191029~SVC*HC:99214*134*97.11**1~DTM*472*20191029~CAS*CO*45*36.89~REF*6R*CPCLLMZ6FIKI~AMT*B6*97.11~LQ*HE*N381~CLP*000100024249*1*90*65.81**MC*2019303055560~NM1*QC*1*ANDERSON*JACQULINE*M***MR*G934658~NM1*82*1*SEARLES*DENISE*A***XX*1396971230~REF*EA*57825F0B4F7C4F259F336FFDB24B4F0F~DTM*232*20191025~DTM*233*20191025~SVC*HC:99213*90*65.81**1~DTM*472*20191025~CAS*CO*45*24.19~REF*6R*CP5TNA6ST675~AMT*B6*65.81~LQ*HE*N381~CLP*000100024048*1*134*97.11**MC*2019301051858~NM1*QC*1*ARAGON*NESTOR****MR*R427575~NM1*82*1*LUCAS*PEGGI*S***XX*1366419582~REF*EA*42E65FCF44314E7E90CB0262199B359E~DTM*232*20191022~DTM*233*20191022~SVC*HC:99214*134*97.11**1~DTM*472*20191022~CAS*CO*45*36.89~REF*6R*CP41ZFCGXRPC~AMT*B6*97.11~LQ*HE*N381~CLP*000100024215*1*341*204.48*2*MC*2019303055635~NM1*QC*1*ARCHULETTA*CHARTAE****MR*S666957~NM1*74*1*ARCHULETA**R~NM1*82*1*KLAKER*JULIE*M***XX*1215134705~REF*EA*A4F2AD9DE26E4EDEB37D3A3A0B13FF72~DTM*232*20191025~DTM*233*20191025~SVC*HC:99204:25*205*147.59**1~DTM*472*20191025~CAS*PR*3*2~CAS*CO*45*55.41~REF*6R*CP5TP2K6YLAR~AMT*B6*149.59~LQ*HE*N381~LQ*HE*N381~SVC*HC:99415*45*7.11**1~DTM*472*20191025~CAS*CO*45*37.89~REF*6R*CP5TA78UNC7J~AMT*B6*7.11~LQ*HE*N381~SVC*HC:H0049*36*10.92**1~DTM*472*20191025~CAS*CO*45*25.08~REF*6R*CP5TS1071N6Y~AMT*B6*10.92~LQ*HE*N381~SVC*HC:G8431*40*30.52**1~DTM*472*20191025~CAS*CO*45*9.48~REF*6R*CP5TYHHJEOC5~AMT*B6*30.52~LQ*HE*N381~SVC*HC:81025*15*8.34**1~DTM*472*20191025~CAS*CO*45*6.66~REF*6R*CP5T088Y6Q3M~AMT*B6*8.34~LQ*HE*N381~CLP*000100024215*1*1837*1193.2**MC*2019305035345~NM1*QC*1*ARCHULETTA*CHARTAE****MR*S666957~NM1*74*1*ARCHULETA**R~NM1*82*1*KLAKER*JULIE*M***XX*1215134705~REF*EA*47126336CEE7491594085684D48F4683~DTM*232*20191025~DTM*233*20191025~SVC*HC:96372*32*0**0**1~DTM*472*20191025~CAS*CO*109*32~REF*6R*CPCLOZVOEBCF~LQ*HE*N381~SVC*HC:J2315*1805*1193.2**380~DTM*472*20191025~CAS*CO*45*611.8~REF*6R*CPCLSUM8OT26~AMT*B6*1193.2~LQ*HE*N381~CLP*000100024307*1*134*97.11**MC*2019305035759~NM1*QC*1*ARGUELLO*MARY*L***MR*I158767~NM1*82*1*LUCAS*PEGGI*S***XX*1366419582~REF*EA*34DA35DB4FD14CFCA4FCCB35211516A1~DTM*232*20191029~DTM*233*20191029~SVC*HC:99214*134*97.11**1~DTM*472*20191029~CAS*CO*45*36.89~REF*6R*CPCLYQAJH9AF~AMT*B6*97.11~LQ*HE*N381~CLP*000100024261*1*391*243.22**MC*2019305035765~NM1*QC*1*ARGUELLO*MARY*L***MR*I158767~NM1*82*1*LUCAS*PEGGI*S***XX*1366419582~REF*EA*6BA8139A7E314A47A9CA078CE68AC764~DTM*232*20191028~DTM*233*20191028~SVC*HC:99205:25*255*186.33**1~DTM*472*20191028~CAS*CO*45*68.67~REF*6R*CPCLY24FW1DI~AMT*B6*186.33~LQ*HE*N381~SVC*HC:99415*45*7.11**1~DTM*472*20191028~CAS*CO*45*37.89~REF*6R*CPCLGZL0YKHN~AMT*B6*7.11~LQ*HE*N381~SVC*HC:H0049*36*10.92**1~DTM*472*20191028~CAS*CO*45*25.08~REF*6R*CPCLJRR8N9PV~AMT*B6*10.92~LQ*HE*N381~SVC*HC:G8431*40*30.52**1~DTM*472*20191028~CAS*CO*45*9.48~REF*6R*CPCLUOD35YSF~AMT*B6*30.52~LQ*HE*N381~SVC*HC:81025*15*8.34**1~DTM*472*20191028~CAS*CO*45*6.66~REF*6R*CPCL1UOZ05UG~AMT*B6*8.34~LQ*HE*N381~CLP*000100024159*1*157.15*118.61**MC*2019301051888~NM1*QC*1*ARMSTRONG*JONATHON*H***MR*N774392~NM1*82*1*CADDALI*ESTRELLA*A***XX*1164974580~REF*EA*8BDFF07C9F49474FB317B288A7D3AE6E~DTM*232*20191024~DTM*233*20191024~SVC*HC:99214:25*134*97.11**1~DTM*472*20191024~CAS*CO*45*36.89~REF*6R*CP41FPNLC7CO~AMT*B6*97.11~LQ*HE*N381~SVC*HC:93000*23.15*21.5**1~DTM*472*20191024~CAS*CO*45*1.65~REF*6R*CP41GBO816GK~AMT*B6*21.5~LQ*HE*N381~CLP*000100024189*1*149*105.45**MC*2019303055656~NM1*QC*1*AVILA*KRISTA*M***MR*K943511~NM1*82*1*SEARLES*DENISE*A***XX*1396971230~REF*EA*0B2661390E3B40B383A7622861CCFD51~DTM*232*20191024~DTM*233*20191024~SVC*HC:99214:25*134*97.11**1~DTM*472*20191024~CAS*CO*45*36.89~REF*6R*CP5TSTS6AZZI~AMT*B6*97.11~LQ*HE*N381~SVC*HC:81025*15*8.34**1~DTM*472*20191024~CAS*CO*45*6.66~REF*6R*CP5T56GUHYPG~AMT*B6*8.34~LQ*HE*N381~CLP*000100024015*1*90*63.81*2*MC*2019301051901~NM1*QC*1*BAIRD*JEANIE*M***MR*G251794~NM1*82*1*SEARLES*DENISE*A***XX*1396971230~REF*EA*F6B3E30722BF46FABB0EE78D92A6C785~DTM*232*20191022~DTM*233*20191022~SVC*HC:99213*90*63.81**1~DTM*472*20191022~CAS*PR*3*2~CAS*CO*45*24.19~REF*6R*CP41SMQ44SW1~AMT*B6*65.81~LQ*HE*N381~LQ*HE*N381~CLP*000100024273*1*90*65.81**MC*2019305035790~NM1*QC*1*BAKER*TYRIE*R***MR*Q329871~NM1*82*1*LUCAS*PEGGI*S***XX*1366419582~REF*EA*179A538B256F47F5925FB68083D0E8EB~DTM*232*20191028~DTM*233*20191028~SVC*HC:99213*90*65.81**1~DTM*472*20191028~CAS*CO*45*24.19~REF*6R*CPCLTMBEH7SF~AMT*B6*65.81~LQ*HE*N381~CLP*000100024191*1*105*74.15**MC*2019303055675~NM1*QC*1*BANKSTON*AMANDA*M***MR*G892642~NM1*82*1*SEARLES*DENISE*A***XX*1396971230~REF*EA*799337FE4C864964A04C0665BCC7A717~DTM*232*20191024~DTM*233*20191024~SVC*HC:99213:25*90*65.81**1~DTM*472*20191024~CAS*CO*45*24.19~REF*6R*CP5TATEI6JEX~AMT*B6*65.81~LQ*HE*N381~SVC*HC:81025*15*8.34**1~DTM*472*20191024~CAS*CO*45*6.66~REF*6R*CP5TZ3PZ42LG~AMT*B6*8.34~LQ*HE*N381~CLP*000100024103*1*105*74.15**MC*2019301051864~NM1*QC*1*BAROS*MELANIE*A***MR*L096798~NM1*82*1*GRONEMEYER*LEANNE*R***XX*1659521045~REF*EA*610A6308C27C4C468B8149D14FCD8C62~DTM*232*20191023~DTM*233*20191023~SVC*HC:99213:25*90*65.81**1~DTM*472*20191023~CAS*CO*45*24.19~REF*6R*CP41OS1JVYLG~AMT*B6*65.81~LQ*HE*N381~SVC*HC:81025*15*8.34**1~DTM*472*20191023~CAS*CO*45*6.66~REF*6R*CP41VYK5N57C~AMT*B6*8.34~LQ*HE*N381~CLP*000100024266*1*149*105.45**MC*2019305035404~NM1*QC*1*BAROS*MELANIE*A***MR*L096798~NM1*82*1*LUCAS*PEGGI*S***XX*1366419582~REF*EA*F90FC512D6BA42AA818F8BF33E9CE518~DTM*232*20191028~DTM*233*20191028~SVC*HC:99214:25*134*97.11**1~DTM*472*20191028~CAS*CO*45*36.89~REF*6R*CPCL0ND3OV5L~AMT*B6*97.11~LQ*HE*N381~SVC*HC:81025*15*8.34**1~DTM*472*20191028~CAS*CO*45*6.66~REF*6R*CPCLM8DMQTIS~AMT*B6*8.34~LQ*HE*N381~CLP*000100023894*1*149*105.45**MC*2019301051877~NM1*QC*1*BENAVIDEZ*MICHELLE*N***MR*M679006~NM1*82*1*SEARLES*DENISE*A***XX*1396971230~REF*EA*6CC99989A4CD4B39B704C45225956503~DTM*232*20191017~DTM*233*20191017~SVC*HC:99214:25*134*97.11**1~DTM*472*20191017~CAS*CO*45*36.89~REF*6R*CP413M943I0C~AMT*B6*97.11~LQ*HE*N381~SVC*HC:81025*15*8.34**1~DTM*472*20191017~CAS*CO*45*6.66~REF*6R*CP41DRKUVUU6~AMT*B6*8.34~LQ*HE*N381~CLP*000100024201*1*134*96.95*.16*MC*2019303055697~NM1*QC*1*BOWDOIN*JOHN*C***MR*G294821~NM1*82*1*CADDALI*ESTRELLA*A***XX*1164974580~REF*EA*12D9BC0A47664845A3172220119C100B~DTM*232*20191024~DTM*233*20191024~SVC*HC:99214*134*96.95**1~DTM*472*20191024~CAS*PR*3*.16~CAS*CO*45*36.89~REF*6R*CP5TAYZ6V4B1~AMT*B6*97.11~LQ*HE*N381~LQ*HE*N381~CLP*000100024333*1*149*105.45**MC*2019305035609~NM1*QC*1*CALDERON*DAVINA*R***MR*J450070~NM1*82*1*LUCAS*PEGGI*S***XX*1366419582~REF*EA*F27C6E10AF55409C9348FE93AAC76627~DTM*232*20191029~DTM*233*20191029~SVC*HC:99214:25*134*97.11**1~DTM*472*20191029~CAS*CO*45*36.89~REF*6R*CPCLCL9SNGBI~AMT*B6*97.11~LQ*HE*N381~SVC*HC:81025*15*8.34**1~DTM*472*20191029~CAS*CO*45*6.66~REF*6R*CPCLSOT43NJ0~AMT*B6*8.34~LQ*HE*N381~CLP*000100024052*1*245*156.14**MC*2019301051884~NM1*QC*1*CARRILLO*VICTOR*D***MR*P108869~NM1*82*1*CADDALI*ESTRELLA*A***XX*1164974580~REF*EA*8346BFADB1B448CCA110429F2B6C84E8~DTM*232*20191022~DTM*233*20191022~SVC*HC:99396:25*175*114.94**1~DTM*472*20191022~CAS*CO*45*60.06~REF*6R*CP41KY428KB8~AMT*B6*114.94~LQ*HE*N381~SVC*HC:90471*35*19.46**1~DTM*472*20191022~CAS*CO*45*15.54~REF*6R*CP4135XEO2HL~AMT*B6*19.46~LQ*HE*N381~SVC*HC:90674*35*21.74**1~DTM*472*20191022~CAS*CO*45*13.26~REF*6R*CP41OD6JS553~AMT*B6*21.74~LQ*HE*N381~CLP*000100022945*1*134*97.11**MC*2019305035517~NM1*QC*1*CASACK*JACOB****MR*Y190717~NM1*82*1*LUCAS*PEGGI*S***XX*1366419582~REF*EA*9094E983D40D4ED185CADE9BE6B9FDEE~DTM*232*20190930~DTM*233*20190930~SVC*HC:99214*134*97.11**1~DTM*472*20190930~CAS*CO*45*36.89~REF*6R*CPCLO88OXD8U~AMT*B6*97.11~LQ*HE*N381~CLP*000100024077*1*160*107.01**MC*2019301051857~NM1*QC*1*CASEY*ELLEN****MR*R305730~NM1*82*1*CADDALI*ESTRELLA*A***XX*1164974580~REF*EA*ED61FC8E00FF4264AD0D4FD5DFCDF9D6~DTM*232*20191023~DTM*233*20191023~SVC*HC:99213:25*90*65.81**1~DTM*472*20191023~CAS*CO*45*24.19~REF*6R*CP41ZGBZIJ15~AMT*B6*65.81~LQ*HE*N381~SVC*HC:90471*35*19.46**1~DTM*472*20191023~CAS*CO*45*15.54~REF*6R*CP4133OIVMO5~AMT*B6*19.46~LQ*HE*N381~SVC*HC:90674*35*21.74**1~DTM*472*20191023~CAS*CO*45*13.26~REF*6R*CP417SOKBO77~AMT*B6*21.74~LQ*HE*N381~CLP*000100024080*1*134*97.11**MC*2019301051898~NM1*QC*1*CHAVEZ*DALTON****MR*Q846049~NM1*82*1*GRONEMEYER*LEANNE*R***XX*1659521045~REF*EA*3C9C3F9D7C18469BB9ACCA59CB5AF3A2~DTM*232*20191023~DTM*233*20191023~SVC*HC:99214*134*97.11**1~DTM*472*20191023~CAS*CO*45*36.89~REF*6R*CP41UGREW0QQ~AMT*B6*97.11~LQ*HE*N381~CLP*000100024303*1*134*97.11**MC*2019305035728~NM1*QC*1*CHAVEZ*DALTON****MR*Q846049~NM1*82*1*LUCAS*PEGGI*S***XX*1366419582~REF*EA*DFF0B8BC3898422B8916E97E159F4834~DTM*232*20191029~DTM*233*20191029~SVC*HC:99214*134*97.11**1~DTM*472*20191029~CAS*CO*45*36.89~REF*6R*CPCLL1N25VTW~AMT*B6*97.11~LQ*HE*N381~CLP*000100024214*1*90*65.81**MC*2019303055569~NM1*QC*1*CHAVEZ*MELISSA****MR*J002962~NM1*82*1*SEARLES*DENISE*A***XX*1396971230~REF*EA*E55FECB4E7234B8E938F623AFE3F303B~DTM*232*20191025~DTM*233*20191025~SVC*HC:99213*90*65.81**1~DTM*472*20191025~CAS*CO*45*24.19~REF*6R*CP5TQ13P4AA7~AMT*B6*65.81~LQ*HE*N381~CLP*000100024184*1*221*103.39*2*MC*2019303055688~NM1*QC*1*COOK*CARLA****MR*P218147~NM1*82*1*CADDALI*ESTRELLA*A***XX*1164974580~REF*EA*47C42A3E15A24101A751894A6B9766DA~DTM*232*20191024~DTM*233*20191024~SVC*HC:99203:25:FP*145*81.47**1~DTM*472*20191024~CAS*PR*3*2~CAS*CO*45*61.53~REF*6R*CP5TUG6ALYZK~AMT*B6*83.47~LQ*HE*N381~LQ*HE*N381~SVC*HC:H0049*36*10.92**1~DTM*472*20191024~CAS*CO*45*25.08~REF*6R*CP5TBUBU3RY0~AMT*B6*10.92~LQ*HE*N381~SVC*HC:G8510*40*11**1~DTM*472*20191024~CAS*CO*45*29~REF*6R*CP5T4XOQC2KS~AMT*B6*11~LQ*HE*N381~CLP*000100024031*1*221*117.35*2*MC*2019301051894~NM1*QC*1*COWLING*CHRISTOPHER****MR*D759791~NM1*82*1*SEARLES*DENISE*A***XX*1396971230~REF*EA*3BF8E2171F2A4025839CDBFA6C1BE134~DTM*232*20191022~DTM*233*20191022~SVC*HC:99203:25*145*95.43**1~DTM*472*20191022~CAS*PR*3*2~CAS*CO*45*47.57~REF*6R*CP41TZDUWB86~AMT*B6*97.43~LQ*HE*N381~LQ*HE*N381~SVC*HC:H0049*36*10.92**1~DTM*472*20191022~CAS*CO*45*25.08~REF*6R*CP41JSWNFX11~AMT*B6*10.92~LQ*HE*N381~SVC*HC:G8510*40*11**1~DTM*472*20191022~CAS*CO*45*29~REF*6R*CP41D1BSRTJ6~AMT*B6*11~LQ*HE*N381~CLP*000100024218*1*175*114.94**MC*2019303055591~NM1*QC*1*CRESPIN*GILBERT****MR*M707740~NM1*82*1*SEARLES*DENISE*A***XX*1396971230~REF*EA*018BC0ED93834A848AE26E1472A0D637~DTM*232*20191025~DTM*233*20191025~SVC*HC:99396*175*114.94**1~DTM*472*20191025~CAS*CO*45*60.06~REF*6R*CP5T6BC85GX7~AMT*B6*114.94~LQ*HE*N381~CLP*000100024082*1*149*105.45**MC*2019301051890~NM1*QC*1*CRUZ*KC****MR*N045363~NM1*82*1*KLAKER*JULIE*M***XX*1215134705~REF*EA*E93BAD55EA4E4E949E08C67FC64E39E0~DTM*232*20191023~DTM*233*20191023~SVC*HC:99214:25*134*97.11**1~DTM*472*20191023~CAS*CO*45*36.89~REF*6R*CP413501461K~AMT*B6*97.11~LQ*HE*N381~SVC*HC:81025*15*8.34**1~DTM*472*20191023~CAS*CO*45*6.66~REF*6R*CP41US0YR092~AMT*B6*8.34~LQ*HE*N381~CLP*000100024082*1*1837*1193.2**MC*2019305035687~NM1*QC*1*CRUZ*KC****MR*N045363~NM1*82*1*KLAKER*JULIE*M***XX*1215134705~REF*EA*1A45EBFA60B846B49588D1FC44E4D0B8~DTM*232*20191023~DTM*233*20191023~SVC*HC:96372*32*0**0**1~DTM*472*20191023~CAS*CO*109*32~REF*6R*CPCL1H0VFUV7~LQ*HE*N381~SVC*HC:J2315*1805*1193.2**380~DTM*472*20191023~CAS*CO*45*611.8~REF*6R*CPCL3UWZICGY~AMT*B6*1193.2~LQ*HE*N381~CLP*000100024110*1*90*65.81**MC*2019301051862~NM1*QC*1*CRUZ*MARIAH****MR*U875752~NM1*82*1*CADDALI*ESTRELLA*A***XX*1164974580~REF*EA*362C750441A64A319C9D7A29A834039C~DTM*232*20191023~DTM*233*20191023~SVC*HC:99213*90*65.81**1~DTM*472*20191023~CAS*CO*45*24.19~REF*6R*CP41UJB09BVN~AMT*B6*65.81~LQ*HE*N381~CLP*000100024283*1*149*105.45**MC*2019305035377~NM1*QC*1*CRUZ*MARIAH****MR*U875752~NM1*82*1*LUCAS*PEGGI*S***XX*1366419582~REF*EA*3B45E5BED9094788A6CC28C4267545AC~DTM*232*20191028~DTM*233*20191028~SVC*HC:99214:25*134*97.11**1~DTM*472*20191028~CAS*CO*45*36.89~REF*6R*CPCLTDF1EII2~AMT*B6*97.11~LQ*HE*N381~SVC*HC:81025*15*8.34**1~DTM*472*20191028~CAS*CO*45*6.66~REF*6R*CPCLEYQ33XN6~AMT*B6*8.34~LQ*HE*N381~CLP*000100024295*1*165*107.82**MC*2019305035454~NM1*QC*1*DAVIS*ZOE****MR*U420492~NM1*82*1*GRONEMEYER*LEANNE*R***XX*1659521045~REF*EA*B801696AD40D495C847E433105BF89D9~DTM*232*20191029~DTM*233*20191029~SVC*HC:99395*165*107.82**1~DTM*472*20191029~CAS*CO*45*57.18~REF*6R*CPCLU37MSNXY~AMT*B6*107.82~LQ*HE*N381~CLP*000100024025*1*204*136.31*2*MC*2019301051886~NM1*QC*1*DUNNEBACK*CHARLENE*Y***MR*O117460~NM1*82*1*GRONEMEYER*LEANNE*R***XX*1659521045~REF*EA*F179705781264E9299A86404B338F9FE~DTM*232*20191022~DTM*233*20191022~SVC*HC:99214:25*134*95.11**1~DTM*472*20191022~CAS*PR*3*2~CAS*CO*45*36.89~REF*6R*CP418CDBWUAW~AMT*B6*97.11~LQ*HE*N381~LQ*HE*N381~SVC*HC:90471*35*19.46**1~DTM*472*20191022~CAS*CO*45*15.54~REF*6R*CP41E7N0D776~AMT*B6*19.46~LQ*HE*N381~SVC*HC:90674*35*21.74**1~DTM*472*20191022~CAS*CO*45*13.26~REF*6R*CP41J2GMI9HS~AMT*B6*21.74~LQ*HE*N381~CLP*000100024341*1*65*55.35**MC*2019305035543~NM1*QC*1*DURAN*CLIFFORD*R***MR*P500498~NM1*82*1*LEWIS*HOLLY*G***XX*1295234128~REF*EA*38DA7F1B0F31431A84BB1D4144FDE6D6~DTM*232*20191029~DTM*233*20191029~SVC*HC:90832*65*55.35**1~DTM*472*20191029~CAS*CO*45*9.65~REF*6R*CPCLPFVOXVG6~AMT*B6*55.35~LQ*HE*N381~CLP*000100024318*1*331*225.77*2*MC*2019305035548~NM1*QC*1*DURAN*CLIFFORD*R***MR*P500498~NM1*82*1*LUCAS*PEGGI*S***XX*1366419582~REF*EA*158BDE10611046CF80E952AAAA2A9DD1~DTM*232*20191029~DTM*233*20191029~SVC*HC:99205:25*255*184.33**1~DTM*472*20191029~CAS*PR*3*2~CAS*CO*45*68.67~REF*6R*CPCLIO041DEK~AMT*B6*186.33~LQ*HE*N381~LQ*HE*N381~SVC*HC:H0049*36*10.92**1~DTM*472*20191029~CAS*CO*45*25.08~REF*6R*CPCLO062NST8~AMT*B6*10.92~LQ*HE*N381~SVC*HC:G8431*40*30.52**1~DTM*472*20191029~CAS*CO*45*9.48~REF*6R*CPCL4RSOAQWF~AMT*B6*30.52~LQ*HE*N381~CLP*000100024194*1*149*105.45**MC*2019303055574~NM1*QC*1*EHLERS*DESIREE*F***MR*P131523~NM1*82*1*KLAKER*JULIE*M***XX*1215134705~REF*EA*996C21787CE14E5ABA994D083794F426~DTM*232*20191024~DTM*233*20191024~SVC*HC:99214:25*134*97.11**1~DTM*472*20191024~CAS*CO*45*36.89~REF*6R*CP5T9TVIO0C9~AMT*B6*97.11~LQ*HE*N381~SVC*HC:81025*15*8.34**1~DTM*472*20191024~CAS*CO*45*6.66~REF*6R*CP5TVPNZ0JNB~AMT*B6*8.34~LQ*HE*N381~CLP*000100024245*1*229.66*125.95**MC*2019303055686~NM1*QC*1*ESPINOZA*ANDY****MR*T095634~NM1*82*1*SEARLES*DENISE*A***XX*1396971230~REF*EA*052085B7313C4FC2AF462EECF3A93DE8~DTM*232*20191025~DTM*233*20191025~SVC*HC:99203:25*145*97.43**1~DTM*472*20191025~CAS*CO*45*47.57~REF*6R*CP5TGXV2BJN6~AMT*B6*97.43~LQ*HE*N381~SVC*HC:H0049*36*10.92**1~DTM*472*20191025~CAS*CO*45*25.08~REF*6R*CP5TEHAFAIKU~AMT*B6*10.92~LQ*HE*N381~SVC*HC:G8510*40*11**1~DTM*472*20191025~CAS*CO*45*29~REF*6R*CP5TFT65TW2X~AMT*B6*11~LQ*HE*N381~SVC*HC:86580*8.66*6.6**1~DTM*472*20191025~CAS*CO*45*2.06~REF*6R*CP5TG8ZSQS4M~AMT*B6*6.6~LQ*HE*N381~CLP*000100024111*1*134*97.11**MC*2019301051900~NM1*QC*1*ESQUIBEL*JASON*K***MR*Y927579~NM1*82*1*LANE*DELLA*J***XX*1417151630~REF*EA*486F2B2F5640484D939B6D1BAFB3DD71~DTM*232*20191023~DTM*233*20191023~SVC*HC:99214*134*97.11**1~DTM*472*20191023~CAS*CO*45*36.89~REF*6R*CP41M7EF5PTG~AMT*B6*97.11~LQ*HE*N381~CLP*000100024063*1*218.66*145.15**MC*2019301051903~NM1*QC*1*FITZPATRICK*TINA****MR*M581665~NM1*82*1*SEARLES*DENISE*A***XX*1396971230~REF*EA*F2885F95DF57448FA87250D4637C194E~DTM*232*20191022~DTM*233*20191022~SVC*HC:99214:25*134*97.11**1~DTM*472*20191022~CAS*CO*45*36.89~REF*6R*CP411D3Z7180~AMT*B6*97.11~LQ*HE*N381~SVC*HC:86580*8.66*6.6**1~DTM*472*20191022~CAS*CO*45*2.06~REF*6R*CP41T67WR9RP~AMT*B6*6.6~LQ*HE*N381~SVC*HC:H0049*36*10.92**1~DTM*472*20191022~CAS*CO*45*25.08~REF*6R*CP41LV9TFGMI~AMT*B6*10.92~LQ*HE*N381~SVC*HC:G8431*40*30.52**1~DTM*472*20191022~CAS*CO*45*9.48~REF*6R*CP41DPW0CWZ5~AMT*B6*30.52~LQ*HE*N381~CLP*000100024149*1*149*105.45**MC*2019301051904~NM1*QC*1*FITZPATRICK*TINA****MR*M581665~NM1*82*1*SEARLES*DENISE*A***XX*1396971230~REF*EA*DFE459A70AD9450A848481116E5A6A9E~DTM*232*20191024~DTM*233*20191024~SVC*HC:99214:25*134*97.11**1~DTM*472*20191024~CAS*CO*45*36.89~REF*6R*CP41E2RJ8NFY~AMT*B6*97.11~LQ*HE*N381~SVC*HC:81025*15*8.34**1~DTM*472*20191024~CAS*CO*45*6.66~REF*6R*CP41U3503609~AMT*B6*8.34~LQ*HE*N381~CLP*000100024240*1*134*97.11**MC*2019303055696~NM1*QC*1*FITZPATRICK*TINA****MR*M581665~NM1*82*1*SEARLES*DENISE*A***XX*1396971230~REF*EA*B20D0A7C218240918826E5415CE0DB78~DTM*232*20191025~DTM*233*20191025~SVC*HC:99214*134*97.11**1~DTM*472*20191025~CAS*CO*45*36.89~REF*6R*CP5TETIM9HZM~AMT*B6*97.11~LQ*HE*N381~CLP*000100024298*1*134*97.11**MC*2019305035776~NM1*QC*1*FITZPATRICK*TINA****MR*M581665~NM1*82*1*SEARLES*DENISE*A***XX*1396971230~REF*EA*889162F4933B40369DE92A135337AB9C~DTM*232*20191029~DTM*233*20191029~SVC*HC:99214*134*97.11**1~DTM*472*20191029~CAS*CO*45*36.89~REF*6R*CPCLC0JTG9J3~AMT*B6*97.11~LQ*HE*N381~CLP*000100024029*1*134*97.11**MC*2019301051881~NM1*QC*1*GARCIA*AMBER****MR*T910667~NM1*82*1*SEARLES*DENISE*A***XX*1396971230~REF*EA*97F3BAD90CE843BA924324C3CB88A64E~DTM*232*20191022~DTM*233*20191022~SVC*HC:99214*134*97.11**1~DTM*472*20191022~CAS*CO*45*36.89~REF*6R*CP41BEOZKAQ3~AMT*B6*97.11~LQ*HE*N381~CLP*000100024217*1*134*97.11**MC*2019303055684~NM1*QC*1*GARCIA*AMBER****MR*T910667~NM1*82*1*SEARLES*DENISE*A***XX*1396971230~REF*EA*1563748AD2114EB4AD221BBBD689327D~DTM*232*20191025~DTM*233*20191025~SVC*HC:99214*134*97.11**1~DTM*472*20191025~CAS*CO*45*36.89~REF*6R*CP5TH0QL9LAD~AMT*B6*97.11~LQ*HE*N381~CLP*000100024097*1*380*218.73**MC*2019301051882~NM1*QC*1*GILMORE*BRIAN*W***MR*U569330~NM1*82*1*GRONEMEYER*LEANNE*R***XX*1659521045~REF*EA*76EE50F5D5EE4CD5B7AA58119C83614F~DTM*232*20191023~DTM*233*20191023~SVC*HC:99205:25*255*186.33**1~DTM*472*20191023~CAS*CO*45*68.67~REF*6R*CP41GXPFWMS6~AMT*B6*186.33~LQ*HE*N381~SVC*HC:99415*45*7.11**1~DTM*472*20191023~CAS*CO*45*37.89~REF*6R*CP41OQBGMBKR~AMT*B6*7.11~LQ*HE*N381~SVC*HC:H0049*36*10.92**1~DTM*472*20191023~CAS*CO*45*25.08~REF*6R*CP41ZTGPZBBL~AMT*B6*10.92~LQ*HE*N381~SVC*HC:G8510*40*11**1~DTM*472*20191023~CAS*CO*45*29~REF*6R*CP414QFO4S86~AMT*B6*11~LQ*HE*N381~SVC*HC:81002*4*3.37**1~DTM*472*20191023~CAS*CO*45*.63~REF*6R*CP41V1WOOUV7~AMT*B6*3.37~LQ*HE*N381~CLP*000100024299*1*134*97.11**MC*2019305035648~NM1*QC*1*GILMORE*BRIAN*W***MR*U569330~NM1*82*1*LUCAS*PEGGI*S***XX*1366419582~REF*EA*10D97FA4B96E4D879257C3AC69FAFB07~DTM*232*20191029~DTM*233*20191029~SVC*HC:99214*134*97.11**1~DTM*472*20191029~CAS*CO*45*36.89~REF*6R*CPCL2M6BGXR2~AMT*B6*97.11~LQ*HE*N381~CLP*000100024262*1*134*97.11**MC*2019305035654~NM1*QC*1*GILMORE*BRIAN*W***MR*U569330~NM1*82*1*LUCAS*PEGGI*S***XX*1366419582~REF*EA*B503A276D26545AEB2AB79683AF11CFD~DTM*232*20191028~DTM*233*20191028~SVC*HC:99214*134*97.11**1~DTM*472*20191028~CAS*CO*45*36.89~REF*6R*CPCLR88EOOVT~AMT*B6*97.11~LQ*HE*N381~CLP*000100024345*1*54*39.39**MC*2019305035363~NM1*QC*1*GONZALES*DESTINEY*M***MR*Y786132~NM1*82*1*CADDALI*ESTRELLA*A***XX*1164974580~REF*EA*9DFEE4BD2FB1487A88E0282FC713348D~DTM*232*20191029~DTM*233*20191029~SVC*HC:99212*54*39.39**1~DTM*472*20191029~CAS*CO*45*14.61~REF*6R*CPCLYFXLXYQD~AMT*B6*39.39~LQ*HE*N381~CLP*000100024083*1*221*119.35**MC*2019301051880~NM1*QC*1*GONZALES*DIEGO*I***MR*Y995436~NM1*82*1*CADDALI*ESTRELLA*A***XX*1164974580~REF*EA*5C2A3FE2C3324E7D884FD4B7DAEC84E8~DTM*232*20191023~DTM*233*20191023~SVC*HC:99203:25*145*97.43**1~DTM*472*20191023~CAS*CO*45*47.57~REF*6R*CP414QZYJDUC~AMT*B6*97.43~LQ*HE*N381~SVC*HC:H0049*36*10.92**1~DTM*472*20191023~CAS*CO*45*25.08~REF*6R*CP41DI3QRHYE~AMT*B6*10.92~LQ*HE*N381~SVC*HC:G8510*40*11**1~DTM*472*20191023~CAS*CO*45*29~REF*6R*CP41FWU6R36L~AMT*B6*11~LQ*HE*N381~CLP*000100024246*1*160*107.01**MC*2019303055652~NM1*QC*1*GONZALES*JAMIE*S***MR*X142887~NM1*82*1*CADDALI*ESTRELLA*A***XX*1164974580~REF*EA*E0243201EF3E409FB74BEFF1FC8EBEFD~DTM*232*20191025~DTM*233*20191025~SVC*HC:99213:25*90*65.81**1~DTM*472*20191025~CAS*CO*45*24.19~REF*6R*CP5TWAPDF064~AMT*B6*65.81~LQ*HE*N381~SVC*HC:90471*35*19.46**1~DTM*472*20191025~CAS*CO*45*15.54~REF*6R*CP5TQWLK89SG~AMT*B6*19.46~LQ*HE*N381~SVC*HC:90674*35*21.74**1~DTM*472*20191025~CAS*CO*45*13.26~REF*6R*CP5THVSQNSG2~AMT*B6*21.74~LQ*HE*N381~CLP*000100024091*1*134*97.11**MC*2019301051842~NM1*QC*1*GONZALES*JERRY****MR*M247465~NM1*82*1*SEARLES*DENISE*A***XX*1396971230~REF*EA*7F57F720F5C4469ABC17E9D546655A7F~DTM*232*20191023~DTM*233*20191023~SVC*HC:99214*134*97.11**1~DTM*472*20191023~CAS*CO*45*36.89~REF*6R*CP41YFHTA4QE~AMT*B6*97.11~LQ*HE*N381~CLP*000100022075*1*153.66*104.03**MC*2019305035290~NM1*QC*1*GONZALES*JERRY****MR*M247465~NM1*82*1*SEARLES*DENISE*A***XX*1396971230~REF*EA*13FE5D492F4547C088F4A27BE384DA57~DTM*232*20190906~DTM*233*20190906~SVC*HC:99203:25*145*97.43**1~DTM*472*20190906~CAS*CO*45*47.57~REF*6R*CPCL0S9CY18R~AMT*B6*97.43~LQ*HE*N381~SVC*HC:86580*8.66*6.6**1~DTM*472*20190906~CAS*CO*45*2.06~REF*6R*CPCL0G99ZL1N~AMT*B6*6.6~LQ*HE*N381~CLP*000100024148*1*134*97.11**MC*2019301051843~NM1*QC*1*GRAVES*DILLON*M***MR*Y440957~NM1*82*1*KLAKER*JULIE*M***XX*1215134705~REF*EA*4AA64A10D4C24A07ACF25D1170D50308~DTM*232*20191024~DTM*233*20191024~SVC*HC:99214*134*97.11**1~DTM*472*20191024~CAS*CO*45*36.89~REF*6R*CP41WFN6TVTA~AMT*B6*97.11~LQ*HE*N381~CLP*000100024050*1*134*95.11*2*MC*2019301051865~NM1*QC*1*GREEN*DEBORAH*S***MR*Q240268~NM1*82*1*GRONEMEYER*LEANNE*R***XX*1659521045~REF*EA*CC1775E97C164FCFBA7BBA91C484D1AB~DTM*232*20191022~DTM*233*20191022~SVC*HC:99214*134*95.11**1~DTM*472*20191022~CAS*PR*3*2~CAS*CO*45*36.89~REF*6R*CP4132HIBKLQ~AMT*B6*97.11~LQ*HE*N381~LQ*HE*N381~CLP*000100022145*1*134*97.11**MC*2019305035633~NM1*QC*1*GRINER*MARCUS****MR*M608799~NM1*82*1*LUCAS*PEGGI*S***XX*1366419582~REF*EA*D06437CA346B48D7924318DC2797B23E~DTM*232*20190910~DTM*233*20190910~SVC*HC:99214*134*97.11**1~DTM*472*20190910~CAS*CO*45*36.89~REF*6R*CPCLGB98CE0S~AMT*B6*97.11~LQ*HE*N381~CLP*000100024326*1*90*63.81*2*MC*2019305035230~NM1*QC*1*GROBE*SARAH*L***MR*P407683~NM1*82*1*CADDALI*ESTRELLA*A***XX*1164974580~REF*EA*550E4AA6E70F47708F92F7977395968E~DTM*232*20191029~DTM*233*20191029~SVC*HC:99213*90*63.81**1~DTM*472*20191029~CAS*PR*3*2~CAS*CO*45*24.19~REF*6R*CPCLG49N5AGY~AMT*B6*65.81~LQ*HE*N381~LQ*HE*N381~CLP*000100024286*1*149*103.45*2*MC*2019305035674~NM1*QC*1*GUERRERO*SONYA*M***MR*S127505~NM1*82*1*LUCAS*PEGGI*S***XX*1366419582~REF*EA*E3317ACF3B764564B9F7F1A9AA47E9A7~DTM*232*20191028~DTM*233*20191028~SVC*HC:99214:25*134*95.11**1~DTM*472*20191028~CAS*PR*3*2~CAS*CO*45*36.89~REF*6R*CPCLOK19PIPI~AMT*B6*97.11~LQ*HE*N381~LQ*HE*N381~SVC*HC:81025*15*8.34**1~DTM*472*20191028~CAS*CO*45*6.66~REF*6R*CPCLZBLIQCQQ~AMT*B6*8.34~LQ*HE*N381~CLP*000100024073*1*142.66*101.71*2*MC*2019301051870~NM1*QC*1*HALING*PATRICK*J***MR*T780060~NM1*82*1*SEARLES*DENISE*A***XX*1396971230~REF*EA*C7FC3D5D3E1B4DBEA6748F0021B5D104~DTM*232*20191023~DTM*233*20191023~SVC*HC:99214:25*134*95.11**1~DTM*472*20191023~CAS*PR*3*2~CAS*CO*45*36.89~REF*6R*CP4193B9PUGU~AMT*B6*97.11~LQ*HE*N381~LQ*HE*N381~SVC*HC:86580*8.66*6.6**1~DTM*472*20191023~CAS*CO*45*2.06~REF*6R*CP417X5NNVZY~AMT*B6*6.6~LQ*HE*N381~CLP*000100024028*1*90*65.81**MC*2019301051893~NM1*QC*1*HALL*IRENE*M***MR*H526782~NM1*82*1*CADDALI*ESTRELLA*A***XX*1164974580~REF*EA*264BFF5CA8DF4C74BF6EE71FF1D72166~DTM*232*20191022~DTM*233*20191022~SVC*HC:99213*90*65.81**1~DTM*472*20191022~CAS*CO*45*24.19~REF*6R*CP41O9R4V2TE~AMT*B6*65.81~LQ*HE*N381~CLP*000100024106*1*149*105.45**MC*2019301051834~NM1*QC*1*HALL*KRISTINA*K***MR*S324169~NM1*82*1*LANE*DELLA*J***XX*1417151630~REF*EA*E6614254B2DF4060A32CA372D975C4A9~DTM*232*20191023~DTM*233*20191023~SVC*HC:99214:25*134*97.11**1~DTM*472*20191023~CAS*CO*45*36.89~REF*6R*CP41ZOCG5J0O~AMT*B6*97.11~LQ*HE*N381~SVC*HC:81025*15*8.34**1~DTM*472*20191023~CAS*CO*45*6.66~REF*6R*CP41BKK15N8H~AMT*B6*8.34~LQ*HE*N381~CLP*000100024338*1*280*160.23**MC*2019305035699~NM1*QC*1*HANNAH*JEFFREY*N***MR*O749856~NM1*82*1*SEARLES*DENISE*A***XX*1396971230~REF*EA*2702CFB582174DFB81550FE8AA19F726~DTM*232*20191029~DTM*233*20191029~SVC*HC:99214:25*134*97.11**1~DTM*472*20191029~CAS*CO*45*36.89~REF*6R*CPCL3D1T54TX~AMT*B6*97.11~LQ*HE*N381~SVC*HC:90471*35*19.46**1~DTM*472*20191029~CAS*CO*45*15.54~REF*6R*CPCLMWJP0N8P~AMT*B6*19.46~LQ*HE*N381~SVC*HC:90674*35*21.74**1~DTM*472*20191029~CAS*CO*45*13.26~REF*6R*CPCL56NKCG4Q~AMT*B6*21.74~LQ*HE*N381~SVC*HC:H0049*36*10.92**1~DTM*472*20191029~CAS*CO*45*25.08~REF*6R*CPCLRGTHG0IH~AMT*B6*10.92~LQ*HE*N381~SVC*HC:G8510*40*11**1~DTM*472*20191029~CAS*CO*45*29~REF*6R*CPCLN2GMPM88~AMT*B6*11~LQ*HE*N381~CLP*000100024252*1*90*63.81*2*MC*2019303055648~NM1*QC*1*HARRIS*TRACEY*L***MR*O471852~NM1*82*1*CADDALI*ESTRELLA*A***XX*1164974580~REF*EA*03A36F3C77B44956BE7C6E9CCADB9915~DTM*232*20191025~DTM*233*20191025~SVC*HC:99213*90*63.81**1~DTM*472*20191025~CAS*PR*3*2~CAS*CO*45*24.19~REF*6R*CP5T7JS3S6J5~AMT*B6*65.81~LQ*HE*N381~LQ*HE*N381~CLP*000100024059*1*174.66*94.33**MC*2019303055600~NM1*QC*1*HEMPHILL*TIM*J***MR*O582563~NM1*82*1*SEARLES*DENISE*A***XX*1396971230~REF*EA*EA8EC5165D494F328FECB64E8510C2D4~DTM*232*20191022~DTM*233*20191022~SVC*HC:99213:25*90*65.81**1~DTM*472*20191022~CAS*CO*45*24.19~REF*6R*CP5TXDYF75BT~AMT*B6*65.81~LQ*HE*N381~SVC*HC:86580*8.66*6.6**1~DTM*472*20191022~CAS*CO*45*2.06~REF*6R*CP5TD4DWYT1V~AMT*B6*6.6~LQ*HE*N381~SVC*HC:H0049*36*10.92**1~DTM*472*20191022~CAS*CO*45*25.08~REF*6R*CP5TQRLATB3O~AMT*B6*10.92~LQ*HE*N381~SVC*HC:G8510*40*11**1~DTM*472*20191022~CAS*CO*45*29~REF*6R*CP5T7NZI12IG~AMT*B6*11~LQ*HE*N381~CLP*000100024272*1*90*65.81**MC*2019305035278~NM1*QC*1*HEREDIA*NEISHA****MR*M350525~NM1*82*1*LUCAS*PEGGI*S***XX*1366419582~REF*EA*5E1A44703160423AB32A48DC0DA22688~DTM*232*20191028~DTM*233*20191028~SVC*HC:99213*90*65.81**1~DTM*472*20191028~CAS*CO*45*24.19~REF*6R*CPCLY8YHH1X1~AMT*B6*65.81~LQ*HE*N381~CLP*000100024124*1*90*65.81**MC*2019301051851~NM1*QC*1*HERRERA*CLAUDIA****MR*K156429~NM1*82*1*CADDALI*ESTRELLA*A***XX*1164974580~REF*EA*20DBE7FDBA434493B25702E8ED611BE7~DTM*232*20191023~DTM*233*20191023~SVC*HC:99213*90*65.81**1~DTM*472*20191023~CAS*CO*45*24.19~REF*6R*CP41QDMA2PD9~AMT*B6*65.81~LQ*HE*N381~CLP*000100024174*1*134*97.11**MC*2019303055663~NM1*QC*1*HERRERA*JEREMY****MR*E258249~NM1*82*1*KLAKER*JULIE*M***XX*1215134705~REF*EA*9DADB2F24B774269BD7822B2388485C6~DTM*232*20191024~DTM*233*20191024~SVC*HC:99214*134*97.11**1~DTM*472*20191024~CAS*CO*45*36.89~REF*6R*CP5T3D4W90JC~AMT*B6*97.11~LQ*HE*N381~CLP*000100024004*1*204*136.31*2*MC*2019303055595~NM1*QC*1*HINOJOSA*ADRIANNA****MR*Y080845~NM1*74*1*HINOJOSAAGUILER**T~NM1*82*1*LUCAS*PEGGI*S***XX*1366419582~REF*EA*08EAE6DFFEA44985BD9DF9F4F8FC636B~DTM*232*20191021~DTM*233*20191021~SVC*HC:99214:25*134*95.11**1~DTM*472*20191021~CAS*PR*3*2~CAS*CO*45*36.89~REF*6R*CP5TRRCWO3ZH~AMT*B6*97.11~LQ*HE*N381~LQ*HE*N381~SVC*HC:90471*35*19.46**1~DTM*472*20191021~CAS*CO*45*15.54~REF*6R*CP5TL9D6U2SZ~AMT*B6*19.46~LQ*HE*N381~SVC*HC:90674*35*21.74**1~DTM*472*20191021~CAS*CO*45*13.26~REF*6R*CP5T2IVBNGRW~AMT*B6*21.74~LQ*HE*N381~CLP*000100024127*1*211*103.39*2*MC*2019303055689~NM1*QC*1*MYERS*ANDREA*D***MR*S831312~NM1*74*1*HOPKINS~NM1*82*1*SEARLES*DENISE*A***XX*1396971230~REF*EA*816BB86C8B864225AE3E1E57627E3C14~DTM*232*20191023~DTM*233*20191023~SVC*HC:99202:25:FP*135*81.47**1~DTM*472*20191023~CAS*PR*3*2~CAS*CO*45*51.53~REF*6R*CP5TCG77HFRQ~AMT*B6*83.47~LQ*HE*N381~LQ*HE*N381~SVC*HC:H0049*36*10.92**1~DTM*472*20191023~CAS*CO*45*25.08~REF*6R*CP5T8B4RW3W8~AMT*B6*10.92~LQ*HE*N381~SVC*HC:G8510*40*11**1~DTM*472*20191023~CAS*CO*45*29~REF*6R*CP5T8NB3I44D~AMT*B6*11~LQ*HE*N381~CLP*000100024170*1*54*37.39*2*MC*2019301051839~NM1*QC*1*JACKSON*TIMEKU****MR*M493473~NM1*82*1*CADDALI*ESTRELLA*A***XX*1164974580~REF*EA*8C4F7D02DD824853A19656D6B6257FE1~DTM*232*20191024~DTM*233*20191024~SVC*HC:99212*54*37.39**1~DTM*472*20191024~CAS*PR*3*2~CAS*CO*45*14.61~REF*6R*CP41AZQI8KXP~AMT*B6*39.39~LQ*HE*N381~LQ*HE*N381~CLP*000100024190*1*134*97.11**MC*2019305035337~NM1*QC*1*JAMON*MARCOS*L***MR*G178596~NM1*82*1*GRONEMEYER*LEANNE*R***XX*1659521045~REF*EA*474AE6AD67F34A5B98D09332B96603DE~DTM*232*20191024~DTM*233*20191024~SVC*HC:99214*134*97.11**1~DTM*472*20191024~CAS*CO*45*36.89~REF*6R*CPCLSRXN0KE5~AMT*B6*97.11~LQ*HE*N381~CLP*000100024104*1*149*105.45**MC*2019301051899~NM1*QC*1*JARAMILLO*JESSICA****MR*P488884~NM1*82*1*KLAKER*JULIE*M***XX*1215134705~REF*EA*3C7DF8A3FF5A4616AA06E0A351767F8E~DTM*232*20191023~DTM*233*20191023~SVC*HC:99214:25*134*97.11**1~DTM*472*20191023~CAS*CO*45*36.89~REF*6R*CP412GCG78HK~AMT*B6*97.11~LQ*HE*N381~SVC*HC:81025*15*8.34**1~DTM*472*20191023~CAS*CO*45*6.66~REF*6R*CP41BFSFIMVI~AMT*B6*8.34~LQ*HE*N381~CLP*000100024090*1*134*95.11*2*MC*2019301051874~NM1*QC*1*JEX*LOUISE****MR*B117513~NM1*82*1*LANE*DELLA*J***XX*1417151630~REF*EA*7F09FF57C5D94BA7BF4BD279136D7FE4~DTM*232*20191023~DTM*233*20191023~SVC*HC:99214*134*95.11**1~DTM*472*20191023~CAS*PR*3*2~CAS*CO*45*36.89~REF*6R*CP414IS1VJB8~AMT*B6*97.11~LQ*HE*N381~LQ*HE*N381~CLP*000100024364*1*90*65.81**MC*2019305035417~NM1*QC*1*JOHNSON*TIFFANY*S***MR*L497210~NM1*82*1*SEARLES*DENISE*A***XX*1396971230~REF*EA*69D1B3740D2A41CAA572AD582121B0A7~DTM*232*20191029~DTM*233*20191029~SVC*HC:99213*90*65.81**1~DTM*472*20191029~CAS*CO*45*24.19~REF*6R*CPCL558RI14V~AMT*B6*65.81~LQ*HE*N381~CLP*000100024294*1*138*100.48**MC*2019305035506~NM1*QC*1*KASTLE*GARY*L***MR*Y879295~NM1*82*1*LUCAS*PEGGI*S***XX*1366419582~REF*EA*431FB7606E474925B7A6C5DC4245D9DF~DTM*232*20191028~DTM*233*20191028~SVC*HC:99214:25*134*97.11**1~DTM*472*20191028~CAS*CO*45*36.89~REF*6R*CPCLNJ5G3GMN~AMT*B6*97.11~LQ*HE*N381~SVC*HC:81002*4*3.37**1~DTM*472*20191028~CAS*CO*45*.63~REF*6R*CPCLRBOE49FS~AMT*B6*3.37~LQ*HE*N381~CLP*000100024062*1*157.15*116.61*2*MC*2019301051861~NM1*QC*1*LOPEZ*SHERRY****MR*L192498~NM1*82*1*CADDALI*ESTRELLA*A***XX*1164974580~REF*EA*78F067F38FE24ADE8B6EABF1212B2E79~DTM*232*20191022~DTM*233*20191022~SVC*HC:99214:25*134*95.11**1~DTM*472*20191022~CAS*PR*3*2~CAS*CO*45*36.89~REF*6R*CP41FQ3927UP~AMT*B6*97.11~LQ*HE*N381~LQ*HE*N381~SVC*HC:93000*23.15*21.5**1~DTM*472*20191022~CAS*CO*45*1.65~REF*6R*CP41DYQYBA99~AMT*B6*21.5~LQ*HE*N381~CLP*000100024311*1*376*234.88**MC*2019305035326~NM1*QC*1*LORETO*JOSHUA*R***MR*E192810~NM1*82*1*LUCAS*PEGGI*S***XX*1366419582~REF*EA*20D8933CBA434185B756297ED7ACF153~DTM*232*20191029~DTM*233*20191029~SVC*HC:99205:25*255*186.33**1~DTM*472*20191029~CAS*CO*45*68.67~REF*6R*CPCLIXGXK7N2~AMT*B6*186.33~LQ*HE*N381~SVC*HC:99415*45*7.11**1~DTM*472*20191029~CAS*CO*45*37.89~REF*6R*CPCL3JKB7IOU~AMT*B6*7.11~LQ*HE*N381~SVC*HC:H0049*36*10.92**1~DTM*472*20191029~CAS*CO*45*25.08~REF*6R*CPCLLXGRUOL6~AMT*B6*10.92~LQ*HE*N381~SVC*HC:G8431*40*30.52**1~DTM*472*20191029~CAS*CO*45*9.48~REF*6R*CPCL2Q3K9YNR~AMT*B6*30.52~LQ*HE*N381~CLP*000100024223*1*134*97.11**MC*2019303055673~NM1*QC*1*LOUGHLIN*LATINA****MR*P458499~NM1*74*1*LOUGLIN~NM1*82*1*SEARLES*DENISE*A***XX*1396971230~REF*EA*574DD2771C44460CB31C558A37F56CE8~DTM*232*20191025~DTM*233*20191025~SVC*HC:99214*134*97.11**1~DTM*472*20191025~CAS*CO*45*36.89~REF*6R*CP5T4MNT36GP~AMT*B6*97.11~LQ*HE*N381~CLP*000100024207*1*134*95.11*2*MC*2019305035394~NM1*QC*1*MACZOLLEK*VALENTINA****MR*P256027~NM1*82*1*GRONEMEYER*LEANNE*R***XX*1659521045~REF*EA*6B54D703134C46378293D88B93F4E1E3~DTM*232*20191024~DTM*233*20191024~SVC*HC:99214*134*95.11**1~DTM*472*20191024~CAS*PR*3*2~CAS*CO*45*36.89~REF*6R*CPCLJZ7R09UO~AMT*B6*97.11~LQ*HE*N381~LQ*HE*N381~CLP*000100024359*1*134*97.11**MC*2019305035554~NM1*QC*1*MAES*ODEAN****MR*J060945~NM1*82*1*SEARLES*DENISE*A***XX*1396971230~REF*EA*DE2B9C9200524F2E825385AC084B7171~DTM*232*20191029~DTM*233*20191029~SVC*HC:99214*134*97.11**1~DTM*472*20191029~CAS*CO*45*36.89~REF*6R*CPCLPA1GN4MS~AMT*B6*97.11~LQ*HE*N381~CLP*000100024219*1*90*63.81*2*MC*2019303055678~NM1*QC*1*MARTINEZ*DANIELLE*L***MR*U458658~NM1*82*1*KLAKER*JULIE*M***XX*1215134705~REF*EA*53F10022F8A04EF29BD124E3FD7FACF3~DTM*232*20191025~DTM*233*20191025~SVC*HC:99213*90*63.81**1~DTM*472*20191025~CAS*PR*3*2~CAS*CO*45*24.19~REF*6R*CP5TWOS11UDG~AMT*B6*65.81~LQ*HE*N381~LQ*HE*N381~CLP*000100024182*1*341*184.96*2*MC*2019303055680~NM1*QC*1*MARTINEZ*DANIELLE*L***MR*U458658~NM1*82*1*KLAKER*JULIE*M***XX*1215134705~REF*EA*239F199FA58A4559AE24B144BA0E72E1~DTM*232*20191024~DTM*233*20191024~SVC*HC:99204:25*205*147.59**1~DTM*472*20191024~CAS*PR*3*2~CAS*CO*45*55.41~REF*6R*CP5TIPHLZEYJ~AMT*B6*149.59~LQ*HE*N381~LQ*HE*N381~SVC*HC:99415*45*7.11**1~DTM*472*20191024~CAS*CO*45*37.89~REF*6R*CP5TDQNBNGOP~AMT*B6*7.11~LQ*HE*N381~SVC*HC:H0049*36*10.92**1~DTM*472*20191024~CAS*CO*45*25.08~REF*6R*CP5T1WBUVS3K~AMT*B6*10.92~LQ*HE*N381~SVC*HC:G8510*40*11**1~DTM*472*20191024~CAS*CO*45*29~REF*6R*CP5TXZ1TGJRQ~AMT*B6*11~LQ*HE*N381~SVC*HC:81025*15*8.34**1~DTM*472*20191024~CAS*CO*45*6.66~REF*6R*CP5TOVANDBQ1~AMT*B6*8.34~LQ*HE*N381~CLP*000100024116*1*134*97.11**MC*2019301051891~NM1*QC*1*MARTINEZ*DEBRA*A***MR*D395711~NM1*82*1*LANE*DELLA*J***XX*1417151630~REF*EA*00D738B62763403CA56326D0E9F1DAA9~DTM*232*20191023~DTM*233*20191023~SVC*HC:99214*134*97.11**1~DTM*472*20191023~CAS*CO*45*36.89~REF*6R*CP417N2QKU1S~AMT*B6*97.11~LQ*HE*N381~CLP*000100024221*1*326*178.62**MC*2019303055578~NM1*QC*1*MARTINEZ*RICHARD*A***MR*T398087~NM1*82*1*KLAKER*JULIE*M***XX*1215134705~REF*EA*1A7394BF84C44A84814BEA60F41A494E~DTM*232*20191025~DTM*233*20191025~SVC*HC:99204:25*205*149.59**1~DTM*472*20191025~CAS*CO*45*55.41~REF*6R*CP5TRZR039ZS~AMT*B6*149.59~LQ*HE*N381~SVC*HC:99415*45*7.11**1~DTM*472*20191025~CAS*CO*45*37.89~REF*6R*CP5T5ID6WM7G~AMT*B6*7.11~LQ*HE*N381~SVC*HC:H0049*36*10.92**1~DTM*472*20191025~CAS*CO*45*25.08~REF*6R*CP5TIN3W3BH4~AMT*B6*10.92~LQ*HE*N381~SVC*HC:G8510*40*11**1~DTM*472*20191025~CAS*CO*45*29~REF*6R*CP5TNH5BVIDQ~AMT*B6*11~LQ*HE*N381~CLP*000100023989*1*134*97.11**MC*2019301051892~NM1*QC*1*MAURO*RONDA*L***MR*U480140~NM1*82*1*LUCAS*PEGGI*S***XX*1366419582~REF*EA*A95064723A0E4E808F368A5855411405~DTM*232*20191021~DTM*233*20191021~SVC*HC:99214*134*97.11**1~DTM*472*20191021~CAS*CO*45*36.89~REF*6R*CP41R3NX07A7~AMT*B6*97.11~LQ*HE*N381~CLP*000100024179*1*134*97.11**MC*2019303055690~NM1*QC*1*MAURO*RONDA*L***MR*U480140~NM1*82*1*KLAKER*JULIE*M***XX*1215134705~REF*EA*671BE509E8A4430FA9B4842BD7F6E65F~DTM*232*20191024~DTM*233*20191024~SVC*HC:99214*134*97.11**1~DTM*472*20191024~CAS*CO*45*36.89~REF*6R*CP5TQ535LQCK~AMT*B6*97.11~LQ*HE*N381~CLP*000100024088*1*134*97.11**MC*2019301051867~NM1*QC*1*MEDINA*EDWARD*R***MR*O654584~NM1*82*1*LANE*DELLA*J***XX*1417151630~REF*EA*E3CFC2DC8B3740B5ADAA15335ADEDA8B~DTM*232*20191023~DTM*233*20191023~SVC*HC:99214*134*97.11**1~DTM*472*20191023~CAS*CO*45*36.89~REF*6R*CP41OB2HCGPD~AMT*B6*97.11~LQ*HE*N381~CLP*000100024132*1*90*65.81**MC*2019301051905~NM1*QC*1*MEDINA*TAMMY*A***MR*F616296~NM1*82*1*GRONEMEYER*LEANNE*R***XX*1659521045~REF*EA*38F2C8B5A88E45FB8B38687C1630F74D~DTM*232*20191023~DTM*233*20191023~SVC*HC:99213*90*65.81**1~DTM*472*20191023~CAS*CO*45*24.19~REF*6R*CP41KASAA372~AMT*B6*65.81~LQ*HE*N381~CLP*000100024216*1*245*156.14**MC*2019303055694~NM1*QC*1*MEDINA*TERRIE****MR*J956795~NM1*82*1*CADDALI*ESTRELLA*A***XX*1164974580~REF*EA*A45D21DC7C6848DE905C811C670E9130~DTM*232*20191025~DTM*233*20191025~SVC*HC:99396:25*175*114.94**1~DTM*472*20191025~CAS*CO*45*60.06~REF*6R*CP5T6EWJTYCA~AMT*B6*114.94~LQ*HE*N381~SVC*HC:90471*35*19.46**1~DTM*472*20191025~CAS*CO*45*15.54~REF*6R*CP5TW2UGA7YU~AMT*B6*19.46~LQ*HE*N381~SVC*HC:90674*35*21.74**1~DTM*472*20191025~CAS*CO*45*13.26~REF*6R*CP5TLX476TGY~AMT*B6*21.74~LQ*HE*N381~CLP*000100024335*1*309*210.05*2*MC*2019305035587~NM1*QC*1*MITCHELL*DEBORAH****MR*W309719~NM1*82*1*LUCAS*PEGGI*S***XX*1366419582~REF*EA*2382AD70DED34F03B2F6424C985FD688~DTM*232*20191029~DTM*233*20191029~SVC*HC:99396:25*175*114.94**1~DTM*472*20191029~CAS*CO*45*60.06~REF*6R*CPCLUNOUKVTB~AMT*B6*114.94~LQ*HE*N381~SVC*HC:99214*134*95.11**1~DTM*472*20191029~CAS*PR*3*2~CAS*CO*45*36.89~REF*6R*CPCLYFLYOS8Q~AMT*B6*97.11~LQ*HE*N381~LQ*HE*N381~CLP*000100024099*1*90*65.81**MC*2019301051875~NM1*QC*1*MONTEZ*JASMINE*R***MR*Y365117~NM1*82*1*CADDALI*ESTRELLA*A***XX*1164974580~REF*EA*71367BA69FA14C639B66B43A170E0B43~DTM*232*20191023~DTM*233*20191023~SVC*HC:99213*90*65.81**1~DTM*472*20191023~CAS*CO*45*24.19~REF*6R*CP410WDVZ6FZ~AMT*B6*65.81~LQ*HE*N381~CLP*000100024348*1*149*105.45**MC*2019305035595~NM1*QC*1*MONTEZ*JASMINE*R***MR*Y365117~NM1*82*1*LUCAS*PEGGI*S***XX*1366419582~REF*EA*435850E19A314BC4BD37F9D038EF5794~DTM*232*20191029~DTM*233*20191029~SVC*HC:99214:25*134*97.11**1~DTM*472*20191029~CAS*CO*45*36.89~REF*6R*CPCLIQT2CKXI~AMT*B6*97.11~LQ*HE*N381~SVC*HC:81025*15*8.34**1~DTM*472*20191029~CAS*CO*45*6.66~REF*6R*CPCLH3C406CR~AMT*B6*8.34~LQ*HE*N381~CLP*000100023996*1*1837*1193.2**MC*2019301051863~NM1*QC*1*MONTOYA*GERALDINE****MR*F588453~NM1*82*1*LUCAS*PEGGI*S***XX*1366419582~REF*EA*60A59B82EDDA44FF85013A082668B8C9~DTM*232*20191021~DTM*233*20191021~SVC*HC:96372*32*0**0**1~DTM*472*20191021~CAS*CO*109*32~REF*6R*CP41TM1ZSVBG~LQ*HE*N381~SVC*HC:J2315*1805*1193.2**380~DTM*472*20191021~CAS*CO*45*611.8~REF*6R*CP41UAB7C5EL~AMT*B6*1193.2~LQ*HE*N381~CLP*000100023725*1*245*155.14*1*MC*2019301051828~NM1*QC*1*MONTOYA*PHILLIP****MR*R271072~NM1*82*1*HOOSHMAND-PARSI*KAYHOSROW****XX*1447291851~REF*EA*8334DBC941504A3E9FA50E5A433C7426~DTM*232*20191015~DTM*233*20191015~SVC*HC:99396:25*175*114.94**1~DTM*472*20191015~CAS*CO*45*60.06~REF*6R*CP41GLKUIADF~AMT*B6*114.94~LQ*HE*N381~SVC*HC:90471*35*19.46**1~DTM*472*20191015~CAS*CO*45*15.54~REF*6R*CP411E9OS5D5~AMT*B6*19.46~LQ*HE*N381~SVC*HC:90674*35*20.74**1~DTM*472*20191015~CAS*PR*3*1~CAS*CO*45*13.26~REF*6R*CP41H8EEFDDN~AMT*B6*21.74~LQ*HE*N381~LQ*HE*N381~CLP*000100024138*1*105*74.15**MC*2019301051849~NM1*QC*1*MOORE*LISSA*M***MR*L243184~NM1*82*1*SEARLES*DENISE*A***XX*1396971230~REF*EA*E4966D693F644659B726D0AD449BAE20~DTM*232*20191024~DTM*233*20191024~SVC*HC:99213:25*90*65.81**1~DTM*472*20191024~CAS*CO*45*24.19~REF*6R*CP41MP3GWD0K~AMT*B6*65.81~LQ*HE*N381~SVC*HC:81025*15*8.34**1~DTM*472*20191024~CAS*CO*45*6.66~REF*6R*CP41BQI9P3XJ~AMT*B6*8.34~LQ*HE*N381~CLP*000100024349*1*134*97.11**MC*2019305035479~NM1*QC*1*MOWERY*NICOLA*R***MR*R085928~NM1*82*1*CADDALI*ESTRELLA*A***XX*1164974580~REF*EA*1591303C33FB4A18845B20F4B1A5BF79~DTM*232*20191029~DTM*233*20191029~SVC*HC:99214*134*97.11**1~DTM*472*20191029~CAS*CO*45*36.89~REF*6R*CPCL06YVB0ZY~AMT*B6*97.11~LQ*HE*N381~CLP*000100024130*1*90*63.81*2*MC*2019301051896~NM1*QC*1*NEWBERRY*JASON*L***MR*G771153~NM1*82*1*CADDALI*ESTRELLA*A***XX*1164974580~REF*EA*3CB1197160B54318BC3AC889A1965246~DTM*232*20191023~DTM*233*20191023~SVC*HC:99213*90*63.81**1~DTM*472*20191023~CAS*PR*3*2~CAS*CO*45*24.19~REF*6R*CP4150YQDGYR~AMT*B6*65.81~LQ*HE*N381~LQ*HE*N381~CLP*000100024314*1*134*95.11*2*MC*2019305035646~NM1*QC*1*NORIEGA*JUDY*L***MR*I831249~NM1*82*1*GRONEMEYER*LEANNE*R***XX*1659521045~REF*EA*CE6FB8F81F1C4C18A8CBF749617DB37B~DTM*232*20191029~DTM*233*20191029~SVC*HC:99214*134*95.11**1~DTM*472*20191029~CAS*PR*3*2~CAS*CO*45*36.89~REF*6R*CPCLVTYVH86D~AMT*B6*97.11~LQ*HE*N381~LQ*HE*N381~CLP*000100024293*1*138*100.48**MC*2019305035354~NM1*QC*1*OLSON*FELICITY****MR*P253379~NM1*82*1*LUCAS*PEGGI*S***XX*1366419582~REF*EA*54207B13DF8648D7B36E0536809926BC~DTM*232*20191028~DTM*233*20191028~SVC*HC:99214:25*134*97.11**1~DTM*472*20191028~CAS*CO*45*36.89~REF*6R*CPCLWWAIHH21~AMT*B6*97.11~LQ*HE*N381~SVC*HC:81002*4*3.37**1~DTM*472*20191028~CAS*CO*45*.63~REF*6R*CPCL2BQK9CA1~AMT*B6*3.37~LQ*HE*N381~CLP*000100024041*1*134*97.11**MC*2019301051872~NM1*QC*1*ORTIZ*EMILY****MR*L289179~NM1*82*1*GRONEMEYER*LEANNE*R***XX*1659521045~REF*EA*710BDBAC2386444392B2DD55CAB25C32~DTM*232*20191022~DTM*233*20191022~SVC*HC:99214*134*97.11**1~DTM*472*20191022~CAS*CO*45*36.89~REF*6R*CP41SQI4K6O4~AMT*B6*97.11~LQ*HE*N381~CLP*000100024204*1*134*97.11**MC*2019305035531~NM1*QC*1*PACHECO*ALAINA****MR*U641428~NM1*82*1*GRONEMEYER*LEANNE*R***XX*1659521045~REF*EA*F61EBB3D188C458CA81445854A187CC8~DTM*232*20191024~DTM*233*20191024~SVC*HC:99214*134*97.11**1~DTM*472*20191024~CAS*CO*45*36.89~REF*6R*CPCL3BXINO46~AMT*B6*97.11~LQ*HE*N381~CLP*000100024205*1*90*65.81**MC*2019305035371~NM1*QC*1*PACHECO*JOSEPH*L***MR*P778684~NM1*82*1*GRONEMEYER*LEANNE*R***XX*1659521045~REF*EA*BBCF31898998457986CB485CE582BD90~DTM*232*20191024~DTM*233*20191024~SVC*HC:99213*90*65.81**1~DTM*472*20191024~CAS*CO*45*24.19~REF*6R*CPCL0VULAUEN~AMT*B6*65.81~LQ*HE*N381~CLP*000100024134*1*134*95.11*2*MC*2019301051878~NM1*QC*1*PINO*SAMANTHA*M***MR*O785220~NM1*82*1*GRONEMEYER*LEANNE*R***XX*1659521045~REF*EA*134413ECBAAF450F911F58C7F616F09B~DTM*232*20191023~DTM*233*20191023~SVC*HC:99214*134*95.11**1~DTM*472*20191023~CAS*PR*3*2~CAS*CO*45*36.89~REF*6R*CP413NTPHC6N~AMT*B6*97.11~LQ*HE*N381~LQ*HE*N381~CLP*000100024123*1*145*97.43**MC*2019301051848~NM1*QC*1*PISANO*ELIJAH****MR*P789789~NM1*82*1*SEARLES*DENISE*A***XX*1396971230~REF*EA*4702AD17DC5A494386B3ABF9BE391844~DTM*232*20191023~DTM*233*20191023~SVC*HC:99203*145*97.43**1~DTM*472*20191023~CAS*CO*45*47.57~REF*6R*CP41A19L2F4D~AMT*B6*97.43~LQ*HE*N381~CLP*000100024095*1*90*65.81**MC*2019305035308~NM1*QC*1*ROBINSON*CHRISTINA****MR*O374388~NM1*82*1*SEARLES*DENISE*A***XX*1396971230~REF*EA*925B308F792A4E77BE417CD177C93DD7~DTM*232*20191023~DTM*233*20191023~SVC*HC:99213*90*65.81**1~DTM*472*20191023~CAS*CO*45*24.19~REF*6R*CPCLBVQSWE5X~AMT*B6*65.81~LQ*HE*N381~CLP*000100024340*1*90*65.81**MC*2019305035444~NM1*QC*1*ROBLES*ELIJAH****MR*G787722~NM1*82*1*GRONEMEYER*LEANNE*R***XX*1659521045~REF*EA*98603B5255F9498690176485886E8D97~DTM*232*20191029~DTM*233*20191029~SVC*HC:99213*90*65.81**1~DTM*472*20191029~CAS*CO*45*24.19~REF*6R*CPCLB4ZPIV3B~AMT*B6*65.81~LQ*HE*N381~CLP*000100023992*1*90*65.81**MC*2019301051897~NM1*QC*1*SAIS*MICHAEL*E***MR*N765754~NM1*82*1*LUCAS*PEGGI*S***XX*1366419582~REF*EA*75A00BA1EEAF4B10BA5DE542326B3518~DTM*232*20191021~DTM*233*20191021~SVC*HC:99213*90*65.81**1~DTM*472*20191021~CAS*CO*45*24.19~REF*6R*CP41I58DOS9E~AMT*B6*65.81~LQ*HE*N381~CLP*000100022643*1*180*129.99**MC*2019305035706~NM1*QC*1*SAIS*MICHAEL*E***MR*N765754~NM1*82*1*LUCAS*PEGGI*S***XX*1366419582~REF*EA*43AEC5F6D2D4411CA08DF53CCA33D349~DTM*232*20190923~DTM*233*20190923~SVC*HC:99215*180*129.99**1~DTM*472*20190923~CAS*CO*45*50.01~REF*6R*CPCL5M89HE08~AMT*B6*129.99~LQ*HE*N381~CLP*000100024199*1*149*105.45**MC*2019303055668~NM1*QC*1*SALAZAR*FELICIA*H***MR*G554326~NM1*82*1*KLAKER*JULIE*M***XX*1215134705~REF*EA*202F95DFEDB349A7AAB94612997DED8F~DTM*232*20191024~DTM*233*20191024~SVC*HC:99214:25*134*97.11**1~DTM*472*20191024~CAS*CO*45*36.89~REF*6R*CP5TS32ZZ6YU~AMT*B6*97.11~LQ*HE*N381~SVC*HC:81025*15*8.34**1~DTM*472*20191024~CAS*CO*45*6.66~REF*6R*CP5TBWWCUBMR~AMT*B6*8.34~LQ*HE*N381~CLP*000100023980*1*149*105.45**MC*2019301051876~NM1*QC*1*SALAZAR QUINTANA*CELENA****MR*F923445~NM1*74*1*SALAZAR QUINTAN**N~NM1*82*1*LUCAS*PEGGI*S***XX*1366419582~REF*EA*84C8F75D7BD24609B2629412317F7F5D~DTM*232*20191021~DTM*233*20191021~SVC*HC:99214:25*134*97.11**1~DTM*472*20191021~CAS*CO*45*36.89~REF*6R*CP41S6LQM35A~AMT*B6*97.11~LQ*HE*N381~SVC*HC:81025*15*8.34**1~DTM*472*20191021~CAS*CO*45*6.66~REF*6R*CP41B8NPGTLX~AMT*B6*8.34~LQ*HE*N381~CLP*000100024281*1*149*105.45**MC*2019305035619~NM1*QC*1*SALAZAR QUINTANA*CELENA****MR*F923445~NM1*74*1*SALAZAR QUINTAN**N~NM1*82*1*LUCAS*PEGGI*S***XX*1366419582~REF*EA*F6E1E255EA8A48C1B0EFE1F5782472C8~DTM*232*20191028~DTM*233*20191028~SVC*HC:99214:25*134*97.11**1~DTM*472*20191028~CAS*CO*45*36.89~REF*6R*CPCLKCGREWN9~AMT*B6*97.11~LQ*HE*N381~SVC*HC:81025*15*8.34**1~DTM*472*20191028~CAS*CO*45*6.66~REF*6R*CPCL468E01P0~AMT*B6*8.34~LQ*HE*N381~CLP*000100024084*1*149*105.45**MC*2019301051902~NM1*QC*1*SANCHEZ*LEANNA*A***MR*L179099~NM1*82*1*LANE*DELLA*J***XX*1417151630~REF*EA*27C8478B58FA4AB8A65BDEF02C7A843E~DTM*232*20191023~DTM*233*20191023~SVC*HC:99214:25*134*97.11**1~DTM*472*20191023~CAS*CO*45*36.89~REF*6R*CP41H4ZI9ATS~AMT*B6*97.11~LQ*HE*N381~SVC*HC:81025*15*8.34**1~DTM*472*20191023~CAS*CO*45*6.66~REF*6R*CP41GO87BPLO~AMT*B6*8.34~LQ*HE*N381~CLP*000100022752*2*149*10.11**MC*2019305035747~NM1*QC*1*SANCHEZ*LEANNA*A***MR*L179099~NM1*82*1*LANE*DELLA*J***XX*1417151630~REF*EA*7060800446FB4FE887386870B7B27081~DTM*232*20190925~DTM*233*20190925~SVC*HC:99214:25*134*5.91**1~DTM*472*20190925~CAS*CO*45*36.89~CAS*OA*23*91.2~REF*6R*CPCL4BQ57LYO~AMT*B6*97.11~LQ*HE*MA125~LQ*HE*N381~SVC*HC:81025*15*4.2**1~DTM*472*20190925~CAS*CO*45*6.66~CAS*OA*23*4.14~REF*6R*CPCL2T2U5HRJ~AMT*B6*8.34~LQ*HE*MA125~LQ*HE*N381~CLP*000100024324*1*65*55.35**MC*2019305035488~NM1*QC*1*SANDOVAL*JULIA****MR*Y177297~NM1*82*1*LEWIS*HOLLY*G***XX*1295234128~REF*EA*01DCFCE44F32403A8A748D8D01A62CCC~DTM*232*20191029~DTM*233*20191029~SVC*HC:90832*65*55.35**1~DTM*472*20191029~CAS*CO*45*9.65~REF*6R*CPCLHXLAXY15~AMT*B6*55.35~LQ*HE*N381~CLP*000100024306*1*291*164.11*2*MC*2019305035495~NM1*QC*1*SANDOVAL*JULIA****MR*Y177297~NM1*82*1*CADDALI*ESTRELLA*A***XX*1164974580~REF*EA*8D96709A5BAC467B806671392CDB0BCD~DTM*232*20191029~DTM*233*20191029~SVC*HC:99203:25:FP*145*81.47**1~DTM*472*20191029~CAS*PR*3*2~CAS*CO*45*61.53~REF*6R*CPCL3ABWT11Z~AMT*B6*83.47~LQ*HE*N381~LQ*HE*N381~SVC*HC:90471*35*19.46**1~DTM*472*20191029~CAS*CO*45*15.54~REF*6R*CPCLC0TUMXZK~AMT*B6*19.46~LQ*HE*N381~SVC*HC:90674*35*21.74**1~DTM*472*20191029~CAS*CO*45*13.26~REF*6R*CPCLEK8LK2UX~AMT*B6*21.74~LQ*HE*N381~SVC*HC:H0049*36*10.92**1~DTM*472*20191029~CAS*CO*45*25.08~REF*6R*CPCLVV51DSJM~AMT*B6*10.92~LQ*HE*N381~SVC*HC:G8431*40*30.52**1~DTM*472*20191029~CAS*CO*45*9.48~REF*6R*CPCLTBZ459AX~AMT*B6*30.52~LQ*HE*N381~CLP*000100023994*1*134*97.11**MC*2019301051889~NM1*QC*1*SANTISTEVAN*MARILYN****MR*J932671~NM1*82*1*LUCAS*PEGGI*S***XX*1366419582~REF*EA*B48FB7D9AFDF44438B60CB6389564064~DTM*232*20191021~DTM*233*20191021~SVC*HC:99214*134*97.11**1~DTM*472*20191021~CAS*CO*45*36.89~REF*6R*CP413VBADPTH~AMT*B6*97.11~LQ*HE*N381~CLP*000100024285*1*134*97.11**MC*2019305035660~NM1*QC*1*SANTISTEVAN*MARILYN****MR*J932671~NM1*82*1*LUCAS*PEGGI*S***XX*1366419582~REF*EA*2C5DCE38716C4855841C8F1534413C02~DTM*232*20191028~DTM*233*20191028~SVC*HC:99214*134*97.11**1~DTM*472*20191028~CAS*CO*45*36.89~REF*6R*CPCLULRQMQIK~AMT*B6*97.11~LQ*HE*N381~CLP*000100024227*1*205*149.59**MC*2019303055654~NM1*QC*1*SCOGGINS*DYAMI****MR*P853339~NM1*82*1*SEARLES*DENISE*A***XX*1396971230~REF*EA*EAC41762DDEF461D9CD144A9D0934ACA~DTM*232*20191025~DTM*233*20191025~SVC*HC:99204*205*149.59**1~DTM*472*20191025~CAS*CO*45*55.41~REF*6R*CP5T5O0KDL0B~AMT*B6*149.59~LQ*HE*N381~CLP*000100021933*1*90*65.81**MC*2019305035738~NM1*QC*1*SHOUP*GABRIEL*D***MR*P609644~NM1*82*1*CADDALI*ESTRELLA*A***XX*1164974580~REF*EA*01B507904229403B82A2076FDCD85064~DTM*232*20190904~DTM*233*20190904~SVC*HC:99213*90*65.81**1~DTM*472*20190904~CAS*CO*45*24.19~REF*6R*CPCLFMKRA93I~AMT*B6*65.81~LQ*HE*N381~CLP*000100024171*1*204*138.31**MC*2019301051831~NM1*QC*1*SIPES*TRAMANE*E***MR*F820443~NM1*82*1*CADDALI*ESTRELLA*A***XX*1164974580~REF*EA*269D81AB2872426B992536C188BA5119~DTM*232*20191024~DTM*233*20191024~SVC*HC:99214:25*134*97.11**1~DTM*472*20191024~CAS*CO*45*36.89~REF*6R*CP41MGVFNZM3~AMT*B6*97.11~LQ*HE*N381~SVC*HC:90471*35*19.46**1~DTM*472*20191024~CAS*CO*45*15.54~REF*6R*CP41FBAN0LKV~AMT*B6*19.46~LQ*HE*N381~SVC*HC:90674*35*21.74**1~DTM*472*20191024~CAS*CO*45*13.26~REF*6R*CP41RA67QWQ3~AMT*B6*21.74~LQ*HE*N381~CLP*000100024118*1*90*81.55**MC*2019301051873~NM1*QC*1*SMITH*NICOLETTE****MR*J544310~NM1*82*1*SEARLES*DENISE*A***XX*1396971230~REF*EA*CD770768B11649A6A03D23C672D57D21~DTM*232*20191023~DTM*233*20191023~SVC*HC:99213:FP*90*81.55**1~DTM*472*20191023~CAS*CO*45*8.45~REF*6R*CP41R7JU1GRP~AMT*B6*81.55~LQ*HE*N381~CLP*000100024208*1*134*95.11*2*MC*2019303055612~NM1*QC*1*STEVENSON*NAUTHIA****MR*U395793~NM1*82*1*GRONEMEYER*LEANNE*R***XX*1659521045~REF*EA*CA7A3F0367E94154817BB78D23A4C7B3~DTM*232*20191024~DTM*233*20191024~SVC*HC:99214*134*95.11**1~DTM*472*20191024~CAS*PR*3*2~CAS*CO*45*36.89~REF*6R*CP5TS782J73J~AMT*B6*97.11~LQ*HE*N381~LQ*HE*N381~CLP*000100024280*1*391*243.22**MC*2019305035430~NM1*QC*1*TANKSLEY*DAYSHA*A***MR*O203621~NM1*82*1*LUCAS*PEGGI*S***XX*1366419582~REF*EA*1538142C444C49CB90CE7156D174FAA3~DTM*232*20191028~DTM*233*20191028~SVC*HC:99205:25*255*186.33**1~DTM*472*20191028~CAS*CO*45*68.67~REF*6R*CPCL365OQ3EE~AMT*B6*186.33~LQ*HE*N381~SVC*HC:99415*45*7.11**1~DTM*472*20191028~CAS*CO*45*37.89~REF*6R*CPCLDT2OO1B0~AMT*B6*7.11~LQ*HE*N381~SVC*HC:H0049*36*10.92**1~DTM*472*20191028~CAS*CO*45*25.08~REF*6R*CPCLK5Q6IM4I~AMT*B6*10.92~LQ*HE*N381~SVC*HC:G8431*40*30.52**1~DTM*472*20191028~CAS*CO*45*9.48~REF*6R*CPCLD6FU08DM~AMT*B6*30.52~LQ*HE*N381~SVC*HC:81025*15*8.34**1~DTM*472*20191028~CAS*CO*45*6.66~REF*6R*CPCL7K5MI0K7~AMT*B6*8.34~LQ*HE*N381~CLP*000100024327*1*165*107.82**MC*2019305035715~NM1*QC*1*THUETT*DANESSA****MR*Y097559~NM1*82*1*CADDALI*ESTRELLA*A***XX*1164974580~REF*EA*23F4A5F819BD48F2A7DC7823E21566D0~DTM*232*20191029~DTM*233*20191029~SVC*HC:99395*165*107.82**1~DTM*472*20191029~CAS*CO*45*57.18~REF*6R*CPCL2Z6L8QDA~AMT*B6*107.82~LQ*HE*N381~CLP*000100024142*1*90*65.81**MC*2019301051895~NM1*QC*1*TOMLINSON*SEAN*B***MR*O382609~NM1*82*1*SEARLES*DENISE*A***XX*1396971230~REF*EA*91F0ABA9C2B94A7BBC8CEF682CC3FCBC~DTM*232*20191024~DTM*233*20191024~SVC*HC:99213*90*65.81**1~DTM*472*20191024~CAS*CO*45*24.19~REF*6R*CP410CMMB192~AMT*B6*65.81~LQ*HE*N381~CLP*000100024222*1*90*65.81**MC*2019303055566~NM1*QC*1*TRUJILLO*ROSS****MR*J012615~NM1*82*1*SEARLES*DENISE*A***XX*1396971230~REF*EA*568721ED221747A9A6E7BE00873CF212~DTM*232*20191025~DTM*233*20191025~SVC*HC:99213*90*65.81**1~DTM*472*20191025~CAS*CO*45*24.19~REF*6R*CP5T735EH36B~AMT*B6*65.81~LQ*HE*N381~CLP*000100024112*1*134*97.11**MC*2019301051869~NM1*QC*1*TUCKER*JUDY*L***MR*W894116~NM1*82*1*LANE*DELLA*J***XX*1417151630~REF*EA*9F30DA1F074D46FCA74D99D54C2030C3~DTM*232*20191023~DTM*233*20191023~SVC*HC:99214*134*97.11**1~DTM*472*20191023~CAS*CO*45*36.89~REF*6R*CP41Y6D2NRG7~AMT*B6*97.11~LQ*HE*N381~CLP*000100024126*1*134*97.11**MC*2019301051866~NM1*QC*1*ULIBARRI*STEPHANIE*R***MR*W341555~NM1*82*1*CADDALI*ESTRELLA*A***XX*1164974580~REF*EA*72F553CE3A9243209341B9C5AA190A76~DTM*232*20191023~DTM*233*20191023~SVC*HC:99214*134*97.11**1~DTM*472*20191023~CAS*CO*45*36.89~REF*6R*CP41M5P086CM~AMT*B6*97.11~LQ*HE*N381~CLP*000100024047*1*204*138.31**MC*2019301051885~NM1*QC*1*VALENTINE*JEANA****MR*Y336108~NM1*82*1*LUCAS*PEGGI*S***XX*1366419582~REF*EA*22680417CB894738B5A3385E9EEF552D~DTM*232*20191022~DTM*233*20191022~SVC*HC:99214:25*134*97.11**1~DTM*472*20191022~CAS*CO*45*36.89~REF*6R*CP41VRCHOB6C~AMT*B6*97.11~LQ*HE*N381~SVC*HC:90471*35*19.46**1~DTM*472*20191022~CAS*CO*45*15.54~REF*6R*CP41G8K94XAM~AMT*B6*19.46~LQ*HE*N381~SVC*HC:90674*35*21.74**1~DTM*472*20191022~CAS*CO*45*13.26~REF*6R*CP41EXO9Z4PN~AMT*B6*21.74~LQ*HE*N381~CLP*000100024026*1*134*97.11**MC*2019301051871~NM1*QC*1*VANMATRE*KODY****MR*R722439~NM1*82*1*LUCAS*PEGGI*S***XX*1366419582~REF*EA*EF8AE3D6EFB04F0DA495EED5757635BC~DTM*232*20191022~DTM*233*20191022~SVC*HC:99214*134*97.11**1~DTM*472*20191022~CAS*CO*45*36.89~REF*6R*CP41TC7ARL5B~AMT*B6*97.11~LQ*HE*N381~CLP*000100024267*1*149*105.45**MC*2019305035462~NM1*QC*1*VILLASENOR*MIQUEILA*C***MR*K174349~NM1*82*1*LUCAS*PEGGI*S***XX*1366419582~REF*EA*7AF4AFE79C604B7788BA111C4D5957B7~DTM*232*20191028~DTM*233*20191028~SVC*HC:99214:25*134*97.11**1~DTM*472*20191028~CAS*CO*45*36.89~REF*6R*CPCLHMA5HTAE~AMT*B6*97.11~LQ*HE*N381~SVC*HC:81025*15*8.34**1~DTM*472*20191028~CAS*CO*45*6.66~REF*6R*CPCL8SRL1WBK~AMT*B6*8.34~LQ*HE*N381~CLP*000100024133*1*134*95.11*2*MC*2019301051883~NM1*QC*1*WAL*ISAAC*P***MR*Y614489~NM1*82*1*LANE*DELLA*J***XX*1417151630~REF*EA*43E3A78F53174FCDBC6FBD40B242A770~DTM*232*20191023~DTM*233*20191023~SVC*HC:99214*134*95.11**1~DTM*472*20191023~CAS*PR*3*2~CAS*CO*45*36.89~REF*6R*CP41TFN7K40Z~AMT*B6*97.11~LQ*HE*N381~LQ*HE*N381~CLP*000100024169*1*134*95.11*2*MC*2019301051879~NM1*QC*1*WHITE*SAMUEL*R***MR*G468224~NM1*82*1*GRONEMEYER*LEANNE*R***XX*1659521045~REF*EA*080754C0AB4D44CD9BA09CE9832FBB5E~DTM*232*20191024~DTM*233*20191024~SVC*HC:99214*134*95.11**1~DTM*472*20191024~CAS*PR*3*2~CAS*CO*45*36.89~REF*6R*CP41RE5B0TNU~AMT*B6*97.11~LQ*HE*N381~LQ*HE*N381~CLP*000100024120*1*134*95.11*2*MC*2019301051868~NM1*QC*1*WILLIS*DIANE****MR*D774337~NM1*82*1*LANE*DELLA*J***XX*1417151630~REF*EA*DC1FF29360BA4EF0AD8C311EA22E6740~DTM*232*20191023~DTM*233*20191023~SVC*HC:99214*134*95.11**1~DTM*472*20191023~CAS*PR*3*2~CAS*CO*45*36.89~REF*6R*CP41O7C6JS2K~AMT*B6*97.11~LQ*HE*N381~LQ*HE*N381~CLP*000100023969*1*134*97.11**MC*2019301051887~NM1*QC*1*WORNICK*THOMAS*A***MR*P422385~NM1*82*1*LUCAS*PEGGI*S***XX*1366419582~REF*EA*205BF289DF6E4BA098B05E440C8ACE02~DTM*232*20191021~DTM*233*20191021~SVC*HC:99214*134*97.11**1~DTM*472*20191021~CAS*CO*45*36.89~REF*6R*CP41F28AWI3K~AMT*B6*97.11~LQ*HE*N381~CLP*000100024045*1*54*37.39*2*MC*2019301051855~NM1*QC*1*YOUNGBLOOD*CHARLE*J***MR*Y146809~NM1*82*1*CADDALI*ESTRELLA*A***XX*1164974580~REF*EA*3400A50140D5441F8B78D8FDA88BFC19~DTM*232*20191022~DTM*233*20191022~SVC*HC:99212*54*37.39**1~DTM*472*20191022~CAS*PR*3*2~CAS*CO*45*14.61~REF*6R*CP41AH1I0C7K~AMT*B6*39.39~LQ*HE*N381~LQ*HE*N381~CLP*000100024180*1*134*97.11**MC*2019303055691~NM1*QC*1*ZUPANCIC*CARLOS*A***MR*K226313~NM1*82*1*KLAKER*JULIE*M***XX*1215134705~REF*EA*754BA310DA4C435F94E20144A3647116~DTM*232*20191024~DTM*233*20191024~SVC*HC:99214*134*97.11**1~DTM*472*20191024~CAS*CO*45*36.89~REF*6R*CP5TS9RUYMWA~AMT*B6*97.11~LQ*HE*N381~CLP*000100023200*4*1837*0**MC*2019305035343~NM1*QC*1*ADAMS*CHRISTOPHER****MR*Y546450~NM1*82*1*SEARLES*DENISE*A***XX*1396971230~REF*EA*52E50E55FCA94C2ABCB89BE90FBAA1A2~DTM*232*20191003~DTM*233*20191003~SVC*HC:96372*32*0**0**1~DTM*472*20191003~CAS*CO*109*32~REF*6R*CPCLV63ZHNUW~LQ*HE*N381~SVC*HC:J2315*1805*0**0**380~DTM*472*20191003~CAS*PI*5*1805~REF*6R*CPCLFLDJ9U8O~LQ*HE*N95~LQ*HE*M77~CLP*000100022746*4*90*0**MC*2019305035672~NM1*QC*1*CORDOVA ALMUINA*JUAN****MR*Y121841~NM1*74*1*CORDOVAALMUINA~NM1*82*1*LANE*DELLA*J***XX*1417151630~REF*EA*D8C01134FC524E678860667BE78053FE~DTM*232*20190925~DTM*233*20190925~SVC*HC:99213*90*0**0**1~DTM*472*20190925~CAS*PI*96*90~REF*6R*CPCLTPU2U0YW~LQ*HE*N30~LQ*HE*MA92~CLP*000100022944*4*180*0**MC*2019305035272~NM1*QC*1*DIAZ*GEORGINA*L***MR*I770082~NM1*82*1*HOOSHMAND-PARSI*KAYHOSROW****XX*1447291851~REF*EA*7FD7726CA20B440098E87E31EFBB2588~DTM*232*20190930~DTM*233*20190930~SVC*HC:99215*180*0**0**1~DTM*472*20190930~CAS*PI*96*180~REF*6R*CPCLF2M9POHK~LQ*HE*N30~LQ*HE*MA92~CLP*000100022405*4*134*0**MC*2019305035659~NM1*QC*1*LACY*CHRISTINE*M***MR*O291451~NM1*82*1*GRONEMEYER*LEANNE*R***XX*1659521045~REF*EA*529E06F3E4E64673ADAC30C017274262~DTM*232*20190917~DTM*233*20190917~SVC*HC:99214*134*0**0**1~DTM*472*20190917~CAS*PI*96*134~REF*6R*CPCLL1SCPKPD~LQ*HE*N30~LQ*HE*MA92~CLP*000100023059*4*134*0**MC*2019305035301~NM1*QC*1*TREANOR*JOSEPH*E***MR*O129277~NM1*82*1*HOOSHMAND-PARSI*KAYHOSROW****XX*1447291851~REF*EA*AFEE37543ECE4CFAA83BA63B5371FB6F~DTM*232*20191001~DTM*233*20191001~SVC*HC:99214*134*0**0**1~DTM*472*20191001~CAS*PI*96*134~REF*6R*CPCLT9F3K4MN~LQ*HE*N30~LQ*HE*MA92~PLB*1508250911*20191231*CS:0000370639234*-9.79*CS:0000370639234*9.79~SE*2607*000010013~GE*1*300000246~IEA*1*300000246~