ISA*00*          *00*          *ZZ*COMEDASSISTPROG*ZZ*6769489        *191209*0230*^*00501*100005859*0*P*:~GS*HP*COMEDASSISTPROG*6769489*20191209*023029*100005859*X*005010X221A1~ST*835*000010013~BPR*I*1783.12*C*ACH*CCP*01*075911603*DA*00000004556640373*1811725341**01*102000076*DA*2838835219*20191209~TRN*1*000835762*1811725341~REF*EV*1508250911~DTM*405*20191206~N1*PR*CO_TXIX*XV*7912900843~N3*P.O. BOX 30~N4*DENVER*CO*80201~PER*CX*MEDICAID PROVIDER SERVICES*TE*8442352387~PER*BL*MEDICAID PROVIDER SERVICES*TE*8442352387~N1*PE*HEALTH SOLUTIONS MED CENTER*XX*1508250911~REF*TJ*841158933~LX*1~CLP*000100024815*2*134*18.93**MC*2019339004434~NM1*QC*1*ALLEN*JODEEN*G***MR*Y428477~NM1*82*1*GRONEMEYER*LEANNE*R***XX*1659521045~REF*EA*3A7005C5E69F4AB4AAB50E2A0BDDE34C~DTM*232*20191106~DTM*233*20191106~SVC*HC:99214*134*18.93**1~DTM*472*20191106~CAS*CO*45*115.07~REF*6R*CPDTQXZJC0MZ~AMT*B6*18.93~LQ*HE*N381~LQ*HE*N381~CLP*000100025005*2*134*9.79**MC*2019337005800~NM1*QC*1*AVILA*ROBERT*B***MR*F251953~NM1*82*1*HOOSHMAND-PARSI*KAYHOSROW****XX*1447291851~REF*EA*E9ED34F62682499F9C91695696DCE21B~DTM*232*20191111~DTM*233*20191111~SVC*HC:99214*134*9.79**1~DTM*472*20191111~CAS*CO*45*124.21~REF*6R*CPDP930VCGZG~AMT*B6*9.79~LQ*HE*N381~LQ*HE*N381~CLP*35231*2*135*18.93**MC*2219336006592~NM1*QC*1*BURCH*ROSALIE*A***MR*B253706~DTM*232*20190508~DTM*233*20190508~SVC*HC:99214*135*18.93**1~DTM*472*20190508~CAS*CO*45*116.07~REF*HPI*1659521045~AMT*B6*18.93~LQ*HE*N381~LQ*HE*N381~CLP*000100025122*2*90*12.94**MC*2019337005806~NM1*QC*1*COOK*DAVID*T***MR*M267307~NM1*82*1*CADDALI*ESTRELLA*A***XX*1164974580~REF*EA*0AE5A2FECC28453D886F197D71B1E60E~DTM*232*20191113~DTM*233*20191113~SVC*HC:99213*90*12.94**1~DTM*472*20191113~CAS*CO*45*77.06~REF*6R*CPDP2X8DVPOR~AMT*B6*12.94~LQ*HE*N381~LQ*HE*N381~CLP*000100024549*2*90*12.94**MC*2019336029203~NM1*QC*1*DICKERSON*RAUNITA****MR*G832391~NM1*82*1*GRONEMEYER*LEANNE*R***XX*1659521045~REF*EA*43E66ED78F984A7FA8ACD0F3622B3F8F~DTM*232*20191104~DTM*233*20191104~SVC*HC:99213*90*12.94**1~DTM*472*20191104~CAS*CO*45*77.06~REF*6R*CPMD9WT2UN89~AMT*B6*12.94~LQ*HE*N381~LQ*HE*N381~CLP*000100025130*2*134*18.93**MC*2019337005811~NM1*QC*1*ENCINA*MARTA****MR*I139437~NM1*82*1*LUCAS*PEGGI*S***XX*1366419582~REF*EA*AFF0661A3C8F43FE9B0F81A32ED12953~DTM*232*20191113~DTM*233*20191113~SVC*HC:99214*134*18.93**1~DTM*472*20191113~CAS*CO*45*115.07~REF*6R*CPDPUF5H6KAS~AMT*B6*18.93~LQ*HE*N381~LQ*HE*N381~CLP*000100024620*2*134*18.93**MC*2019336029291~NM1*QC*1*HELLERICH*GREGG*R***MR*G051852~NM1*82*1*LUCAS*PEGGI*S***XX*1366419582~REF*EA*182D20B20B15428293B73C3F8C9C96B2~DTM*232*20191105~DTM*233*20191105~SVC*HC:99214*134*18.93**1~DTM*472*20191105~CAS*CO*45*115.07~REF*6R*CPMDC38G1PYZ~AMT*B6*18.93~LQ*HE*N381~LQ*HE*N381~CLP*000100025137*2*157*6.14**MC*2019337005808~NM1*QC*1*MAJOR*MARION*J***MR*O960190~NM1*82*1*HOOSHMAND-PARSI*KAYHOSROW****XX*1447291851~REF*EA*606C7235C7F14C21B7F25EB4F2CB0085~DTM*232*20191113~DTM*233*20191113~SVC*HC:99213:25*90*6.14**1~DTM*472*20191113~CAS*CO*45*83.86~REF*6R*CPDPLOSLHLFD~AMT*B6*6.14~LQ*HE*N381~LQ*HE*N381~SVC*HC:G0008*32*0**0**1~DTM*472*20191113~CAS*PI*16*32~REF*6R*CPDPF1HFV26S~LQ*HE*N381~LQ*HE*N56~LQ*HE*N56~SVC*HC:90674*35*0**1~DTM*472*20191113~CAS*CO*45*35~REF*6R*CPDP5D1L7FKD~LQ*HE*N381~CLP*000100024737*2*1927*241.7**MC*2019336029298~NM1*QC*1*MOORE*HOLLY****MR*G690959~NM1*82*1*GRONEMEYER*LEANNE*R***XX*1659521045~REF*EA*BDCA95C53EB14261A12F71CDD34D1294~DTM*232*20191106~DTM*233*20191106~SVC*HC:99213:25*90*12.94**1~DTM*472*20191106~CAS*CO*45*77.06~REF*6R*CPMDBDJA1HMS~AMT*B6*12.94~LQ*HE*N381~LQ*HE*N381~SVC*HC:96372*32*2.91**1~DTM*472*20191106~CAS*CO*45*29.09~REF*6R*CPMDP7AAYAD6~AMT*B6*2.91~LQ*HE*N381~LQ*HE*N381~SVC*HC:J2315*1805*225.85**380~DTM*472*20191106~CAS*CO*45*1579.15~REF*6R*CPMDX4PTPPY7~AMT*B6*225.85~LQ*HE*N381~LQ*HE*N381~CLP*000100025204*2*157.15*13.29**MC*2019339004422~NM1*QC*1*MURPHY*JAMES*P***MR*O503555~NM1*82*1*HOOSHMAND-PARSI*KAYHOSROW****XX*1447291851~REF*EA*5DA06249AAE941F788B2FCEE6C1AC002~DTM*232*20191114~DTM*233*20191114~SVC*HC:99214:25*134*9.79**1~DTM*472*20191114~CAS*CO*45*124.21~REF*6R*CPDTEFG23BHY~AMT*B6*9.79~LQ*HE*N381~LQ*HE*N381~SVC*HC:93000*23.15*3.5**1~DTM*472*20191114~CAS*CO*45*19.65~REF*6R*CPDTQTFIFZB4~AMT*B6*3.5~LQ*HE*N381~LQ*HE*N381~CLP*000100024990*2*134*9.79**MC*2019337005797~NM1*QC*1*ORTIZ*DEBORAH*M***MR*K925625~NM1*82*1*HOOSHMAND-PARSI*KAYHOSROW****XX*1447291851~REF*EA*BD6493B5E3584B2C99EAE7C06D021378~DTM*232*20191111~DTM*233*20191111~SVC*HC:99214*134*9.79**1~DTM*472*20191111~CAS*CO*45*124.21~REF*6R*CPDPG6GYTBZ4~AMT*B6*9.79~LQ*HE*N381~LQ*HE*N381~CLP*000100025080*2*315*42.23**MC*2019339004428~NM1*QC*1*ROMERO*PAUL*V***MR*Y087039~NM1*82*1*LUCAS*PEGGI*S***XX*1366419582~REF*EA*16E1FD3B0A854FC9945CF11C29CC8309~DTM*232*20191112~DTM*233*20191112~SVC*HC:99205:25*255*35.99**1~DTM*472*20191112~CAS*CO*45*219.01~REF*6R*CPDTE080ITES~AMT*B6*35.99~LQ*HE*N381~LQ*HE*N381~SVC*HC:G0444*20*0**1~DTM*472*20191112~CAS*CO*45*20~REF*6R*CPDTI61WUWH8~SVC*HC:G0396*40*6.24**1~DTM*472*20191112~CAS*OA*P22*33.76~REF*6R*CPDTQUG9WP4O~AMT*B6*6.24~LQ*HE*MA125~LQ*HE*MA125~CLP*000100025214*2*168.15*3.5**MC*2019339004438~NM1*QC*1*SANCHEZ*JOSEPH*A***MR*G118632~NM1*82*1*HOOSHMAND-PARSI*KAYHOSROW****XX*1447291851~REF*EA*7AFD1D3543404FBF96F21A958CBF4066~DTM*232*20191114~DTM*233*20191114~SVC*HC:G0439:25*145*0**0**1~DTM*472*20191114~CAS*PI*16*145~REF*6R*CPDTZ2NV8CC8~LQ*HE*N381~SVC*HC:93000*23.15*3.5**1~DTM*472*20191114~CAS*CO*45*19.65~REF*6R*CPDTWXO8Y1LK~AMT*B6*3.5~LQ*HE*N381~LQ*HE*N381~CLP*000100025154*2*332*34.88**MC*2019337005802~NM1*QC*1*VIGIL*JERRY*L***MR*H628786~NM1*82*1*LUCAS*PEGGI*S***XX*1366419582~REF*EA*0DB1FF399E13471BBA9D2DBEFFA5FA00~DTM*232*20191113~DTM*233*20191113~SVC*HC:99204:25*205*28.64**1~DTM*472*20191113~CAS*CO*45*176.36~REF*6R*CPDPZDZNPHAA~AMT*B6*28.64~LQ*HE*N381~LQ*HE*N381~SVC*HC:G0008*32*0**1~DTM*472*20191113~CAS*OA*P22*32~REF*6R*CPDPFIGQE3Y6~LQ*HE*MA125~SVC*HC:90674*35*0**1~DTM*472*20191113~CAS*CO*45*35~REF*6R*CPDP5VTC7JOX~LQ*HE*N381~SVC*HC:G0444*20*0**1~DTM*472*20191113~CAS*CO*45*20~REF*6R*CPDPK0FHQDFK~SVC*HC:G0396*40*6.24**1~DTM*472*20191113~CAS*OA*P22*33.76~REF*6R*CPDPMAFA704N~AMT*B6*6.24~LQ*HE*MA125~CLP*39452*4*135*0**MC*2219336005377~NM1*QC*1*AMORIN*RUTH*E***MR*P722248~DTM*232*20190808~DTM*233*20190808~DTM*036*20190531~SVC*HC:99214*135*0**0**1~DTM*472*20190808~CAS*CO*26*135~REF*HPI*1164974580~LQ*HE*N30~CLP*000100025287*1*316*224.74**MC*2019336029311~NM1*QC*1*BANKSTON*AMANDA*M***MR*G892642~NM1*82*1*SEARLES*DENISE*A***XX*1396971230~REF*EA*3E03E3114A55493AA1E1DC44F5989E99~DTM*232*20191115~DTM*233*20191115~SVC*HC:99214:25:FP*134*119.65**1~DTM*472*20191115~CAS*CO*45*14.35~REF*6R*CPMDWWM9HLF5~AMT*B6*119.65~LQ*HE*N381~SVC*HC:96372:FP*32*15.67**1~DTM*472*20191115~CAS*CO*45*16.33~REF*6R*CPMDYZ2NA4SH~AMT*B6*15.67~LQ*HE*N381~SVC*HC:J1050:FP*135*81**150~DTM*472*20191115~CAS*CO*45*54~REF*6R*CPMD9ZX6FXD3~AMT*B6*81~LQ*HE*N381~SVC*HC:81025:FP*15*8.42**1~DTM*472*20191115~CAS*CO*45*6.58~REF*6R*CPMDUYPU807T~AMT*B6*8.42~LQ*HE*N381~CLP*000100025703*1*180*172.75**MC*2019336029326~NM1*QC*1*BLAZEK*HEVYN****MR*Y896938~NM1*82*1*GRONEMEYER*LEANNE*R***XX*1659521045~REF*EA*58967B98CF704BFEA8B428C8EB31BCDF~DTM*232*20191125~DTM*233*20191125~SVC*HC:11982:FP*180*172.75**1~DTM*472*20191125~CAS*CO*45*7.25~REF*6R*CPMDRT2IM77I~AMT*B6*172.75~LQ*HE*N381~CLP*000100025612*1*134*95.11*2*MC*2019336029290~NM1*QC*1*GREEN*DEBORAH*S***MR*Q240268~NM1*82*1*GRONEMEYER*LEANNE*R***XX*1659521045~REF*EA*59A54998C022427A9D99631861092EA1~DTM*232*20191121~DTM*233*20191121~SVC*HC:99214*134*95.11**1~DTM*472*20191121~CAS*PR*3*2~CAS*CO*45*36.89~REF*6R*CPMDOMKSNTIL~AMT*B6*97.11~LQ*HE*N381~LQ*HE*N381~CLP*000100025771*1*134*97.11**MC*2019336029300~NM1*QC*1*JOHNSON*GEORGE*W***MR*O540732~NM1*82*1*GRONEMEYER*LEANNE*R***XX*1659521045~REF*EA*1168BDD8CF5042A9BA3966155A91F80C~DTM*232*20191126~DTM*233*20191126~SVC*HC:99214*134*97.11**1~DTM*472*20191126~CAS*CO*45*36.89~REF*6R*CPMD8WRY9HHR~AMT*B6*97.11~LQ*HE*N381~CLP*000100025727*1*134*97.11**MC*2019336029303~NM1*QC*1*JOHNSON*GEORGE*W***MR*O540732~NM1*82*1*GRONEMEYER*LEANNE*R***XX*1659521045~REF*EA*20D4FD307EF54446A2FE18CD3DE1336F~DTM*232*20191125~DTM*233*20191125~SVC*HC:99214*134*97.11**1~DTM*472*20191125~CAS*CO*45*36.89~REF*6R*CPMD189ISTJM~AMT*B6*97.11~LQ*HE*N381~CLP*000100025779*1*299*204.93**MC*2019336029306~NM1*QC*1*LAIRD*AMY*J***MR*T813895~NM1*82*1*LUCAS*PEGGI*S***XX*1366419582~REF*EA*906E3B02AAB649C0AC2978957EA989CA~DTM*232*20191126~DTM*233*20191126~SVC*HC:99395:25*165*107.82**1~DTM*472*20191126~CAS*CO*45*57.18~REF*6R*CPMD1PBOC9CE~AMT*B6*107.82~LQ*HE*N381~SVC*HC:99214:25*134*97.11**1~DTM*472*20191126~CAS*CO*45*36.89~REF*6R*CPMDQC9RRLS8~AMT*B6*97.11~LQ*HE*N381~CLP*000100025764*1*134*97.11**MC*2019336029331~NM1*QC*1*PEREZ*ASHLEY****MR*E206362~NM1*82*1*GRONEMEYER*LEANNE*R***XX*1659521045~REF*EA*0AE0AF216B4B4C44B664FC1E65B6FBD0~DTM*232*20191125~DTM*233*20191125~SVC*HC:99214*134*97.11**1~DTM*472*20191125~CAS*CO*45*36.89~REF*6R*CPMD32D80YDK~AMT*B6*97.11~LQ*HE*N381~CLP*000100025628*1*134*97.11**MC*2019336029328~NM1*QC*1*SCAMAN*SABRINA****MR*Y355037~NM1*82*1*GRONEMEYER*LEANNE*R***XX*1659521045~REF*EA*C7E0DF755ECB46FD8B7DF49C40B9A4AA~DTM*232*20191121~DTM*233*20191121~SVC*HC:99214*134*97.11**1~DTM*472*20191121~CAS*CO*45*36.89~REF*6R*CPMDUUESC381~AMT*B6*97.11~LQ*HE*N381~CLP*000100025596*1*222*159.92**MC*2019336029322~NM1*QC*1*TRUMBO*TIMOTHY*A***MR*Y839159~NM1*82*1*GRONEMEYER*LEANNE*R***XX*1659521045~REF*EA*D72EE564092E436E8AA04144DDB09B74~DTM*232*20191121~DTM*233*20191121~SVC*HC:99214:25*134*97.11**1~DTM*472*20191121~CAS*CO*45*36.89~REF*6R*CPMDY75CK80Z~AMT*B6*97.11~LQ*HE*N381~SVC*HC:90471*35*19.46**1~DTM*472*20191121~CAS*CO*45*15.54~REF*6R*CPMDE3794BV2~AMT*B6*19.46~LQ*HE*N381~SVC*HC:90715*53*43.35**1~DTM*472*20191121~CAS*CO*45*9.65~REF*6R*CPMD6N023Q0B~AMT*B6*43.35~LQ*HE*N381~CLP*000100025527*1*105*74.23**MC*2019336029204~NM1*QC*1*VIGIL*LETHICIA****MR*Y291117~NM1*82*1*KLAKER*JULIE*M***XX*1215134705~REF*EA*76A16E13C0194CAC8A091F61DBD42192~DTM*232*20191120~DTM*233*20191120~SVC*HC:99213:25*90*65.81**1~DTM*472*20191120~CAS*CO*45*24.19~REF*6R*CPMDMEKD916Q~AMT*B6*65.81~LQ*HE*N381~SVC*HC:81025*15*8.42**1~DTM*472*20191120~CAS*CO*45*6.58~REF*6R*CPMDRAR6Q3VN~AMT*B6*8.42~LQ*HE*N381~CLP*38626A*22*-360*-280.57**MC*5219258007520~NM1*QC*1*EGGER*JAIME*L***MR*P964496~NM1*82*1*LUCAS*PEGGI*S***XX*1366419582~DTM*232*20190719~DTM*233*20190719~SVC*HC:99395:25:FP*-160*-107.82**1~DTM*472*20190719~CAS*CO*45*-52.18~REF*6R*43414~AMT*B6*107.82~LQ*HE*N381~SVC*HC:11982:FP*-200*-172.75**1~DTM*472*20190719~CAS*CO*45*-27.25~REF*6R*43415~AMT*B6*172.75~LQ*HE*N381~LQ*HE*N381~CLP*38626A*1*360*280.57**MC*5219339002586~NM1*QC*1*EGGER*JAIME*L***MR*P964496~NM1*82*1*LUCAS*PEGGI*S***XX*1366419582~DTM*232*20190719~DTM*233*20190719~SVC*HC:99395:25:FP*160*107.82**1~DTM*472*20190719~CAS*CO*45*52.18~REF*6R*43414~AMT*B6*107.82~LQ*HE*N381~SVC*HC:11982:FP*200*172.75**1~DTM*472*20190719~CAS*CO*45*27.25~REF*6R*43415~AMT*B6*172.75~LQ*HE*N381~LQ*HE*N381~CLP*000100021617*22*-117*-110.34**MC*2019249085515~NM1*QC*1*HERNANDEZ*CONTESSA*M***MR*U660089~NM1*82*1*HOOSHMAND-PARSI*KAYHOSROW****XX*1447291851~REF*EA*CC4DF564A03140E29240BBD72D4B0C71~DTM*232*20190827~DTM*233*20190827~SVC*HC:11982:FP*-102*-102**1~DTM*472*20190827~REF*6R*CPSHU9SOMQT3~AMT*B6*102~LQ*HE*N381~SVC*HC:81025:FP*-15*-8.34**1~DTM*472*20190827~CAS*CO*45*-6.66~REF*6R*CPSHPKHICJJP~AMT*B6*8.34~LQ*HE*N381~CLP*000100021617*1*117*110.42**MC*5219339002227~NM1*QC*1*HERNANDEZ*CONTESSA*M***MR*U660089~NM1*82*1*HOOSHMAND-PARSI*KAYHOSROW****XX*1447291851~REF*EA*CC4DF564A03140E29240BBD72D4B0C71~DTM*232*20190827~DTM*233*20190827~SVC*HC:11982:FP*102*102**1~DTM*472*20190827~REF*6R*CPSHU9SOMQT3~AMT*B6*102~LQ*HE*N381~SVC*HC:81025:FP*15*8.42**1~DTM*472*20190827~CAS*CO*45*6.58~REF*6R*CPSHPKHICJJP~AMT*B6*8.42~LQ*HE*N381~PLB*1508250911*20191231*CS:0000372195536*-110.34*CS:0000372195536*110.34*CS:0000372197452*-280.57*CS:0000372197452*280.57~SE*508*000010013~GE*1*100005859~IEA*1*100005859~