ISA*00*          *00*          *ZZ*COMEDASSISTPROG*ZZ*6769489        *191216*0228*^*00501*300011571*0*P*:~GS*HP*COMEDASSISTPROG*6769489*20191216*022843*300011571*X*005010X221A1~ST*835*000010013~BPR*I*23652.25*C*ACH*CCP*01*075911603*DA*00000004556640373*1811725341**01*102000076*DA*2838835219*20191216~TRN*1*000842327*1811725341~REF*EV*1508250911~DTM*405*20191213~N1*PR*CO_TXIX*XV*7912900843~N3*P.O. BOX 30~N4*DENVER*CO*80201~PER*CX*MEDICAID PROVIDER SERVICES*TE*8442352387~PER*BL*MEDICAID PROVIDER SERVICES*TE*8442352387~N1*PE*HEALTH SOLUTIONS MED CENTER*XX*1508250911~REF*TJ*841158933~LX*1~CLP*000100025379*2*134*18.93**MC*2019341003040~NM1*QC*1*AVILA*ROBERT*B***MR*F251953~NM1*82*1*LUCAS*PEGGI*S***XX*1366419582~REF*EA*7785E0E2E55B4E09BC0F88D2CD37F0F2~DTM*232*20191118~DTM*233*20191118~SVC*HC:99214*134*18.93**1~DTM*472*20191118~CAS*CO*45*115.07~REF*6R*CPELPOMRHLZD~AMT*B6*18.93~LQ*HE*N381~LQ*HE*N381~CLP*000100025742*2*134*9.79**MC*2019347003168~NM1*QC*1*AVILA*ROBERT*B***MR*F251953~NM1*82*1*HOOSHMAND-PARSI*KAYHOSROW****XX*1447291851~REF*EA*13793396C1D24B89B8155CFD28263D87~DTM*232*20191125~DTM*233*20191125~SVC*HC:99214*134*9.79**1~DTM*472*20191125~CAS*CO*45*124.21~REF*6R*CPE9LIVUPRAJ~AMT*B6*9.79~LQ*HE*N381~LQ*HE*N381~CLP*000100025735*2*90*12.94**MC*2019347003166~NM1*QC*1*CHAVEZ*CHRISTOPH*S***MR*D491163~NM1*82*1*GRONEMEYER*LEANNE*R***XX*1659521045~REF*EA*1103787C190E4DD5A9365C432C255AF3~DTM*232*20191125~DTM*233*20191125~SVC*HC:99213*90*12.94**1~DTM*472*20191125~CAS*CO*45*77.06~REF*6R*CPE9RL46LXOJ~AMT*B6*12.94~LQ*HE*N381~LQ*HE*N381~CLP*000100025568*2*134*18.93**MC*2019346002031~NM1*QC*1*FISHER*RONNI****MR*P809791~NM1*82*1*KLAKER*JULIE*M***XX*1215134705~REF*EA*6C99F06702C14212AE600F0A2D15F6FC~DTM*232*20191121~DTM*233*20191121~SVC*HC:99214*134*18.93**1~DTM*472*20191121~CAS*CO*45*115.07~REF*6R*CPEH3RO9A813~AMT*B6*18.93~LQ*HE*N381~LQ*HE*N381~CLP*000100025491*2*272*6.24**MC*2019344001607~NM1*QC*1*GARCIA*LONNIE****MR*A671148~NM1*82*1*CADDALI*ESTRELLA*A***XX*1164974580~REF*EA*62F87DF42B8F41FB8C77114D9065C23A~DTM*232*20191120~DTM*233*20191120~SVC*HC:G0439*145*0**0**1~DTM*472*20191120~CAS*PI*16*145~REF*6R*CPED152N045I~LQ*HE*N381~SVC*HC:G0008*32*0**0**1~DTM*472*20191120~CAS*PI*16*32~REF*6R*CPED81QQMDHG~LQ*HE*N381~SVC*HC:90674*35*0**1~DTM*472*20191120~CAS*CO*45*35~REF*6R*CPEDEI7DVK42~LQ*HE*N381~SVC*HC:G0444*20*0**1~DTM*472*20191120~CAS*CO*45*20~REF*6R*CPED714QJKJL~SVC*HC:G0396*40*6.24**1~DTM*472*20191120~CAS*OA*P22*33.76~REF*6R*CPED48362UAA~AMT*B6*6.24~LQ*HE*MA125~LQ*HE*MA125~CLP*36935*2*135*18.93**MC*2219343005690~NM1*QC*1*GARCIA*PAMELA*D***MR*P170101~DTM*232*20190612~DTM*233*20190612~SVC*HC:99214*135*18.93**1~DTM*472*20190612~CAS*CO*45*116.07~REF*HPI*1164974580~AMT*B6*18.93~LQ*HE*N381~LQ*HE*N381~CLP*000100025697*2*134*94.67**MC*2019344001614~NM1*QC*1*HOBBS*LESLYE*M***MR*Y116733~NM1*82*1*GRONEMEYER*LEANNE*R***XX*1659521045~REF*EA*170D80E1BFA64513A479B4ABE1698706~DTM*232*20191125~DTM*233*20191125~SVC*HC:99214*134*94.67**1~DTM*472*20191125~CAS*CO*45*39.33~REF*6R*CPMD7PZW6W7Y~AMT*B6*94.67~LQ*HE*N381~LQ*HE*N381~CLP*000100025713*2*201*18.93**MC*2019347003173~NM1*QC*1*HUBBARD*LORI*E***MR*K898939~NM1*82*1*GRONEMEYER*LEANNE*R***XX*1659521045~REF*EA*FDEFDB5683D64E899208B1D990323921~DTM*232*20191125~DTM*233*20191125~SVC*HC:99214:25*134*18.93**1~DTM*472*20191125~CAS*CO*45*115.07~REF*6R*CPE91JSSBO4R~AMT*B6*18.93~LQ*HE*N381~LQ*HE*N381~SVC*HC:G0008*32*0**1~DTM*472*20191125~CAS*OA*P22*32~REF*6R*CPE9F7VERUI9~LQ*HE*MA125~SVC*HC:90674*35*0**1~DTM*472*20191125~CAS*CO*45*35~REF*6R*CPE9H92CNEBG~LQ*HE*N381~CLP*000100025528*2*54*7.87**MC*2019344001613~NM1*QC*1*JOHNSON*JAIME*M***MR*M613609~NM1*82*1*CADDALI*ESTRELLA*A***XX*1164974580~REF*EA*06F9A00DAC3E4E66806A6F6FC293E17E~DTM*232*20191120~DTM*233*20191120~SVC*HC:99212*54*7.87**1~DTM*472*20191120~CAS*CO*45*46.13~REF*6R*CPED11XEKCLR~AMT*B6*7.87~LQ*HE*N381~LQ*HE*N381~CLP*40245A*2*135*18.93**MC*2019346002034~NM1*QC*1*JOHNSON*JAIME*M***MR*M613609~NM1*82*1*CADDALI*ESTRELLA*A***XX*1164974580~DTM*232*20190823~DTM*233*20190823~SVC*HC:99214*135*18.93**1~DTM*472*20190823~CAS*CO*45*116.07~REF*6R*44955~AMT*B6*18.93~LQ*HE*N381~LQ*HE*N381~CLP*40082A*2*90*6.14**MC*2019346002022~NM1*QC*1*MARRONE*JOHN*H***MR*G491256~NM1*82*1*HOOSHMAND-PARSI*KAYHOSROW****XX*1447291851~DTM*232*20190826~DTM*233*20190826~SVC*HC:99213*90*6.14**1~DTM*472*20190826~CAS*CO*45*83.86~REF*6R*44948~AMT*B6*6.14~LQ*HE*N381~LQ*HE*N381~CLP*000100025733*2*134*9.79**MC*2019347003162~NM1*QC*1*ORTIZ*DEBORAH*M***MR*K925625~NM1*82*1*HOOSHMAND-PARSI*KAYHOSROW****XX*1447291851~REF*EA*A55E199695D7469A91E0473317F91679~DTM*232*20191125~DTM*233*20191125~SVC*HC:99214*134*9.79**1~DTM*472*20191125~CAS*CO*45*124.21~REF*6R*CPE9DM0GTBV8~AMT*B6*9.79~LQ*HE*N381~LQ*HE*N381~CLP*000100025214*2*60*7.34**MC*2019341003043~NM1*QC*1*SANCHEZ*JOSEPH*A***MR*G118632~NM1*82*1*HOOSHMAND-PARSI*KAYHOSROW****XX*1447291851~REF*EA*0F8765EA4663460F965BE8AFB4D393D9~DTM*232*20191114~DTM*233*20191114~SVC*HC:G0444*20*0**1~DTM*472*20191114~CAS*CO*45*20~REF*6R*CPELNF3S7OZN~SVC*HC:G0396*40*7.34**1~DTM*472*20191114~CAS*OA*P22*32.66~REF*6R*CPEL2E7EP0QV~AMT*B6*7.34~LQ*HE*MA125~LQ*HE*MA125~CLP*40641A*2*55*7.87**MC*2019345003188~NM1*QC*1*VIGIL*STEVEN****MR*Y307086~NM1*82*1*SEARLES*DENISE*A***XX*1396971230~DTM*232*20190820~DTM*233*20190820~SVC*HC:99212*55*7.87**1~DTM*472*20190820~CAS*CO*45*47.13~REF*6R*44973~AMT*B6*7.87~LQ*HE*N381~LQ*HE*N381~CLP*40521A*2*246.28*42.23**MC*2019346002035~NM1*QC*1*VIGIL*STEVEN****MR*Y307086~NM1*82*1*SEARLES*DENISE*A***XX*1396971230~DTM*232*20190816~DTM*233*20190816~SVC*HC:99205:25*190*35.99**1~DTM*472*20190816~CAS*CO*45*154.01~REF*6R*44974~AMT*B6*35.99~LQ*HE*N381~LQ*HE*N381~SVC*HC:G0444*20.12*0**1~DTM*472*20190816~CAS*CO*45*20.12~REF*6R*45025~SVC*HC:G0396*36.16*6.24**1~DTM*472*20190816~CAS*OA*P22*29.92~REF*6R*45026~AMT*B6*6.24~LQ*HE*MA125~CLP*000100025675*4*134*0**MC*2019347059970~NM1*QC*1*SOILEAU*JOSEPH****MR*O245736~NM1*82*1*LUCAS*PEGGI*S***XX*1366419582~REF*EA*F5919D05FB4645DBBE7F3063E19D5D6D~DTM*232*20191122~DTM*233*20191122~SVC*HC:99214*134*0**0**1~DTM*472*20191122~CAS*PI*96*134~REF*6R*CPN5BB80GYIY~LQ*HE*N56~CLP*37452C*4*212*0**MC*2019343035598~NM1*QC*1*WAGNER*DOROTHY*J***MR*P790476~NM1*82*1*CADDALI*ESTRELLA*A***XX*1164974580~DTM*232*20190606~DTM*233*20190606~SVC*HC:99215:25*160*0**0**1~DTM*472*20190606~CAS*PI*16*160~LQ*HE*M47~SVC*HC:93000*52*0**0**1~DTM*472*20190606~CAS*PI*16*52~LQ*HE*M47~CLP*37493C*4*90*0**MC*2019343036598~NM1*QC*1*WAGNER*DOROTHY*J***MR*P790476~NM1*82*1*CADDALI*ESTRELLA*A***XX*1164974580~DTM*232*20190627~DTM*233*20190627~SVC*HC:99213*90*0**0**1~DTM*472*20190627~CAS*PI*16*90~LQ*HE*M47~CLP*37452C*22*-212*-28.34**MC*2019329034296~NM1*QC*1*WAGNER*DOROTHY*J***MR*P790476~NM1*82*1*CADDALI*ESTRELLA*A***XX*1164974580~DTM*232*20190606~DTM*233*20190606~SVC*HC:99215:25*-160*-25.36**1~DTM*472*20190606~CAS*CO*45*-134.64~REF*6R*41571~AMT*B6*25.36~LQ*HE*N381~LQ*HE*N381~SVC*HC:93000*-52*-2.98**1~DTM*472*20190606~CAS*CO*45*-49.02~REF*6R*41572~AMT*B6*2.98~LQ*HE*N381~LQ*HE*N381~CLP*37452C*4*212*0**MC*5919343009183~NM1*QC*1*WAGNER*DOROTHY*J***MR*P790476~NM1*82*1*CADDALI*ESTRELLA*A***XX*1164974580~DTM*232*20190606~DTM*233*20190606~SVC*HC:99215:25*160*0**1~DTM*472*20190606~CAS*CO*129*160~REF*6R*41571~LQ*HE*N59~SVC*HC:93000*52*0**1~DTM*472*20190606~CAS*CO*129*52~REF*6R*41572~LQ*HE*N59~CLP*37493C*22*-90*-12.94**MC*2019329034300~NM1*QC*1*WAGNER*DOROTHY*J***MR*P790476~NM1*82*1*CADDALI*ESTRELLA*A***XX*1164974580~DTM*232*20190627~DTM*233*20190627~SVC*HC:99213*-90*-12.94**1~DTM*472*20190627~CAS*CO*45*-77.06~REF*6R*42353~AMT*B6*12.94~LQ*HE*N381~LQ*HE*N381~CLP*37493C*4*90*0**MC*5919343009197~NM1*QC*1*WAGNER*DOROTHY*J***MR*P790476~NM1*82*1*CADDALI*ESTRELLA*A***XX*1164974580~DTM*232*20190627~DTM*233*20190627~SVC*HC:99213*90*0**1~DTM*472*20190627~CAS*CO*129*90~REF*6R*42353~LQ*HE*N59~CLP*000100026112*1*90*65.81**MC*2019346068364~NM1*QC*1*ANDERSON*JACQULINE*M***MR*G934658~NM1*82*1*SEARLES*DENISE*A***XX*1396971230~REF*EA*91EB651D286047C697EDA789580BE2CF~DTM*232*20191203~DTM*233*20191203~SVC*HC:99213*90*65.81**1~DTM*472*20191203~CAS*CO*45*24.19~REF*6R*CPND16GOZQJL~AMT*B6*65.81~LQ*HE*N381~CLP*000100026213*1*291*160.55**MC*2019347060176~NM1*QC*1*ARGUELLO*SAM*A***MR*A077072~NM1*82*1*HOOSHMAND-PARSI*KAYHOSROW****XX*1447291851~REF*EA*1279D531298543088D1F9175D083AC30~DTM*232*20191204~DTM*233*20191204~SVC*HC:99203:25*145*97.43**1~DTM*472*20191204~CAS*CO*45*47.57~REF*6R*CPN5N05Q7GAB~AMT*B6*97.43~LQ*HE*N381~SVC*HC:90471*35*19.46**1~DTM*472*20191204~CAS*CO*45*15.54~REF*6R*CPN5S5S3YWU6~AMT*B6*19.46~LQ*HE*N381~SVC*HC:90674*35*21.74**1~DTM*472*20191204~CAS*CO*45*13.26~REF*6R*CPN5H3DBVXKZ~AMT*B6*21.74~LQ*HE*N381~SVC*HC:H0049*36*10.92**1~DTM*472*20191204~CAS*CO*45*25.08~REF*6R*CPN5S908LUQ5~AMT*B6*10.92~LQ*HE*N381~SVC*HC:G8510*40*11**1~DTM*472*20191204~CAS*CO*45*29~REF*6R*CPN5POU2G7UN~AMT*B6*11~LQ*HE*N381~CLP*000100026285*1*90*65.81**MC*2019346068746~NM1*QC*1*ARMSTRONG*JONATHON*H***MR*N774392~NM1*82*1*CADDALI*ESTRELLA*A***XX*1164974580~REF*EA*CCAF45D71C0B45DDAB8B904A3E42DEBB~DTM*232*20191205~DTM*233*20191205~SVC*HC:99213*90*65.81**1~DTM*472*20191205~CAS*CO*45*24.19~REF*6R*CPNDJ3YPMVBU~AMT*B6*65.81~LQ*HE*N381~CLP*000100026117*1*281*191.03**MC*2019347060089~NM1*QC*1*ASHMORE*TODD****MR*G698567~NM1*82*1*SEARLES*DENISE*A***XX*1396971230~REF*EA*F56B38A5ED0B4C848305470BE42F48B3~DTM*232*20191203~DTM*233*20191203~SVC*HC:99204:25*205*149.59**1~DTM*472*20191203~CAS*CO*45*55.41~REF*6R*CPN584XBQFA4~AMT*B6*149.59~LQ*HE*N381~SVC*HC:H0049*36*10.92**1~DTM*472*20191203~CAS*CO*45*25.08~REF*6R*CPN59CYBE54M~AMT*B6*10.92~LQ*HE*N381~SVC*HC:G8431*40*30.52**1~DTM*472*20191203~CAS*CO*45*9.48~REF*6R*CPN5MLUL9PC3~AMT*B6*30.52~LQ*HE*N381~CLP*000100025850*1*134*95.11*2*MC*2019346068743~NM1*QC*1*AZZAM*KELLI*J***MR*T224226~NM1*82*1*GRONEMEYER*LEANNE*R***XX*1659521045~REF*EA*DDF3AA10820A48A9827AB6B764A9330F~DTM*232*20191126~DTM*233*20191126~SVC*HC:99214*134*95.11**1~DTM*472*20191126~CAS*PR*3*2~CAS*CO*45*36.89~REF*6R*CPND4Z9Z223V~AMT*B6*97.11~LQ*HE*N381~LQ*HE*N381~CLP*000100025807*1*221*138.87**MC*2019344057669~NM1*QC*1*BACA*RUBEN*A***MR*Y047437~NM1*82*1*SEARLES*DENISE*A***XX*1396971230~REF*EA*B7458BD190724C87BA1054EC5462CBF3~DTM*232*20191126~DTM*233*20191126~SVC*HC:99203:25*145*97.43**1~DTM*472*20191126~CAS*CO*45*47.57~REF*6R*CPNT8F1Y3NK9~AMT*B6*97.43~LQ*HE*N381~SVC*HC:H0049*36*10.92**1~DTM*472*20191126~CAS*CO*45*25.08~REF*6R*CPNT0MIZ8IBK~AMT*B6*10.92~LQ*HE*N381~SVC*HC:G8431*40*30.52**1~DTM*472*20191126~CAS*CO*45*9.48~REF*6R*CPNTIL2L3Y7B~AMT*B6*30.52~LQ*HE*N381~CLP*000100026249*1*131*96.46**MC*2019347060109~NM1*QC*1*BAIRD*ASHLYNN****MR*G563172~NM1*82*1*SEARLES*DENISE*A***XX*1396971230~REF*EA*4F7C262D4DA74A449F081A6D0BCC011A~DTM*232*20191204~DTM*233*20191204~SVC*HC:99393*131*96.46**1~DTM*472*20191204~CAS*CO*45*34.54~REF*6R*CPN5XDLNHKU9~AMT*B6*96.46~LQ*HE*N381~CLP*000100026248*1*160*105.55**MC*2019347060046~NM1*QC*1*BAIRD*ODEN****MR*G327791~NM1*82*1*SEARLES*DENISE*A***XX*1396971230~REF*EA*6491CC53C4EF47A9980D71979F881925~DTM*232*20191204~DTM*233*20191204~SVC*HC:99394*160*105.55**1~DTM*472*20191204~CAS*CO*45*54.45~REF*6R*CPN58T2JRPX5~AMT*B6*105.55~LQ*HE*N381~CLP*000100025927*1*149*105.53**MC*2019344057597~NM1*QC*1*BANKSTON*AMANDA*M***MR*G892642~NM1*82*1*GRONEMEYER*LEANNE*R***XX*1659521045~REF*EA*8F27F7E943B344D980DF9780889E2671~DTM*232*20191127~DTM*233*20191127~SVC*HC:99214:25*134*97.11**1~DTM*472*20191127~CAS*CO*45*36.89~REF*6R*CPNT3NXQUGSF~AMT*B6*97.11~LQ*HE*N381~SVC*HC:81025*15*8.42**1~DTM*472*20191127~CAS*CO*45*6.58~REF*6R*CPNT25QG5AJ7~AMT*B6*8.42~LQ*HE*N381~CLP*000100026012*1*149*105.53**MC*2019346068601~NM1*QC*1*BAROS*MELANIE*A***MR*L096798~NM1*82*1*HOOSHMAND-PARSI*KAYHOSROW****XX*1447291851~REF*EA*BDA638024D7B419FB014B7DBCACE330B~DTM*232*20191202~DTM*233*20191202~SVC*HC:99214:25*134*97.11**1~DTM*472*20191202~CAS*CO*45*36.89~REF*6R*CPNDDK44H1DK~AMT*B6*97.11~LQ*HE*N381~SVC*HC:81025*15*8.42**1~DTM*472*20191202~CAS*CO*45*6.58~REF*6R*CPNDC86RXQTU~AMT*B6*8.42~LQ*HE*N381~CLP*000100026089*1*149*103.53*2*MC*2019347060192~NM1*QC*1*BASSETT*JENNIFER*M***MR*W073216~NM1*82*1*LUCAS*PEGGI*S***XX*1366419582~REF*EA*E790ABEA8DF5444181E63289ED4EBBE6~DTM*232*20191203~DTM*233*20191203~SVC*HC:99214:25*134*95.11**1~DTM*472*20191203~CAS*PR*3*2~CAS*CO*45*36.89~REF*6R*CPN587CGRJ74~AMT*B6*97.11~LQ*HE*N381~LQ*HE*N381~SVC*HC:81025*15*8.42**1~DTM*472*20191203~CAS*CO*45*6.58~REF*6R*CPN5WLPQITHE~AMT*B6*8.42~LQ*HE*N381~CLP*000100026081*1*204*136.31*2*MC*2019346068653~NM1*QC*1*BEEBE*DUSTIN*C***MR*V104640~NM1*82*1*GRONEMEYER*LEANNE*R***XX*1659521045~REF*EA*1C3AF6C61FD9471F9662F03E7F4124C5~DTM*232*20191203~DTM*233*20191203~SVC*HC:99214:25*134*95.11**1~DTM*472*20191203~CAS*PR*3*2~CAS*CO*45*36.89~REF*6R*CPNDSNONZ39M~AMT*B6*97.11~LQ*HE*N381~LQ*HE*N381~SVC*HC:90471*35*19.46**1~DTM*472*20191203~CAS*CO*45*15.54~REF*6R*CPND4I198AX5~AMT*B6*19.46~LQ*HE*N381~SVC*HC:90674*35*21.74**1~DTM*472*20191203~CAS*CO*45*13.26~REF*6R*CPNDDQGZH5RO~AMT*B6*21.74~LQ*HE*N381~CLP*000100025823*1*90*65.81**MC*2019346068634~NM1*QC*1*BELARDE*NATE*V***MR*Q463977~NM1*82*1*GRONEMEYER*LEANNE*R***XX*1659521045~REF*EA*D504E93D0C8C4E5D84570671874353F8~DTM*232*20191126~DTM*233*20191126~SVC*HC:99213*90*65.81**1~DTM*472*20191126~CAS*CO*45*24.19~REF*6R*CPNDM97X0A7Q~AMT*B6*65.81~LQ*HE*N381~CLP*000100026101*1*210*136.55*2*MC*2019347060337~NM1*QC*1*BENAVIDEZ*KHRISTEN*D***MR*Y418586~NM1*82*1*GRONEMEYER*LEANNE*R***XX*1659521045~REF*EA*BB915D7678694590974CD5D538B569D1~DTM*232*20191203~DTM*233*20191203~SVC*HC:99214:25*134*95.11**1~DTM*472*20191203~CAS*PR*3*2~CAS*CO*45*36.89~REF*6R*CPN5YAXU4XJH~AMT*B6*97.11~LQ*HE*N381~LQ*HE*N381~SVC*HC:H0049*36*10.92**1~DTM*472*20191203~CAS*CO*45*25.08~REF*6R*CPN5H50WZRI8~AMT*B6*10.92~LQ*HE*N381~SVC*HC:G8431*40*30.52**1~DTM*472*20191203~CAS*CO*45*9.48~REF*6R*CPN5R9U49HDI~AMT*B6*30.52~LQ*HE*N381~CLP*000100026061*1*90*81.55**MC*2019346068711~NM1*QC*1*BLAZEK*HEVYN****MR*Y896938~NM1*82*1*GRONEMEYER*LEANNE*R***XX*1659521045~REF*EA*2DDE9918F5144F94AE3EE1D681357DDA~DTM*232*20191203~DTM*233*20191203~SVC*HC:99213:FP*90*81.55**1~DTM*472*20191203~CAS*CO*45*8.45~REF*6R*CPND65DIH3S0~AMT*B6*81.55~LQ*HE*N381~CLP*000100025973*1*149*105.53**MC*2019346068546~NM1*QC*1*BOULIER*JEWEL*R***MR*W913486~NM1*82*1*HOOSHMAND-PARSI*KAYHOSROW****XX*1447291851~REF*EA*DC41F41D5D7140ABBE2E31CF0E336B8D~DTM*232*20191202~DTM*233*20191202~SVC*HC:99214:25*134*97.11**1~DTM*472*20191202~CAS*CO*45*36.89~REF*6R*CPNDE1BK0UKZ~AMT*B6*97.11~LQ*HE*N381~SVC*HC:81025*15*8.42**1~DTM*472*20191202~CAS*CO*45*6.58~REF*6R*CPNDIY16FT1R~AMT*B6*8.42~LQ*HE*N381~CLP*000100026210*1*90*65.81**MC*2019346068418~NM1*QC*1*BRODEUR*MICHAEL****MR*O634397~NM1*82*1*CADDALI*ESTRELLA*A***XX*1164974580~REF*EA*E64D6E63925744BD991CF53BA3FC7936~DTM*232*20191204~DTM*233*20191204~SVC*HC:99213*90*65.81**1~DTM*472*20191204~CAS*CO*45*24.19~REF*6R*CPND6L008IRO~AMT*B6*65.81~LQ*HE*N381~CLP*000100025841*1*149*105.53**MC*2019344057630~NM1*QC*1*CALDERON*DAVINA*R***MR*J450070~NM1*82*1*HOOSHMAND-PARSI*KAYHOSROW****XX*1447291851~REF*EA*302ECE2CA38047D1BEB17617BD46DA52~DTM*232*20191126~DTM*233*20191126~SVC*HC:99214:25*134*97.11**1~DTM*472*20191126~CAS*CO*45*36.89~REF*6R*CPNTM00PWRP5~AMT*B6*97.11~LQ*HE*N381~SVC*HC:81025*15*8.42**1~DTM*472*20191126~CAS*CO*45*6.58~REF*6R*CPNTESBF8KYM~AMT*B6*8.42~LQ*HE*N381~CLP*000100026053*1*149*105.53**MC*2019346068701~NM1*QC*1*CALDERON*DAVINA*R***MR*J450070~NM1*82*1*HOOSHMAND-PARSI*KAYHOSROW****XX*1447291851~REF*EA*81F82952241B4314BB964929862EAB9B~DTM*232*20191203~DTM*233*20191203~SVC*HC:99214:25*134*97.11**1~DTM*472*20191203~CAS*CO*45*36.89~REF*6R*CPNDM6LSOKCQ~AMT*B6*97.11~LQ*HE*N381~SVC*HC:81025*15*8.42**1~DTM*472*20191203~CAS*CO*45*6.58~REF*6R*CPND7OIZSBBX~AMT*B6*8.42~LQ*HE*N381~CLP*000100026002*1*134*97.11**MC*2019344057591~NM1*QC*1*CASACK*JACOB****MR*Y190717~NM1*82*1*HOOSHMAND-PARSI*KAYHOSROW****XX*1447291851~REF*EA*404E84E637224C5CA9AF78BBE3EDFA64~DTM*232*20191202~DTM*233*20191202~SVC*HC:99214*134*97.11**1~DTM*472*20191202~CAS*CO*45*36.89~REF*6R*CPNTBRP0927D~AMT*B6*97.11~LQ*HE*N381~CLP*000100026120*1*134*97.11**MC*2019346068715~NM1*QC*1*CASAUS*TRACY*A***MR*K186814~NM1*82*1*HOOSHMAND-PARSI*KAYHOSROW****XX*1447291851~REF*EA*5CAA6ABF4F554523AA4E3E88E13466FD~DTM*232*20191203~DTM*233*20191203~SVC*HC:99214*134*97.11**1~DTM*472*20191203~CAS*CO*45*36.89~REF*6R*CPNDWX2OZ5Q4~AMT*B6*97.11~LQ*HE*N381~CLP*000100026115*1*90*65.81**MC*2019346068452~NM1*QC*1*CHATMAN*BRITTANY*C***MR*Y447314~NM1*82*1*SEARLES*DENISE*A***XX*1396971230~REF*EA*71371D7895FB483C907B3E8A7082E5F2~DTM*232*20191203~DTM*233*20191203~SVC*HC:99213*90*65.81**1~DTM*472*20191203~CAS*CO*45*24.19~REF*6R*CPND8BX4SEVQ~AMT*B6*65.81~LQ*HE*N381~CLP*000100025846*1*65*55.35**MC*2019346068457~NM1*QC*1*CHATMAN*BRITTANY*C***MR*Y447314~NM1*82*1*LEWIS*HOLLY*G***XX*1295234128~REF*EA*2AB10EA60CE349E48D1DE3B817F23E99~DTM*232*20191126~DTM*233*20191126~SVC*HC:90832*65*55.35**1~DTM*472*20191126~CAS*CO*45*9.65~REF*6R*CPNDDLW50J93~AMT*B6*55.35~LQ*HE*N381~CLP*000100026017*1*153*108.93**MC*2019346068650~NM1*QC*1*COLEMAN*ZOEI*J***MR*P176370~NM1*82*1*GRONEMEYER*LEANNE*R***XX*1659521045~REF*EA*186A073C8C1E48D6B5F20A517AE6C768~DTM*232*20191202~DTM*233*20191202~SVC*HC:99214:25*134*97.11**1~DTM*472*20191202~CAS*CO*45*36.89~REF*6R*CPNDHAI433C6~AMT*B6*97.11~LQ*HE*N381~SVC*HC:81025*15*8.42**1~DTM*472*20191202~CAS*CO*45*6.58~REF*6R*CPNDEBBJ0PJ9~AMT*B6*8.42~LQ*HE*N381~SVC*HC:81002*4*3.4**1~DTM*472*20191202~CAS*CO*45*.6~REF*6R*CPNDQHHRMS3T~AMT*B6*3.4~LQ*HE*N381~CLP*000100026103*1*65*55.35**MC*2019346068555~NM1*QC*1*CONDER*ISAAC*J***MR*V174577~NM1*82*1*LEWIS*HOLLY*G***XX*1295234128~REF*EA*EF614746D0A04EF7AB0B1F6A71557987~DTM*232*20191203~DTM*233*20191203~SVC*HC:90832*65*55.35**1~DTM*472*20191203~CAS*CO*45*9.65~REF*6R*CPND3TV9RLBT~AMT*B6*55.35~LQ*HE*N381~CLP*000100026094*1*90*63.81*2*MC*2019347060096~NM1*QC*1*CONDER*ISAAC*J***MR*V174577~NM1*82*1*CADDALI*ESTRELLA*A***XX*1164974580~REF*EA*C4D24230E1084AF384774400AD487AC5~DTM*232*20191203~DTM*233*20191203~SVC*HC:99213*90*63.81**1~DTM*472*20191203~CAS*PR*3*2~CAS*CO*45*24.19~REF*6R*CPN5MD8FCCPQ~AMT*B6*65.81~LQ*HE*N381~LQ*HE*N381~CLP*000100026003*1*331*208.25**MC*2019346068492~NM1*QC*1*CORDOVA*JAMES****MR*A394790~NM1*82*1*GRONEMEYER*LEANNE*R***XX*1659521045~REF*EA*B064B93F266D471A84A1E47AD797DE27~DTM*232*20191202~DTM*233*20191202~SVC*HC:99205:25*255*186.33**1~DTM*472*20191202~CAS*CO*45*68.67~REF*6R*CPND4EN5XRBQ~AMT*B6*186.33~LQ*HE*N381~SVC*HC:H0049*36*10.92**1~DTM*472*20191202~CAS*CO*45*25.08~REF*6R*CPNDKF1GFNE6~AMT*B6*10.92~LQ*HE*N381~SVC*HC:G8510*40*11**1~DTM*472*20191202~CAS*CO*45*29~REF*6R*CPNDDUL8NRIC~AMT*B6*11~LQ*HE*N381~CLP*000100026275*1*134*95.11*2*MC*2019347060334~NM1*QC*1*CORDOVA*WILLIAM*D***MR*G439008~NM1*82*1*GRONEMEYER*LEANNE*R***XX*1659521045~REF*EA*A9BE8E7301444DD38F8797EADF200125~DTM*232*20191205~DTM*233*20191205~SVC*HC:99214*134*95.11**1~DTM*472*20191205~CAS*PR*3*2~CAS*CO*45*36.89~REF*6R*CPN5MX3OFU2U~AMT*B6*97.11~LQ*HE*N381~LQ*HE*N381~CLP*000100026154*1*134*95.11*2*MC*2019346068684~NM1*QC*1*COWEN*MARY****MR*O491346~NM1*82*1*LUCAS*PEGGI*S***XX*1366419582~REF*EA*A368C9AB8AA4442BBE671266151B3C4D~DTM*232*20191203~DTM*233*20191203~SVC*HC:99214*134*95.11**1~DTM*472*20191203~CAS*PR*3*2~CAS*CO*45*36.89~REF*6R*CPND36ND3VTE~AMT*B6*97.11~LQ*HE*N381~LQ*HE*N381~CLP*000100026038*1*90*63.81*2*MC*2019344057408~NM1*QC*1*DASHIELL*KIMBERLY****MR*G103449~NM1*82*1*CADDALI*ESTRELLA*A***XX*1164974580~REF*EA*FE3BB00763284A00978228AC4D3DDB45~DTM*232*20191203~DTM*233*20191203~SVC*HC:99213*90*63.81**1~DTM*472*20191203~CAS*PR*3*2~CAS*CO*45*24.19~REF*6R*CPNTAVA791OE~AMT*B6*65.81~LQ*HE*N381~LQ*HE*N381~CLP*000100026020*1*134*97.11**MC*2019344057665~NM1*QC*1*DAVIS*ZACHARIAH*C***MR*Y127898~NM1*82*1*GRONEMEYER*LEANNE*R***XX*1659521045~REF*EA*E29823A0E2EA45668F2DF93B27684C8B~DTM*232*20191202~DTM*233*20191202~SVC*HC:99214*134*97.11**1~DTM*472*20191202~CAS*CO*45*36.89~REF*6R*CPNTRU6GYTJI~AMT*B6*97.11~LQ*HE*N381~CLP*000100026160*1*90*65.81**MC*2019346068820~NM1*QC*1*DORRIS*DREW****MR*P467667~NM1*82*1*CADDALI*ESTRELLA*A***XX*1164974580~REF*EA*D8566CC10845401881BE117E4CD10CA1~DTM*232*20191204~DTM*233*20191204~SVC*HC:99213*90*65.81**1~DTM*472*20191204~CAS*CO*45*24.19~REF*6R*CPNDEE2BJ0IZ~AMT*B6*65.81~LQ*HE*N381~CLP*000100026110*1*138*90.61**MC*2019347060159~NM1*QC*1*DURAN*LUCIANO*K***MR*P804952~NM1*82*1*GRONEMEYER*LEANNE*R***XX*1659521045~REF*EA*5C3CD02106DC47D1A5CED76773E5A5E4~DTM*232*20191203~DTM*233*20191203~SVC*HC:99391*138*90.61**1~DTM*472*20191203~CAS*CO*45*47.39~REF*6R*CPN5VW6PS5ON~AMT*B6*90.61~LQ*HE*N381~CLP*000100026288*1*54*39.39**MC*2019346068726~NM1*QC*1*DURAN*ROBERT****MR*P170512~NM1*82*1*CADDALI*ESTRELLA*A***XX*1164974580~REF*EA*07D56DE8BE4341D18F66FEC80371AA57~DTM*232*20191205~DTM*233*20191205~SVC*HC:99212*54*39.39**1~DTM*472*20191205~CAS*CO*45*14.61~REF*6R*CPNDSFTEQXYQ~AMT*B6*39.39~LQ*HE*N381~CLP*000100025876*1*149*105.53**MC*2019346068477~NM1*QC*1*EHLERS*DESIREE*F***MR*P131523~NM1*82*1*KLAKER*JULIE*M***XX*1215134705~REF*EA*A20C499F52B24243B4DE41197FF97625~DTM*232*20191127~DTM*233*20191127~SVC*HC:99214:25*134*97.11**1~DTM*472*20191127~CAS*CO*45*36.89~REF*6R*CPNDLCQLTEF3~AMT*B6*97.11~LQ*HE*N381~SVC*HC:81025*15*8.42**1~DTM*472*20191127~CAS*CO*45*6.58~REF*6R*CPNDQE84CQ42~AMT*B6*8.42~LQ*HE*N381~CLP*000100026197*1*149*105.53**MC*2019347059971~NM1*QC*1*EHLERS*DESIREE*F***MR*P131523~NM1*82*1*GRONEMEYER*LEANNE*R***XX*1659521045~REF*EA*8811FF05DB424FA2BAF17028C0D5DEDE~DTM*232*20191204~DTM*233*20191204~SVC*HC:99214:25*134*97.11**1~DTM*472*20191204~CAS*CO*45*36.89~REF*6R*CPN56IJOXKR4~AMT*B6*97.11~LQ*HE*N381~SVC*HC:81025*15*8.42**1~DTM*472*20191204~CAS*CO*45*6.58~REF*6R*CPN52ORS3JTT~AMT*B6*8.42~LQ*HE*N381~CLP*000100026026*1*90*65.81**MC*2019344057625~NM1*QC*1*ELLISON*TRACY****MR*Y263234~NM1*82*1*HOOSHMAND-PARSI*KAYHOSROW****XX*1447291851~REF*EA*F5E85A2495DD4320840F7264D04E03D7~DTM*232*20191202~DTM*233*20191202~SVC*HC:99213*90*65.81**1~DTM*472*20191202~CAS*CO*45*24.19~REF*6R*CPNTCW2TU1KO~AMT*B6*65.81~LQ*HE*N381~CLP*000100025934*1*105*74.23**MC*2019344057392~NM1*QC*1*ELZY*BETHANY****MR*U829312~NM1*82*1*GRONEMEYER*LEANNE*R***XX*1659521045~REF*EA*248C2E410055416BADF1AB9795FB93D9~DTM*232*20191127~DTM*233*20191127~SVC*HC:99213:25*90*65.81**1~DTM*472*20191127~CAS*CO*45*24.19~REF*6R*CPNT1QKBALQ6~AMT*B6*65.81~LQ*HE*N381~SVC*HC:81025*15*8.42**1~DTM*472*20191127~CAS*CO*45*6.58~REF*6R*CPNT5KP3GXNN~AMT*B6*8.42~LQ*HE*N381~CLP*000100026065*1*2017*1323.19**MC*2019346068736~NM1*QC*1*ESPINOZA*ANDY****MR*T095634~NM1*82*1*ROBERTS*BRAD*A***XX*1538435698~REF*EA*2C9535718E4145979943F1C84226B6A2~DTM*232*20191203~DTM*233*20191203~SVC*HC:99215:25*180*129.99**1~DTM*472*20191203~CAS*CO*45*50.01~REF*6R*CPND7MBEBDC5~AMT*B6*129.99~LQ*HE*N381~SVC*HC:96372*32*0**0**1~DTM*472*20191203~CAS*CO*109*32~REF*6R*CPND9GUAJOSM~LQ*HE*N381~SVC*HC:J2315*1805*1193.2**380~DTM*472*20191203~CAS*CO*45*611.8~REF*6R*CPNDG36E598B~AMT*B6*1193.2~LQ*HE*N381~CLP*000100025905*1*90*65.81**MC*2019346068621~NM1*QC*1*EURIOSTE*RICHARD****MR*H551756~NM1*82*1*CADDALI*ESTRELLA*A***XX*1164974580~REF*EA*92C96F320C0A401BA75D8F9C135E942A~DTM*232*20191127~DTM*233*20191127~SVC*HC:99213*90*65.81**1~DTM*472*20191127~CAS*CO*45*24.19~REF*6R*CPNDRWQUNEAD~AMT*B6*65.81~LQ*HE*N381~CLP*000100025945*1*134*97.11**MC*2019344057645~NM1*QC*1*FERRIS*DAMIEN*N***MR*P832891~NM1*82*1*KLAKER*JULIE*M***XX*1215134705~REF*EA*D64BDC3E29EE4327B7670B26A9E9DD37~DTM*232*20191127~DTM*233*20191127~SVC*HC:99214*134*97.11**1~DTM*472*20191127~CAS*CO*45*36.89~REF*6R*CPNTPI1ZBC05~AMT*B6*97.11~LQ*HE*N381~CLP*000100025878*1*149*105.53**MC*2019346068397~NM1*QC*1*FIORINI*CHRISTENA*E***MR*Y109693~NM1*82*1*KLAKER*JULIE*M***XX*1215134705~REF*EA*5628822B8437404B8B6F90CAFCB16CBD~DTM*232*20191127~DTM*233*20191127~SVC*HC:99214:25*134*97.11**1~DTM*472*20191127~CAS*CO*45*36.89~REF*6R*CPND5OO75O8V~AMT*B6*97.11~LQ*HE*N381~SVC*HC:81025*15*8.42**1~DTM*472*20191127~CAS*CO*45*6.58~REF*6R*CPNDBHFTFSCN~AMT*B6*8.42~LQ*HE*N381~CLP*000100025895*1*134*97.11**MC*2019346068811~NM1*QC*1*FITZPATRICK*TINA****MR*M581665~NM1*82*1*SEARLES*DENISE*A***XX*1396971230~REF*EA*59FFAB0B6C894C849DE0E59F7EF15C1C~DTM*232*20191127~DTM*233*20191127~SVC*HC:99214*134*97.11**1~DTM*472*20191127~CAS*CO*45*36.89~REF*6R*CPNDCZPCF1NC~AMT*B6*97.11~LQ*HE*N381~CLP*000100026272*1*149*105.53**MC*2019347060353~NM1*QC*1*FITZPATRICK*TINA****MR*M581665~NM1*82*1*SEARLES*DENISE*A***XX*1396971230~REF*EA*52306BE8563D4FB88A4E82008E3EFBB0~DTM*232*20191205~DTM*233*20191205~SVC*HC:99214:25*134*97.11**1~DTM*472*20191205~CAS*CO*45*36.89~REF*6R*CPN51ENJWK21~AMT*B6*97.11~LQ*HE*N381~SVC*HC:81025*15*8.42**1~DTM*472*20191205~CAS*CO*45*6.58~REF*6R*CPN5639TNC65~AMT*B6*8.42~LQ*HE*N381~CLP*000100026271*1*90*65.81**MC*2019346068755~NM1*QC*1*FLOOD*ELIJAH*A***MR*P458786~NM1*82*1*CADDALI*ESTRELLA*A***XX*1164974580~REF*EA*73C8F0EFBCC14C198F0CC4DAE8E38938~DTM*232*20191205~DTM*233*20191205~SVC*HC:99213*90*65.81**1~DTM*472*20191205~CAS*CO*45*24.19~REF*6R*CPNDJ6V8FKTL~AMT*B6*65.81~LQ*HE*N381~CLP*000100025967*1*2178*1399.76**MC*2019346068773~NM1*QC*1*FLUETT*SARAH****MR*O578292~NM1*82*1*HOOSHMAND-PARSI*KAYHOSROW****XX*1447291851~REF*EA*C653CE120DC44C2CBD2AE8607780DB2A~DTM*232*20191202~DTM*233*20191202~SVC*HC:99204:25*205*149.59**1~DTM*472*20191202~CAS*CO*45*55.41~REF*6R*CPNDUGJGK8XX~AMT*B6*149.59~LQ*HE*N381~SVC*HC:99415*45*7.11**1~DTM*472*20191202~CAS*CO*45*37.89~REF*6R*CPNDHP9H7REE~AMT*B6*7.11~LQ*HE*N381~SVC*HC:96372*32*0**0**1~DTM*472*20191202~CAS*CO*109*32~REF*6R*CPNDCQL51VGN~LQ*HE*N381~SVC*HC:J2315*1805*1193.2**380~DTM*472*20191202~CAS*CO*45*611.8~REF*6R*CPNDZQWWUOMZ~AMT*B6*1193.2~LQ*HE*N381~SVC*HC:H0049*36*10.92**1~DTM*472*20191202~CAS*CO*45*25.08~REF*6R*CPND1W33PBDP~AMT*B6*10.92~LQ*HE*N381~SVC*HC:G8431*40*30.52**1~DTM*472*20191202~CAS*CO*45*9.48~REF*6R*CPNDV3WOD59G~AMT*B6*30.52~LQ*HE*N381~SVC*HC:81025*15*8.42**1~DTM*472*20191202~CAS*CO*45*6.58~REF*6R*CPNDFOB91SEO~AMT*B6*8.42~LQ*HE*N381~CLP*000100026045*1*149*105.53**MC*2019344057667~NM1*QC*1*FLYNT*ZOLA****MR*Q759937~NM1*82*1*LUCAS*PEGGI*S***XX*1366419582~REF*EA*15B78442E6E04A429E02AF11C581AF3D~DTM*232*20191203~DTM*233*20191203~SVC*HC:99214:25*134*97.11**1~DTM*472*20191203~CAS*CO*45*36.89~REF*6R*CPNTC6LSG3L4~AMT*B6*97.11~LQ*HE*N381~SVC*HC:81025*15*8.42**1~DTM*472*20191203~CAS*CO*45*6.58~REF*6R*CPNTR36IFYSJ~AMT*B6*8.42~LQ*HE*N381~CLP*000100025909*1*134*97.11**MC*2019346068795~NM1*QC*1*FLYNT*ZOLA****MR*Q759937~NM1*82*1*KLAKER*JULIE*M***XX*1215134705~REF*EA*71A17D8CBA1D43BA8FAE75BD7DDA1400~DTM*232*20191127~DTM*233*20191127~SVC*HC:99214*134*97.11**1~DTM*472*20191127~CAS*CO*45*36.89~REF*6R*CPNDFSIRVGBV~AMT*B6*97.11~LQ*HE*N381~CLP*000100026198*1*134*97.11**MC*2019346068798~NM1*QC*1*FLYNT*ZOLA****MR*Q759937~NM1*82*1*LUCAS*PEGGI*S***XX*1366419582~REF*EA*F1C1BC819AE643D89BD069F239E1E7C4~DTM*232*20191204~DTM*233*20191204~SVC*HC:99214*134*97.11**1~DTM*472*20191204~CAS*CO*45*36.89~REF*6R*CPND4GSWO845~AMT*B6*97.11~LQ*HE*N381~CLP*000100026067*1*90*65.81**MC*2019346068425~NM1*QC*1*FOX*KERRY****MR*Y600007~NM1*82*1*GRONEMEYER*LEANNE*R***XX*1659521045~REF*EA*3BC30D50BF3F4FC7B98667D832111305~DTM*232*20191203~DTM*233*20191203~SVC*HC:99213*90*65.81**1~DTM*472*20191203~CAS*CO*45*24.19~REF*6R*CPND45CBNGQ9~AMT*B6*65.81~LQ*HE*N381~CLP*000100026007*1*134*97.11**MC*2019346068462~NM1*QC*1*GARCIA*MARIO****MR*D425963~NM1*82*1*HOOSHMAND-PARSI*KAYHOSROW****XX*1447291851~REF*EA*97234BFD61514C1FAD5DCE10AE6026F1~DTM*232*20191202~DTM*233*20191202~SVC*HC:99214*134*97.11**1~DTM*472*20191202~CAS*CO*45*36.89~REF*6R*CPND2DQSK0CL~AMT*B6*97.11~LQ*HE*N381~CLP*000100025944*1*90*65.81**MC*2019344057613~NM1*QC*1*GRIEGO*JOSHUA****MR*M321310~NM1*74*1*GIEGO**J~NM1*82*1*HOOSHMAND-PARSI*KAYHOSROW****XX*1447291851~REF*EA*C38FE5156C6840EA8A5C7D80F51EE095~DTM*232*20191127~DTM*233*20191127~SVC*HC:99213*90*65.81**1~DTM*472*20191127~CAS*CO*45*24.19~REF*6R*CPNTABVV0G71~AMT*B6*65.81~LQ*HE*N381~CLP*000100026247*1*90*63.81*2*MC*2019346068751~NM1*QC*1*GIERHART*JAMES*T***MR*G669412~NM1*82*1*GRONEMEYER*LEANNE*R***XX*1659521045~REF*EA*2920A7130F3E4F9198729D58004CC414~DTM*232*20191204~DTM*233*20191204~SVC*HC:99213*90*63.81**1~DTM*472*20191204~CAS*PR*3*2~CAS*CO*45*24.19~REF*6R*CPNDKZLEPU44~AMT*B6*65.81~LQ*HE*N381~LQ*HE*N381~CLP*000100025985*1*90*63.81*2*MC*2019344057611~NM1*QC*1*GOIN*JOSHUA****MR*G127292~NM1*82*1*HOOSHMAND-PARSI*KAYHOSROW****XX*1447291851~REF*EA*A8E32907A6B34BDEAC57C201A86160AD~DTM*232*20191202~DTM*233*20191202~SVC*HC:99213*90*63.81**1~DTM*472*20191202~CAS*PR*3*2~CAS*CO*45*24.19~REF*6R*CPNTBIKAI9O1~AMT*B6*65.81~LQ*HE*N381~LQ*HE*N381~CLP*000100026199*1*65*55.35**MC*2019346068806~NM1*QC*1*GOMEZ*ANA*M***MR*X300345~NM1*82*1*LEWIS*HOLLY*G***XX*1295234128~REF*EA*C4C3B47CF09A45A8A986458FF14D5AC1~DTM*232*20191204~DTM*233*20191204~SVC*HC:90832*65*55.35**1~DTM*472*20191204~CAS*CO*45*9.65~REF*6R*CPNDXGE2I7RS~AMT*B6*55.35~LQ*HE*N381~CLP*000100026185*1*351*232.23**MC*2019347060347~NM1*QC*1*GOMEZ*ANA*M***MR*X300345~NM1*82*1*LUCAS*PEGGI*S***XX*1366419582~REF*EA*CB2A21B8E0004363B8642F7816B00992~DTM*232*20191204~DTM*233*20191204~SVC*HC:99204:25*205*149.59**1~DTM*472*20191204~CAS*CO*45*55.41~REF*6R*CPN57NG5Y5ND~AMT*B6*149.59~LQ*HE*N381~SVC*HC:90471*35*19.46**1~DTM*472*20191204~CAS*CO*45*15.54~REF*6R*CPN5UR68QJOV~AMT*B6*19.46~LQ*HE*N381~SVC*HC:90674*35*21.74**1~DTM*472*20191204~CAS*CO*45*13.26~REF*6R*CPN5CTAP6R7R~AMT*B6*21.74~LQ*HE*N381~SVC*HC:H0049*36*10.92**1~DTM*472*20191204~CAS*CO*45*25.08~REF*6R*CPN5I9185MN6~AMT*B6*10.92~LQ*HE*N381~SVC*HC:G8431*40*30.52**1~DTM*472*20191204~CAS*CO*45*9.48~REF*6R*CPN517YMY85Q~AMT*B6*30.52~LQ*HE*N381~CLP*000100025795*1*270*149.38**MC*2019344057586~NM1*QC*1*GONZALES*JAMES*L***MR*T285425~NM1*82*1*HOOSHMAND-PARSI*KAYHOSROW****XX*1447291851~REF*EA*F7B638B14D0B4A2FA235C16E21184362~DTM*232*20191126~DTM*233*20191126~SVC*HC:99203:25*145*97.43**1~DTM*472*20191126~CAS*CO*45*47.57~REF*6R*CPNTO1FHVY3D~AMT*B6*97.43~LQ*HE*N381~SVC*HC:99415*45*7.11**1~DTM*472*20191126~CAS*CO*45*37.89~REF*6R*CPNTPEK0VKD6~AMT*B6*7.11~LQ*HE*N381~SVC*HC:H0049*36*10.92**1~DTM*472*20191126~CAS*CO*45*25.08~REF*6R*CPNTITC866ST~AMT*B6*10.92~LQ*HE*N381~SVC*HC:G8431*40*30.52**1~DTM*472*20191126~CAS*CO*45*9.48~REF*6R*CPNTOAL2LGRN~AMT*B6*30.52~LQ*HE*N381~SVC*HC:81002*4*3.4**1~DTM*472*20191126~CAS*CO*45*.6~REF*6R*CPNTX9X47B9A~AMT*B6*3.4~LQ*HE*N381~CLP*000100025880*1*134*97.11**MC*2019346068676~NM1*QC*1*GONZALES*JAMES*L***MR*T285425~NM1*82*1*GRONEMEYER*LEANNE*R***XX*1659521045~REF*EA*9405CF190F184BCE934F822C3A7ACE50~DTM*232*20191127~DTM*233*20191127~SVC*HC:99214*134*97.11**1~DTM*472*20191127~CAS*CO*45*36.89~REF*6R*CPNDD6937MPZ~AMT*B6*97.11~LQ*HE*N381~CLP*000100025782*1*311*190.46**MC*2019344057670~NM1*QC*1*GONZALEZ*DANIELLE*L***MR*P267459~NM1*82*1*CADDALI*ESTRELLA*A***XX*1164974580~REF*EA*2157905D47FE45D0960DF1D8CD56E11C~DTM*232*20191126~DTM*233*20191126~SVC*HC:99395:25*165*107.82**1~DTM*472*20191126~CAS*CO*45*57.18~REF*6R*CPNT3BI3CI9K~AMT*B6*107.82~LQ*HE*N381~SVC*HC:90471*35*19.46**1~DTM*472*20191126~CAS*CO*45*15.54~REF*6R*CPNT2RI80KY1~AMT*B6*19.46~LQ*HE*N381~SVC*HC:90674*35*21.74**1~DTM*472*20191126~CAS*CO*45*13.26~REF*6R*CPNTXZIUEQ5R~AMT*B6*21.74~LQ*HE*N381~SVC*HC:H0049*36*10.92**1~DTM*472*20191126~CAS*CO*45*25.08~REF*6R*CPNTMGRIJQX2~AMT*B6*10.92~LQ*HE*N381~SVC*HC:G8431*40*30.52**1~DTM*472*20191126~CAS*CO*45*9.48~REF*6R*CPNT8DKGQEDD~AMT*B6*30.52~LQ*HE*N381~CLP*000100026096*1*90*65.81**MC*2019346068800~NM1*QC*1*GOODWIN*JEREMY*M***MR*O688532~NM1*82*1*ROBERTS*BRAD*A***XX*1538435698~REF*EA*292E96B6A7554334931CB918964B6CAF~DTM*232*20191203~DTM*233*20191203~SVC*HC:99213*90*65.81**1~DTM*472*20191203~CAS*CO*45*24.19~REF*6R*CPNDW6S8G0CY~AMT*B6*65.81~LQ*HE*N381~CLP*000100026251*1*134*97.11**MC*2019346068503~NM1*QC*1*GOUGE*CLIFFORD****MR*P229268~NM1*82*1*GRONEMEYER*LEANNE*R***XX*1659521045~REF*EA*DDD21DA1E8744FCAB78300AE6FA26A2C~DTM*232*20191204~DTM*233*20191204~SVC*HC:99214*134*97.11**1~DTM*472*20191204~CAS*CO*45*36.89~REF*6R*CPNDICDTPXU1~AMT*B6*97.11~LQ*HE*N381~CLP*000100026232*1*105*74.23**MC*2019347060343~NM1*QC*1*GOW*LAYLA****MR*O314223~NM1*82*1*GRONEMEYER*LEANNE*R***XX*1659521045~REF*EA*776CECC3B4044BFBAAC295AAF1C64C7B~DTM*232*20191204~DTM*233*20191204~SVC*HC:99213:25*90*65.81**1~DTM*472*20191204~CAS*CO*45*24.19~REF*6R*CPN5U5H8Z3N6~AMT*B6*65.81~LQ*HE*N381~SVC*HC:81025*15*8.42**1~DTM*472*20191204~CAS*CO*45*6.58~REF*6R*CPN5PDIP84RW~AMT*B6*8.42~LQ*HE*N381~CLP*000100026194*1*90*65.81**MC*2019346068441~NM1*QC*1*GRAY*JAMES****MR*J248474~NM1*82*1*GRONEMEYER*LEANNE*R***XX*1659521045~REF*EA*5B6F245BD68B4673B55A586E0B582BF4~DTM*232*20191204~DTM*233*20191204~SVC*HC:99213*90*65.81**1~DTM*472*20191204~CAS*CO*45*24.19~REF*6R*CPNDVDLEFJV9~AMT*B6*65.81~LQ*HE*N381~CLP*000100025952*1*134*95.11*2*MC*2019344057555~NM1*QC*1*GREEN*DEBORAH*S***MR*Q240268~NM1*82*1*GRONEMEYER*LEANNE*R***XX*1659521045~REF*EA*5967C0C3FE514EED93157193419CD6E1~DTM*232*20191127~DTM*233*20191127~SVC*HC:99214*134*95.11**1~DTM*472*20191127~CAS*PR*3*2~CAS*CO*45*36.89~REF*6R*CPNTUC5JT5VG~AMT*B6*97.11~LQ*HE*N381~LQ*HE*N381~CLP*000100026283*1*90*65.81**MC*2019346068720~NM1*QC*1*GRINER*MARCUS****MR*M608799~NM1*82*1*SEARLES*DENISE*A***XX*1396971230~REF*EA*27CE6A5ECE1747AAA37838B04936BF09~DTM*232*20191205~DTM*233*20191205~SVC*HC:99213*90*65.81**1~DTM*472*20191205~CAS*CO*45*24.19~REF*6R*CPND7Q6PR6PL~AMT*B6*65.81~LQ*HE*N381~CLP*000100025901*1*90*65.81**MC*2019346068679~NM1*QC*1*GURULE*TRAVIS*L***MR*O382860~NM1*82*1*KLAKER*JULIE*M***XX*1215134705~REF*EA*69F2E702AD3A4CD9953663633B1CA29F~DTM*232*20191127~DTM*233*20191127~SVC*HC:99213*90*65.81**1~DTM*472*20191127~CAS*CO*45*24.19~REF*6R*CPNDFI5ZYEFU~AMT*B6*65.81~LQ*HE*N381~CLP*000100025961*1*134*97.11**MC*2019344057583~NM1*QC*1*GUTIERREZ*ELOY****MR*M826573~NM1*82*1*GRONEMEYER*LEANNE*R***XX*1659521045~REF*EA*4CF627DAEF53463D8D8471BD1D0B2F4B~DTM*232*20191202~DTM*233*20191202~SVC*HC:99214*134*97.11**1~DTM*472*20191202~CAS*CO*45*36.89~REF*6R*CPNTFZ31LCVT~AMT*B6*97.11~LQ*HE*N381~CLP*000100025999*1*134*97.11**MC*2019344057659~NM1*QC*1*HADDAN*SHAWNA****MR*V379838~NM1*82*1*GRONEMEYER*LEANNE*R***XX*1659521045~REF*EA*0C02536C3809470687555118E97A1A9B~DTM*232*20191202~DTM*233*20191202~SVC*HC:99214*134*97.11**1~DTM*472*20191202~CAS*CO*45*36.89~REF*6R*CPNTFYAVRLZC~AMT*B6*97.11~LQ*HE*N381~CLP*000100026124*1*175*114.94**MC*2019347060330~NM1*QC*1*HANNAH*JEFFREY*N***MR*O749856~NM1*82*1*SEARLES*DENISE*A***XX*1396971230~REF*EA*A78705D09904471190582D5EAEAAB6A6~DTM*232*20191203~DTM*233*20191203~SVC*HC:99396*175*114.94**1~DTM*472*20191203~CAS*CO*45*60.06~REF*6R*CPN5G5JOXLQK~AMT*B6*114.94~LQ*HE*N381~CLP*000100025882*1*236*128.93**MC*2019346068515~NM1*QC*1*HANSON*CYNTHIA****MR*W412067~NM1*82*1*HOOSHMAND-PARSI*KAYHOSROW****XX*1447291851~REF*EA*5A0A8464777C4CB786C84506CB1CB818~DTM*232*20191127~DTM*233*20191127~SVC*HC:99213:25*90*65.81**1~DTM*472*20191127~CAS*CO*45*24.19~REF*6R*CPNDWTRR8RBI~AMT*B6*65.81~LQ*HE*N381~SVC*HC:90471*35*19.46**1~DTM*472*20191127~CAS*CO*45*15.54~REF*6R*CPND6CTZIZ6E~AMT*B6*19.46~LQ*HE*N381~SVC*HC:90674*35*21.74**1~DTM*472*20191127~CAS*CO*45*13.26~REF*6R*CPNDQPDIWJFS~AMT*B6*21.74~LQ*HE*N381~SVC*HC:H0049*36*10.92**1~DTM*472*20191127~CAS*CO*45*25.08~REF*6R*CPNDMJ9N2FM6~AMT*B6*10.92~LQ*HE*N381~SVC*HC:G8510*40*11**1~DTM*472*20191127~CAS*CO*45*29~REF*6R*CPNDFL0XUQRX~AMT*B6*11~LQ*HE*N381~CLP*000100025838*1*166*107.25**MC*2019344057447~NM1*QC*1*HARRIS*ANGELA****MR*J327161~NM1*82*1*CADDALI*ESTRELLA*A***XX*1164974580~REF*EA*C88179FB8B64445A90DF704A3EBD0AAE~DTM*232*20191126~DTM*233*20191126~SVC*HC:99213:25*90*65.81**1~DTM*472*20191126~CAS*CO*45*24.19~REF*6R*CPNTXWVRBG70~AMT*B6*65.81~LQ*HE*N381~SVC*HC:H0049*36*10.92**1~DTM*472*20191126~CAS*CO*45*25.08~REF*6R*CPNTIIWAQN2R~AMT*B6*10.92~LQ*HE*N381~SVC*HC:G8431*40*30.52**1~DTM*472*20191126~CAS*CO*45*9.48~REF*6R*CPNT4O5UH3CM~AMT*B6*30.52~LQ*HE*N381~CLP*000100025938*1*1971*1290.31**MC*2019344057651~NM1*QC*1*HELVEY*RYAN*J***MR*N690416~NM1*82*1*KLAKER*JULIE*M***XX*1215134705~REF*EA*4019EB8D1B5242CCA1BB6BDE47F64B5A~DTM*232*20191127~DTM*233*20191127~SVC*HC:99214:25*134*97.11**1~DTM*472*20191127~CAS*CO*45*36.89~REF*6R*CPNT5DDCNDS6~AMT*B6*97.11~LQ*HE*N381~SVC*HC:96372*32*0**0**1~DTM*472*20191127~CAS*CO*109*32~REF*6R*CPNTYEJVPWKQ~LQ*HE*N381~SVC*HC:J2315*1805*1193.2**380~DTM*472*20191127~CAS*CO*45*611.8~REF*6R*CPNTJW097RUV~AMT*B6*1193.2~LQ*HE*N381~CLP*000100026041*1*134*97.11**MC*2019344057495~NM1*QC*1*HEMPHILL*TIM*J***MR*O582563~NM1*82*1*SEARLES*DENISE*A***XX*1396971230~REF*EA*4EC0077D4D8D463BB2F9FEB7E25057C4~DTM*232*20191203~DTM*233*20191203~SVC*HC:99214*134*97.11**1~DTM*472*20191203~CAS*CO*45*36.89~REF*6R*CPNTUOR1O57E~AMT*B6*97.11~LQ*HE*N381~CLP*000100026217*1*134*97.11**MC*2019347060070~NM1*QC*1*HEMPHILL*TIM*J***MR*O582563~NM1*82*1*SEARLES*DENISE*A***XX*1396971230~REF*EA*AACEF2FCACD64F06AE5485FE920C4314~DTM*232*20191204~DTM*233*20191204~SVC*HC:99214*134*97.11**1~DTM*472*20191204~CAS*CO*45*36.89~REF*6R*CPN596P6OP49~AMT*B6*97.11~LQ*HE*N381~CLP*000100025928*1*134*97.11**MC*2019344057576~NM1*QC*1*HERRERA*JEREMY****MR*E258249~NM1*82*1*KLAKER*JULIE*M***XX*1215134705~REF*EA*75DC0094A76E4D7E9D0E28F86BB37A88~DTM*232*20191127~DTM*233*20191127~SVC*HC:99214*134*97.11**1~DTM*472*20191127~CAS*CO*45*36.89~REF*6R*CPNTYXZUGORM~AMT*B6*97.11~LQ*HE*N381~CLP*000100026015*1*204*138.31**MC*2019346068610~NM1*QC*1*HINOJOSA*MICHAELE*R***MR*D736138~NM1*82*1*GRONEMEYER*LEANNE*R***XX*1659521045~REF*EA*6894286D2DC04237B4B9180A0746CBBF~DTM*232*20191202~DTM*233*20191202~SVC*HC:99214:25*134*97.11**1~DTM*472*20191202~CAS*CO*45*36.89~REF*6R*CPNDBPEHFA6A~AMT*B6*97.11~LQ*HE*N381~SVC*HC:90471*35*19.46**1~DTM*472*20191202~CAS*CO*45*15.54~REF*6R*CPNDP788I4LB~AMT*B6*19.46~LQ*HE*N381~SVC*HC:90674*35*21.74**1~DTM*472*20191202~CAS*CO*45*13.26~REF*6R*CPNDC9N3CA1T~AMT*B6*21.74~LQ*HE*N381~CLP*000100026209*1*90*65.81**MC*2019346068779~NM1*QC*1*HYNDMAN*DEVIN****MR*L572566~NM1*82*1*SEARLES*DENISE*A***XX*1396971230~REF*EA*324DEE0827FB45C6B33B5FE7C94E9D88~DTM*232*20191204~DTM*233*20191204~SVC*HC:99213*90*65.81**1~DTM*472*20191204~CAS*CO*45*24.19~REF*6R*CPNDGLAVPZT9~AMT*B6*65.81~LQ*HE*N381~CLP*000100026162*1*90*63.81*2*MC*2019346068486~NM1*QC*1*JACKSON*TIMEKU****MR*M493473~NM1*82*1*CADDALI*ESTRELLA*A***XX*1164974580~REF*EA*D78AF503D3FA403D9FE31177BCAACB65~DTM*232*20191204~DTM*233*20191204~SVC*HC:99213*90*63.81**1~DTM*472*20191204~CAS*PR*3*2~CAS*CO*45*24.19~REF*6R*CPNDFWVW3MQK~AMT*B6*65.81~LQ*HE*N381~LQ*HE*N381~CLP*000100026258*1*134*97.11**MC*2019346068509~NM1*QC*1*JAMON*MONTE TRECE****MR*G762319~NM1*82*1*SEARLES*DENISE*A***XX*1396971230~REF*EA*4FABED8F145841B0870DE89C786E1269~DTM*232*20191204~DTM*233*20191204~SVC*HC:99214*134*97.11**1~DTM*472*20191204~CAS*CO*45*36.89~REF*6R*CPNDZO2UT9Z3~AMT*B6*97.11~LQ*HE*N381~CLP*000100025835*1*165*107.82**MC*2019344057505~NM1*QC*1*JOHNSON*JENNIFER*L***MR*K597952~NM1*82*1*GRONEMEYER*LEANNE*R***XX*1659521045~REF*EA*DA3783E48B0C4A4B895D96731A8A4E37~DTM*232*20191126~DTM*233*20191126~SVC*HC:99395*165*107.82**1~DTM*472*20191126~CAS*CO*45*57.18~REF*6R*CPNT6J6D3SBK~AMT*B6*107.82~LQ*HE*N381~CLP*000100026022*1*90*65.81**MC*2019346068552~NM1*QC*1*JOHNSON*JENNIFER*L***MR*K597952~NM1*82*1*GRONEMEYER*LEANNE*R***XX*1659521045~REF*EA*5FC898F09E5C409B962D89E066F39B0F~DTM*232*20191202~DTM*233*20191202~SVC*HC:99213*90*65.81**1~DTM*472*20191202~CAS*CO*45*24.19~REF*6R*CPND2G08X3RF~AMT*B6*65.81~LQ*HE*N381~CLP*000100026134*1*134*95.11*2*MC*2019346068661~NM1*QC*1*JOHNSON*LASHAWN****MR*J148245~NM1*82*1*LUCAS*PEGGI*S***XX*1366419582~REF*EA*00691DE2EAF8416CBC583C9131B0EB64~DTM*232*20191203~DTM*233*20191203~SVC*HC:99214*134*95.11**1~DTM*472*20191203~CAS*PR*3*2~CAS*CO*45*36.89~REF*6R*CPND88DY2B5D~AMT*B6*97.11~LQ*HE*N381~LQ*HE*N381~CLP*000100026032*1*90*65.81**MC*2019344057567~NM1*QC*1*JOHNSON*TIFFANY*S***MR*L497210~NM1*82*1*HOOSHMAND-PARSI*KAYHOSROW****XX*1447291851~REF*EA*9B370498A96643EE92AC5812931B5AFA~DTM*232*20191202~DTM*233*20191202~SVC*HC:99213*90*65.81**1~DTM*472*20191202~CAS*CO*45*24.19~REF*6R*CPNT0N386S43~AMT*B6*65.81~LQ*HE*N381~CLP*000100025847*1*149*105.53**MC*2019347060124~NM1*QC*1*JOHNSON*TIFFANY*S***MR*L497210~NM1*82*1*HOOSHMAND-PARSI*KAYHOSROW****XX*1447291851~REF*EA*672536A9119C4CCC851F455A4B64FFEF~DTM*232*20191126~DTM*233*20191126~SVC*HC:99214:25*134*97.11**1~DTM*472*20191126~CAS*CO*45*36.89~REF*6R*CPN5X63CXSLM~AMT*B6*97.11~LQ*HE*N381~SVC*HC:81025*15*8.42**1~DTM*472*20191126~CAS*CO*45*6.58~REF*6R*CPN5PPRCIAEB~AMT*B6*8.42~LQ*HE*N381~CLP*000100025853*1*134*97.11**MC*2019346068565~NM1*QC*1*KASAN*ANTONIO****MR*Y225629~NM1*82*1*GRONEMEYER*LEANNE*R***XX*1659521045~REF*EA*DD48B44B9C7049A297649C23FD29E36A~DTM*232*20191126~DTM*233*20191126~SVC*HC:99214*134*97.11**1~DTM*472*20191126~CAS*CO*45*36.89~REF*6R*CPNDM0QPNEBN~AMT*B6*97.11~LQ*HE*N381~CLP*000100026090*1*65*55.35**MC*2019346068574~NM1*QC*1*KASAN*ANTONIO****MR*Y225629~NM1*82*1*LEWIS*HOLLY*G***XX*1295234128~REF*EA*D1AC13646ABA4457875941A4924910E1~DTM*232*20191203~DTM*233*20191203~SVC*HC:90832*65*55.35**1~DTM*472*20191203~CAS*CO*45*9.65~REF*6R*CPNDOMNUGIDU~AMT*B6*55.35~LQ*HE*N381~CLP*000100026029*1*134*95.11*2*MC*2019344057640~NM1*QC*1*KNABE*RYAN****MR*G688658~NM1*82*1*GRONEMEYER*LEANNE*R***XX*1659521045~REF*EA*5B9913E372CD48E3AD7A5EA61F5385F2~DTM*232*20191202~DTM*233*20191202~SVC*HC:99214*134*95.11**1~DTM*472*20191202~CAS*PR*3*2~CAS*CO*45*36.89~REF*6R*CPNTPWBBMJTH~AMT*B6*97.11~LQ*HE*N381~LQ*HE*N381~CLP*000100025924*1*134*95.11*2*MC*2019344057643~NM1*QC*1*KNABE*RYAN****MR*G688658~NM1*82*1*SEARLES*DENISE*A***XX*1396971230~REF*EA*2AE014F560C04170BF13391F9BE42F20~DTM*232*20191127~DTM*233*20191127~SVC*HC:99214*134*95.11**1~DTM*472*20191127~CAS*PR*3*2~CAS*CO*45*36.89~REF*6R*CPNTS49K8PY6~AMT*B6*97.11~LQ*HE*N381~LQ*HE*N381~CLP*000100026082*1*205*149.59**MC*2019346068589~NM1*QC*1*KRAUS*JESSICA*J***MR*P248782~NM1*82*1*SEARLES*DENISE*A***XX*1396971230~REF*EA*5FD3AFD44C7E4F3588FB2FA8E7B70ABF~DTM*232*20191203~DTM*233*20191203~SVC*HC:99204*205*149.59**1~DTM*472*20191203~CAS*CO*45*55.41~REF*6R*CPNDTD70VYR8~AMT*B6*149.59~LQ*HE*N381~CLP*000100026250*1*134*95.11*2*MC*2019346068536~NM1*QC*1*LERMA*VERONICA****MR*P119230~NM1*82*1*HOOSHMAND-PARSI*KAYHOSROW****XX*1447291851~REF*EA*2DAF2879248E44F882C985F1B0165078~DTM*232*20191204~DTM*233*20191204~SVC*HC:99214*134*95.11**1~DTM*472*20191204~CAS*PR*3*2~CAS*CO*45*36.89~REF*6R*CPNDHQPHQPVB~AMT*B6*97.11~LQ*HE*N381~LQ*HE*N381~CLP*000100026025*1*149*103.53*2*MC*2019347060081~NM1*QC*1*LERMA*VERONICA****MR*P119230~NM1*82*1*HOOSHMAND-PARSI*KAYHOSROW****XX*1447291851~REF*EA*7C433A63F4524C67A03270558EDE2AB7~DTM*232*20191202~DTM*233*20191202~SVC*HC:99214:25*134*95.11**1~DTM*472*20191202~CAS*PR*3*2~CAS*CO*45*36.89~REF*6R*CPN594QJBZYB~AMT*B6*97.11~LQ*HE*N381~LQ*HE*N381~SVC*HC:81025*15*8.42**1~DTM*472*20191202~CAS*CO*45*6.58~REF*6R*CPN5BTO7PL8G~AMT*B6*8.42~LQ*HE*N381~CLP*000100026131*1*205*149.59**MC*2019347060163~NM1*QC*1*LINVILLE*CEASARE****MR*O858595~NM1*82*1*LUCAS*PEGGI*S***XX*1366419582~REF*EA*B029FA9EB9F74504A739977FF3290C99~DTM*232*20191203~DTM*233*20191203~SVC*HC:99204*205*149.59**1~DTM*472*20191203~CAS*CO*45*55.41~REF*6R*CPN5BF4G7F2J~AMT*B6*149.59~LQ*HE*N381~CLP*000100024874*2*52*32.28**MC*2019347060207~NM1*QC*1*LISH*SCOTT*L***MR*O601813~NM1*82*1*HOOSHMAND-PARSI*KAYHOSROW****XX*1447291851~REF*EA*8432F8BC126446F5A037D015F9F0C7D5~DTM*232*20191107~DTM*233*20191107~SVC*HC:96127:59*8*0**0**1~DTM*472*20191107~CAS*PI*16*8~REF*6R*CPN5N47LH6S0~LQ*HE*MA63~LQ*HE*MA92~LQ*HE*MA92~LQ*HE*MA92~LQ*HE*N56~LQ*HE*N56~SVC*HC:99408:59*44*32.28**1~DTM*472*20191107~CAS*CO*45*11.72~REF*6R*CPN5K2HH8WXC~AMT*B6*32.28~LQ*HE*N381~CLP*000100025968*1*134*97.11**MC*2019344057488~NM1*QC*1*LORETO*JOSHUA*R***MR*E192810~NM1*82*1*HOOSHMAND-PARSI*KAYHOSROW****XX*1447291851~REF*EA*42D55F4607F742639239C1CE3125DAE1~DTM*232*20191202~DTM*233*20191202~SVC*HC:99214*134*97.11**1~DTM*472*20191202~CAS*CO*45*36.89~REF*6R*CPNTXHHB5EG1~AMT*B6*97.11~LQ*HE*N381~CLP*000100025821*1*90*65.81**MC*2019344057492~NM1*QC*1*LORETO*JOSHUA*R***MR*E192810~NM1*82*1*LUCAS*PEGGI*S***XX*1366419582~REF*EA*04F45306D29B467295C3552DD289074D~DTM*232*20191126~DTM*233*20191126~SVC*HC:99213*90*65.81**1~DTM*472*20191126~CAS*CO*45*24.19~REF*6R*CPNTJR30ULCT~AMT*B6*65.81~LQ*HE*N381~CLP*000100026173*1*90*65.81**MC*2019346068735~NM1*QC*1*MACE*BRANDY*G***MR*O919510~NM1*82*1*CADDALI*ESTRELLA*A***XX*1164974580~REF*EA*02FFD3F822234E75BFF39319ABF11BF4~DTM*232*20191204~DTM*233*20191204~SVC*HC:99213*90*65.81**1~DTM*472*20191204~CAS*CO*45*24.19~REF*6R*CPND6SGWF39P~AMT*B6*65.81~LQ*HE*N381~CLP*000100026166*1*235*149.02**MC*2019347060256~NM1*QC*1*MAES*ERNEST*R***MR*K993029~NM1*82*1*HOOSHMAND-PARSI*KAYHOSROW****XX*1447291851~REF*EA*FEAD2703A012494DA75E434F5AAA670A~DTM*232*20191204~DTM*233*20191204~SVC*HC:99395:25*165*107.82**1~DTM*472*20191204~CAS*CO*45*57.18~REF*6R*CPN5T62WRZC4~AMT*B6*107.82~LQ*HE*N381~SVC*HC:90471*35*19.46**1~DTM*472*20191204~CAS*CO*45*15.54~REF*6R*CPN5FK8WVA3J~AMT*B6*19.46~LQ*HE*N381~SVC*HC:90674*35*21.74**1~DTM*472*20191204~CAS*CO*45*13.26~REF*6R*CPN5G4VYDEN2~AMT*B6*21.74~LQ*HE*N381~CLP*000100025932*1*105*72.23*2*MC*2019344057661~NM1*QC*1*MAGANA*CARLA*R***MR*M671813~NM1*82*1*KLAKER*JULIE*M***XX*1215134705~REF*EA*93B5BAEB2B5F4A71BE6EBFA7BCCABDD1~DTM*232*20191127~DTM*233*20191127~SVC*HC:99213:25*90*63.81**1~DTM*472*20191127~CAS*PR*3*2~CAS*CO*45*24.19~REF*6R*CPNTMHVU05EY~AMT*B6*65.81~LQ*HE*N381~LQ*HE*N381~SVC*HC:81025*15*8.42**1~DTM*472*20191127~CAS*CO*45*6.58~REF*6R*CPNTIL7IR2IT~AMT*B6*8.42~LQ*HE*N381~CLP*000100026145*1*175*114.94**MC*2019347060350~NM1*QC*1*MALLETTE*ANTHONY****MR*G065099~NM1*82*1*LUCAS*PEGGI*S***XX*1366419582~REF*EA*B0562418A2FD46418E9CB8BCB02C1097~DTM*232*20191203~DTM*233*20191203~SVC*HC:99396:25*175*114.94**1~DTM*472*20191203~CAS*CO*45*60.06~REF*6R*CPN56C5LBL0W~AMT*B6*114.94~LQ*HE*N381~CLP*000100025717*1*134*97.11**MC*2019344057580~NM1*QC*1*MARQUEZ*JON****MR*S249531~NM1*82*1*LUCAS*PEGGI*S***XX*1366419582~REF*EA*CDB84424025B479CBB702DB9B566464B~DTM*232*20191125~DTM*233*20191125~SVC*HC:99214*134*97.11**1~DTM*472*20191125~CAS*CO*45*36.89~REF*6R*CPNTFUK06PJJ~AMT*B6*97.11~LQ*HE*N381~CLP*000100026111*1*134*97.11**MC*2019347060165~NM1*QC*1*MARQUEZ*JON****MR*S249531~NM1*82*1*LUCAS*PEGGI*S***XX*1366419582~REF*EA*9CB15B657D6441FF89E1C56FB1B2D5FB~DTM*232*20191203~DTM*233*20191203~SVC*HC:99214*134*97.11**1~DTM*472*20191203~CAS*CO*45*36.89~REF*6R*CPN54PWMKBKW~AMT*B6*97.11~LQ*HE*N381~CLP*000100025819*1*149*105.53**MC*2019344057548~NM1*QC*1*MARTIN*SABRINA*L***MR*Y030235~NM1*82*1*HOOSHMAND-PARSI*KAYHOSROW****XX*1447291851~REF*EA*B320C3BE386F441F88E174B3FD0A1F08~DTM*232*20191126~DTM*233*20191126~SVC*HC:99214:25*134*97.11**1~DTM*472*20191126~CAS*CO*45*36.89~REF*6R*CPNTX2BQHNNP~AMT*B6*97.11~LQ*HE*N381~SVC*HC:81025*15*8.42**1~DTM*472*20191126~CAS*CO*45*6.58~REF*6R*CPNTFUJSSZJV~AMT*B6*8.42~LQ*HE*N381~CLP*000100026107*1*149*105.53**MC*2019347060111~NM1*QC*1*MARTIN*SABRINA*L***MR*Y030235~NM1*82*1*HOOSHMAND-PARSI*KAYHOSROW****XX*1447291851~REF*EA*27A3FC21164D4487B15D313FD88908C9~DTM*232*20191203~DTM*233*20191203~SVC*HC:99214:25*134*97.11**1~DTM*472*20191203~CAS*CO*45*36.89~REF*6R*CPN5VDTSU2Y0~AMT*B6*97.11~LQ*HE*N381~SVC*HC:81025*15*8.42**1~DTM*472*20191203~CAS*CO*45*6.58~REF*6R*CPN57AZ7ESJ5~AMT*B6*8.42~LQ*HE*N381~CLP*000100025913*1*149*103.53*2*MC*2019346068688~NM1*QC*1*MARTINEZ*DANIELLE*L***MR*U458658~NM1*82*1*KLAKER*JULIE*M***XX*1215134705~REF*EA*441B0C075FA9499ABFDF52E28EE9D42B~DTM*232*20191127~DTM*233*20191127~SVC*HC:99214:25*134*95.11**1~DTM*472*20191127~CAS*PR*3*2~CAS*CO*45*36.89~REF*6R*CPNDFGCYF9WR~AMT*B6*97.11~LQ*HE*N381~LQ*HE*N381~SVC*HC:81025*15*8.42**1~DTM*472*20191127~CAS*CO*45*6.58~REF*6R*CPNDI9A7Q6LE~AMT*B6*8.42~LQ*HE*N381~CLP*000100026216*1*149*103.53*2*MC*2019347060242~NM1*QC*1*MARTINEZ*DANIELLE*L***MR*U458658~NM1*82*1*GRONEMEYER*LEANNE*R***XX*1659521045~REF*EA*C0A5499926124166896FA7CDD840CF24~DTM*232*20191204~DTM*233*20191204~SVC*HC:99214:25*134*95.11**1~DTM*472*20191204~CAS*PR*3*2~CAS*CO*45*36.89~REF*6R*CPN50FOQ55Y9~AMT*B6*97.11~LQ*HE*N381~LQ*HE*N381~SVC*HC:81025*15*8.42**1~DTM*472*20191204~CAS*CO*45*6.58~REF*6R*CPN5PAKB8L14~AMT*B6*8.42~LQ*HE*N381~CLP*000100026191*1*211*89.05**MC*2019347060272~NM1*QC*1*MARTINEZ*JOSEPH*D***MR*H041550~NM1*82*1*SEARLES*DENISE*A***XX*1396971230~REF*EA*361F1975039848FE9B2047C97A060D9C~DTM*232*20191204~DTM*233*20191204~SVC*HC:99202:25*135*67.13**1~DTM*472*20191204~CAS*CO*45*67.87~REF*6R*CPN5HOVS5A7G~AMT*B6*67.13~LQ*HE*N381~SVC*HC:H0049*36*10.92**1~DTM*472*20191204~CAS*CO*45*25.08~REF*6R*CPN5AI6DXXS4~AMT*B6*10.92~LQ*HE*N381~SVC*HC:G8510*40*11**1~DTM*472*20191204~CAS*CO*45*29~REF*6R*CPN5CNBFXWET~AMT*B6*11~LQ*HE*N381~CLP*000100026011*1*134*97.11**MC*2019346068762~NM1*QC*1*MAURO*RONDA*L***MR*U480140~NM1*82*1*HOOSHMAND-PARSI*KAYHOSROW****XX*1447291851~REF*EA*12CCBFE2E4034AC582B322CA39964696~DTM*232*20191202~DTM*233*20191202~SVC*HC:99214*134*97.11**1~DTM*472*20191202~CAS*CO*45*36.89~REF*6R*CPNDT4C99YL3~AMT*B6*97.11~LQ*HE*N381~CLP*000100025887*1*2213*1428.08**MC*2019347060316~NM1*QC*1*MCGARVY*CHARLES*E***MR*O963904~NM1*82*1*GRONEMEYER*LEANNE*R***XX*1659521045~REF*EA*CB541A132CE24182A8C4A833C72A90E2~DTM*232*20191127~DTM*233*20191127~SVC*HC:99205:25*255*186.33**1~DTM*472*20191127~CAS*CO*45*68.67~REF*6R*CPN5ANP5UB0E~AMT*B6*186.33~LQ*HE*N381~SVC*HC:99415*45*7.11**1~DTM*472*20191127~CAS*CO*45*37.89~REF*6R*CPN5NENBN186~AMT*B6*7.11~LQ*HE*N381~SVC*HC:96372*32*0**0**1~DTM*472*20191127~CAS*CO*109*32~REF*6R*CPN5A37BE9TV~LQ*HE*N381~SVC*HC:J2315*1805*1193.2**380~DTM*472*20191127~CAS*CO*45*611.8~REF*6R*CPN5EX3VXDWA~AMT*B6*1193.2~LQ*HE*N381~SVC*HC:H0049*36*10.92**1~DTM*472*20191127~CAS*CO*45*25.08~REF*6R*CPN5OXQ1V5YR~AMT*B6*10.92~LQ*HE*N381~SVC*HC:G8431*40*30.52**1~DTM*472*20191127~CAS*CO*45*9.48~REF*6R*CPN5G286OH81~AMT*B6*30.52~LQ*HE*N381~CLP*000100025883*1*2163*1407.01**MC*2019346068788~NM1*QC*1*MCLEAN*SUZZANNE****MR*Y675975~NM1*82*1*KLAKER*JULIE*M***XX*1215134705~REF*EA*E8C0D0DE113440B8A620FFF80B72FBA8~DTM*232*20191127~DTM*233*20191127~SVC*HC:99204:25*205*149.59**1~DTM*472*20191127~CAS*CO*45*55.41~REF*6R*CPND51C36IJ8~AMT*B6*149.59~LQ*HE*N381~SVC*HC:99415*45*7.11**1~DTM*472*20191127~CAS*CO*45*37.89~REF*6R*CPNDCLCRO328~AMT*B6*7.11~LQ*HE*N381~SVC*HC:H0049*36*10.92**1~DTM*472*20191127~CAS*CO*45*25.08~REF*6R*CPNDO6G5U0G5~AMT*B6*10.92~LQ*HE*N381~SVC*HC:G8431*40*30.52**1~DTM*472*20191127~CAS*CO*45*9.48~REF*6R*CPNDT6344TN2~AMT*B6*30.52~LQ*HE*N381~SVC*HC:96372*32*15.67**1~DTM*472*20191127~CAS*CO*45*16.33~REF*6R*CPNDWK1DSGTZ~AMT*B6*15.67~LQ*HE*N381~SVC*HC:J2315*1805*1193.2**380~DTM*472*20191127~CAS*CO*45*611.8~REF*6R*CPND19QKMJJT~AMT*B6*1193.2~LQ*HE*N381~CLP*000100026284*1*90*65.81**MC*2019346068470~NM1*QC*1*MILLION*VICKI*L***MR*I504747~NM1*82*1*HOOSHMAND-PARSI*KAYHOSROW****XX*1447291851~REF*EA*92ACED11E8CA4DBA961AC46A63E6C3AF~DTM*232*20191205~DTM*233*20191205~SVC*HC:99213*90*65.81**1~DTM*472*20191205~CAS*CO*45*24.19~REF*6R*CPNDPSWCBZ3D~AMT*B6*65.81~LQ*HE*N381~CLP*000100025948*1*204*136.31*2*MC*2019344057654~NM1*QC*1*MOORE*ALEXANDRIA****MR*S311539~NM1*82*1*GRONEMEYER*LEANNE*R***XX*1659521045~REF*EA*FC611778466D4827A40F627FA35BC1B7~DTM*232*20191127~DTM*233*20191127~SVC*HC:99214:25*134*95.11**1~DTM*472*20191127~CAS*PR*3*2~CAS*CO*45*36.89~REF*6R*CPNTAGTKJ8E1~AMT*B6*97.11~LQ*HE*N381~LQ*HE*N381~SVC*HC:90471*35*19.46**1~DTM*472*20191127~CAS*CO*45*15.54~REF*6R*CPNTSXOU3AAQ~AMT*B6*19.46~LQ*HE*N381~SVC*HC:90674*35*21.74**1~DTM*472*20191127~CAS*CO*45*13.26~REF*6R*CPNT9X8UEJY2~AMT*B6*21.74~LQ*HE*N381~CLP*000100025989*1*1971*1290.31**MC*2019344057656~NM1*QC*1*MORENO*RUBEN****MR*K039021~NM1*82*1*HOOSHMAND-PARSI*KAYHOSROW****XX*1447291851~REF*EA*69517542CAED41D3B51BA3B7A805EE81~DTM*232*20191202~DTM*233*20191202~SVC*HC:99214:25*134*97.11**1~DTM*472*20191202~CAS*CO*45*36.89~REF*6R*CPNTO0LXSN9B~AMT*B6*97.11~LQ*HE*N381~SVC*HC:96372*32*0**0**1~DTM*472*20191202~CAS*CO*109*32~REF*6R*CPNTDNG7A9GP~LQ*HE*N381~SVC*HC:J2315*1805*1193.2**380~DTM*472*20191202~CAS*CO*45*611.8~REF*6R*CPNTR80KC9AG~AMT*B6*1193.2~LQ*HE*N381~CLP*000100026149*1*134*97.11**MC*2019346068667~NM1*QC*1*MYERS*SCOTT*A***MR*P255708~NM1*82*1*SEARLES*DENISE*A***XX*1396971230~REF*EA*8273021E65A4442491536661110760CC~DTM*232*20191203~DTM*233*20191203~SVC*HC:99214*134*97.11**1~DTM*472*20191203~CAS*CO*45*36.89~REF*6R*CPND86XAS250~AMT*B6*97.11~LQ*HE*N381~CLP*000100025731*1*90*65.81**MC*2019344057615~NM1*QC*1*NELSON*WILLIAM*L***MR*C654639~NM1*82*1*GRONEMEYER*LEANNE*R***XX*1659521045~REF*EA*7EF8A90C0E9247919214DBB95F6C027C~DTM*232*20191125~DTM*233*20191125~SVC*HC:99213*90*65.81**1~DTM*472*20191125~CAS*CO*45*24.19~REF*6R*CPNT1Q6BPSEJ~AMT*B6*65.81~LQ*HE*N381~CLP*000100026176*1*90*65.81**MC*2019346068496~NM1*QC*1*NORTON*TIMOTHY*L***MR*O938357~NM1*82*1*GRONEMEYER*LEANNE*R***XX*1659521045~REF*EA*A1E1BE7C07384DE88BD3257B87A0FF58~DTM*232*20191204~DTM*233*20191204~SVC*HC:99213*90*65.81**1~DTM*472*20191204~CAS*CO*45*24.19~REF*6R*CPNDDLOZBSL1~AMT*B6*65.81~LQ*HE*N381~CLP*000100025911*1*160*107.01**MC*2019346068529~NM1*QC*1*OROURKE*IRENE****MR*B179067~NM1*74*1*OROURKE**R~NM1*82*1*HOOSHMAND-PARSI*KAYHOSROW****XX*1447291851~REF*EA*6B4E931833FA49A0819CFAFCAC1D8EE0~DTM*232*20191127~DTM*233*20191127~SVC*HC:99213:25*90*65.81**1~DTM*472*20191127~CAS*CO*45*24.19~REF*6R*CPND9Q08RDRC~AMT*B6*65.81~LQ*HE*N381~SVC*HC:90471*35*19.46**1~DTM*472*20191127~CAS*CO*45*15.54~REF*6R*CPNDBCNVCHCT~AMT*B6*19.46~LQ*HE*N381~SVC*HC:90674*35*21.74**1~DTM*472*20191127~CAS*CO*45*13.26~REF*6R*CPNDP7IH8IQ7~AMT*B6*21.74~LQ*HE*N381~CLP*000100025832*1*1226*1160.8**MC*2019346068670~NM1*QC*1*OLDHAM*KATHERINE*C***MR*P451572~NM1*82*1*CADDALI*ESTRELLA*A***XX*1164974580~REF*EA*C56FC643329047A5938AC2DABCEC2910~DTM*232*20191126~DTM*233*20191126~SVC*HC:99213:25:FP*90*81.55**1~DTM*472*20191126~CAS*CO*45*8.45~REF*6R*CPND16B8KAWP~AMT*B6*81.55~LQ*HE*N381~SVC*HC:11983:FP*240*237.33**1~DTM*472*20191126~CAS*CO*45*2.67~REF*6R*CPND00CZUADR~AMT*B6*237.33~LQ*HE*N381~LQ*HE*N381~SVC*HC:J7307:FP*820*820**1~DTM*472*20191126~REF*6R*CPNDKMH36C9L~AMT*B6*820~SVC*HC:H0049:FP*36*10.92**1~DTM*472*20191126~CAS*CO*45*25.08~REF*6R*CPND9O3P6UWD~AMT*B6*10.92~LQ*HE*N381~SVC*HC:G8510:FP*40*11**1~DTM*472*20191126~CAS*CO*45*29~REF*6R*CPND9QGWV92J~AMT*B6*11~LQ*HE*N381~CLP*000100026142*1*90*63.81*2*MC*2019346068576~NM1*QC*1*ORTEGA*AUDRIEANNA*S***MR*Q461138~NM1*82*1*CADDALI*ESTRELLA*A***XX*1164974580~REF*EA*5FD3F7A99F6041B39AD3CFD10B0E9491~DTM*232*20191203~DTM*233*20191203~SVC*HC:99213*90*63.81**1~DTM*472*20191203~CAS*PR*3*2~CAS*CO*45*24.19~REF*6R*CPND8P23O3BB~AMT*B6*65.81~LQ*HE*N381~LQ*HE*N381~CLP*000100026196*1*134*97.11**MC*2019346068730~NM1*QC*1*OSWALD*MELISSA*M***MR*V510457~NM1*82*1*SEARLES*DENISE*A***XX*1396971230~REF*EA*F8DB77484CA945A5869575BE3B13C072~DTM*232*20191204~DTM*233*20191204~SVC*HC:99214*134*97.11**1~DTM*472*20191204~CAS*CO*45*36.89~REF*6R*CPNDXE7OIBKA~AMT*B6*97.11~LQ*HE*N381~CLP*000100025845*1*90*65.81**MC*2019344057601~NM1*QC*1*PADILLA*LAURA*C***MR*Y008082~NM1*82*1*CADDALI*ESTRELLA*A***XX*1164974580~REF*EA*3844E8B8195B4F7FA5491A141446DA8A~DTM*232*20191126~DTM*233*20191126~SVC*HC:99213*90*65.81**1~DTM*472*20191126~CAS*CO*45*24.19~REF*6R*CPNTHC1GBTSU~AMT*B6*65.81~LQ*HE*N381~CLP*000100025919*1*90*65.81**MC*2019344057466~NM1*QC*1*PISANO*ELIJAH****MR*P789789~NM1*82*1*SEARLES*DENISE*A***XX*1396971230~REF*EA*9A0932D5E17D454D84430163FD54525F~DTM*232*20191127~DTM*233*20191127~SVC*HC:99213*90*65.81**1~DTM*472*20191127~CAS*CO*45*24.19~REF*6R*CPNTXSX8KNRK~AMT*B6*65.81~LQ*HE*N381~CLP*000100026116*1*90*65.81**MC*2019346068803~NM1*QC*1*QUINTANA*ANDRES****MR*P873770~NM1*82*1*GRONEMEYER*LEANNE*R***XX*1659521045~REF*EA*31622ABCB4344798A53E5528C5597CF9~DTM*232*20191203~DTM*233*20191203~SVC*HC:99213*90*65.81**1~DTM*472*20191203~CAS*CO*45*24.19~REF*6R*CPNDC6Z013W2~AMT*B6*65.81~LQ*HE*N381~CLP*000100025814*1*149*105.53**MC*2019344057571~NM1*QC*1*QUINTANA*DANIELLE*A***MR*N559116~NM1*82*1*HOOSHMAND-PARSI*KAYHOSROW****XX*1447291851~REF*EA*1934AB69B37B40DF95FF674EEEE26C3D~DTM*232*20191126~DTM*233*20191126~SVC*HC:99214:25*134*97.11**1~DTM*472*20191126~CAS*CO*45*36.89~REF*6R*CPNTJRTRS1S4~AMT*B6*97.11~LQ*HE*N381~SVC*HC:81025*15*8.42**1~DTM*472*20191126~CAS*CO*45*6.58~REF*6R*CPNTAEUGIY48~AMT*B6*8.42~LQ*HE*N381~CLP*000100025906*1*90*65.81**MC*2019346068768~NM1*QC*1*RATHBUN*AARON*W***MR*P304001~NM1*82*1*GRONEMEYER*LEANNE*R***XX*1659521045~REF*EA*056BCEA3FCED4C77B5670FB588CBCE36~DTM*232*20191127~DTM*233*20191127~SVC*HC:99213*90*65.81**1~DTM*472*20191127~CAS*CO*45*24.19~REF*6R*CPND82WTTVKW~AMT*B6*65.81~LQ*HE*N381~CLP*000100026233*1*221*138.87**MC*2019347060293~NM1*QC*1*RAYAS*JAVIER****MR*I638636~NM1*82*1*CADDALI*ESTRELLA*A***XX*1164974580~REF*EA*ED01CFF08FCD4B33ADB05C030ACF4B73~DTM*232*20191204~DTM*233*20191204~SVC*HC:99203:25*145*97.43**1~DTM*472*20191204~CAS*CO*45*47.57~REF*6R*CPN5E00ZJUJJ~AMT*B6*97.43~LQ*HE*N381~SVC*HC:H0049*36*10.92**1~DTM*472*20191204~CAS*CO*45*25.08~REF*6R*CPN5SR2O9DSA~AMT*B6*10.92~LQ*HE*N381~SVC*HC:G8431*40*30.52**1~DTM*472*20191204~CAS*CO*45*9.48~REF*6R*CPN5RUGUV1II~AMT*B6*30.52~LQ*HE*N381~CLP*000100025827*1*211*89.05**MC*2019344057560~NM1*QC*1*REED*EDWIN****MR*J895555~NM1*82*1*SEARLES*DENISE*A***XX*1396971230~REF*EA*53A8BA286E7A4E689E8F3DA10151A825~DTM*232*20191126~DTM*233*20191126~SVC*HC:99202:25*135*67.13**1~DTM*472*20191126~CAS*CO*45*67.87~REF*6R*CPNTSWSESPKZ~AMT*B6*67.13~LQ*HE*N381~SVC*HC:H0049*36*10.92**1~DTM*472*20191126~CAS*CO*45*25.08~REF*6R*CPNTF2XLBNRU~AMT*B6*10.92~LQ*HE*N381~SVC*HC:G8510*40*11**1~DTM*472*20191126~CAS*CO*45*29~REF*6R*CPNTOOUYFS25~AMT*B6*11~LQ*HE*N381~CLP*000100026118*1*351*212.71**MC*2019347060358~NM1*QC*1*TORRES RENTAS*MARIA****MR*P867072~NM1*74*1*RENTAS**E~NM1*82*1*LUCAS*PEGGI*S***XX*1366419582~REF*EA*0F41C3854C19467A8C0B99BB9789B828~DTM*232*20191203~DTM*233*20191203~SVC*HC:99204:25*205*149.59**1~DTM*472*20191203~CAS*CO*45*55.41~REF*6R*CPN5DM3097GR~AMT*B6*149.59~LQ*HE*N381~SVC*HC:90471*35*19.46**1~DTM*472*20191203~CAS*CO*45*15.54~REF*6R*CPN5Q84TLJEW~AMT*B6*19.46~LQ*HE*N381~SVC*HC:90674*35*21.74**1~DTM*472*20191203~CAS*CO*45*13.26~REF*6R*CPN52BENJXXC~AMT*B6*21.74~LQ*HE*N381~SVC*HC:H0049*36*10.92**1~DTM*472*20191203~CAS*CO*45*25.08~REF*6R*CPN5LACJZ5HD~AMT*B6*10.92~LQ*HE*N381~SVC*HC:G8510*40*11**1~DTM*472*20191203~CAS*CO*45*29~REF*6R*CPN5SF7CCYW3~AMT*B6*11~LQ*HE*N381~CLP*000100025824*1*90*65.81**MC*2019344057472~NM1*QC*1*ROBINSON*CHRISTINA****MR*O374388~NM1*82*1*SEARLES*DENISE*A***XX*1396971230~REF*EA*374E199FAA1D4A83A1F469BB906F88FD~DTM*232*20191126~DTM*233*20191126~SVC*HC:99213*90*65.81**1~DTM*472*20191126~CAS*CO*45*24.19~REF*6R*CPNTNT74QU8I~AMT*B6*65.81~LQ*HE*N381~CLP*000100025946*1*127*82.44**MC*2019344057508~NM1*QC*1*RODRIGUEZ*CAROLINA*M***MR*Y641512~NM1*82*1*HOOSHMAND-PARSI*KAYHOSROW****XX*1447291851~REF*EA*22DD2273D5B44501BCB042934E402A6B~DTM*232*20191127~DTM*233*20191127~SVC*HC:99213:25*90*65.81**1~DTM*472*20191127~CAS*CO*45*24.19~REF*6R*CPNTEHB2Y3SU~AMT*B6*65.81~LQ*HE*N381~SVC*HC:96372*32*15.67**1~DTM*472*20191127~CAS*CO*45*16.33~REF*6R*CPNTWE3VCMHU~AMT*B6*15.67~LQ*HE*N381~SVC*HC:J1885*5*.96**2~DTM*472*20191127~CAS*CO*45*4.04~REF*6R*CPNT3UMJT6OQ~AMT*B6*.96~LQ*HE*N381~CLP*000100025925*1*134*97.11**MC*2019344057607~NM1*QC*1*RODRIGUEZ*JANESSA*T***MR*T378808~NM1*82*1*KLAKER*JULIE*M***XX*1215134705~REF*EA*25FFDE4DCA7541F08A259721F2B04792~DTM*232*20191127~DTM*233*20191127~SVC*HC:99214*134*97.11**1~DTM*472*20191127~CAS*CO*45*36.89~REF*6R*CPNTSSVTMMRG~AMT*B6*97.11~LQ*HE*N381~CLP*000100026215*1*105*74.23**MC*2019347060233~NM1*QC*1*RODRIGUEZ*JANESSA*T***MR*T378808~NM1*82*1*GRONEMEYER*LEANNE*R***XX*1659521045~REF*EA*15B6F7A07AD84A49BA0B0066CE652FF6~DTM*232*20191204~DTM*233*20191204~SVC*HC:99213:25*90*65.81**1~DTM*472*20191204~CAS*CO*45*24.19~REF*6R*CPN5JO6V4FJT~AMT*B6*65.81~LQ*HE*N381~SVC*HC:81025*15*8.42**1~DTM*472*20191204~CAS*CO*45*6.58~REF*6R*CPN5SN9B0YZA~AMT*B6*8.42~LQ*HE*N381~CLP*000100025842*1*90*65.81**MC*2019344057381~NM1*QC*1*RODRIGUEZ*JOSE****MR*P450836~NM1*82*1*SEARLES*DENISE*A***XX*1396971230~REF*EA*F65D0C6A574540E79491C74E89EACA93~DTM*232*20191126~DTM*233*20191126~SVC*HC:99213*90*65.81**1~DTM*472*20191126~CAS*CO*45*24.19~REF*6R*CPNTD65E9E55~AMT*B6*65.81~LQ*HE*N381~CLP*000100026244*1*281*191.03**MC*2019347060309~NM1*QC*1*RODRIGUEZ*JOSEPH****MR*S525880~NM1*82*1*LUCAS*PEGGI*S***XX*1366419582~REF*EA*719383B3E06347CD913DA30E82527007~DTM*232*20191204~DTM*233*20191204~SVC*HC:99204:25*205*149.59**1~DTM*472*20191204~CAS*CO*45*55.41~REF*6R*CPN5RQKEIQHG~AMT*B6*149.59~LQ*HE*N381~SVC*HC:H0049*36*10.92**1~DTM*472*20191204~CAS*CO*45*25.08~REF*6R*CPN5KSVBAGUG~AMT*B6*10.92~LQ*HE*N381~SVC*HC:G8431*40*30.52**1~DTM*472*20191204~CAS*CO*45*9.48~REF*6R*CPN59BG1H1E0~AMT*B6*30.52~LQ*HE*N381~CLP*000100026024*1*134*95.11*2*MC*2019344057469~NM1*QC*1*ROMERO*AMY****MR*N291769~NM1*82*1*GRONEMEYER*LEANNE*R***XX*1659521045~REF*EA*F6EDCA8732184F3988A2A68FAE21139D~DTM*232*20191202~DTM*233*20191202~SVC*HC:99214*134*95.11**1~DTM*472*20191202~CAS*PR*3*2~CAS*CO*45*36.89~REF*6R*CPNTY0IQIG0M~AMT*B6*97.11~LQ*HE*N381~LQ*HE*N381~CLP*000100026014*1*134*97.11**MC*2019344057662~NM1*QC*1*SAIS*MICHAEL*E***MR*N765754~NM1*82*1*HOOSHMAND-PARSI*KAYHOSROW****XX*1447291851~REF*EA*78CD290889CD4400925818EB3D6D1683~DTM*232*20191202~DTM*233*20191202~SVC*HC:99214*134*97.11**1~DTM*472*20191202~CAS*CO*45*36.89~REF*6R*CPNTEKWMMJDD~AMT*B6*97.11~LQ*HE*N381~CLP*000100025908*1*105*74.23**MC*2019346068638~NM1*QC*1*SALAZAR*FELICIA*H***MR*G554326~NM1*82*1*GRONEMEYER*LEANNE*R***XX*1659521045~REF*EA*BBC8062AAEDB4B5596CDAF244F67ADA6~DTM*232*20191127~DTM*233*20191127~SVC*HC:99213:25*90*65.81**1~DTM*472*20191127~CAS*CO*45*24.19~REF*6R*CPNDSJOSP6NN~AMT*B6*65.81~LQ*HE*N381~SVC*HC:81025*15*8.42**1~DTM*472*20191127~CAS*CO*45*6.58~REF*6R*CPNDU8E30582~AMT*B6*8.42~LQ*HE*N381~CLP*000100026056*1*149*105.53**MC*2019346068646~NM1*QC*1*SALAZAR*FELICIA*H***MR*G554326~NM1*82*1*HOOSHMAND-PARSI*KAYHOSROW****XX*1447291851~REF*EA*72342598C2674E299FD8BEFAC7F925A1~DTM*232*20191203~DTM*233*20191203~SVC*HC:99214:25*134*97.11**1~DTM*472*20191203~CAS*CO*45*36.89~REF*6R*CPNDX2CMSZ2W~AMT*B6*97.11~LQ*HE*N381~SVC*HC:81025*15*8.42**1~DTM*472*20191203~CAS*CO*45*6.58~REF*6R*CPNDMZ1KQK7E~AMT*B6*8.42~LQ*HE*N381~CLP*000100026229*1*280*160.23**MC*2019347060282~NM1*QC*1*SALAZAR*TAZIO****MR*N789226~NM1*82*1*LUCAS*PEGGI*S***XX*1366419582~REF*EA*1A846C6E389445F09652CB67C3C5D6D3~DTM*232*20191204~DTM*233*20191204~SVC*HC:99214:25*134*97.11**1~DTM*472*20191204~CAS*CO*45*36.89~REF*6R*CPN5OSFMW428~AMT*B6*97.11~LQ*HE*N381~SVC*HC:90471*35*19.46**1~DTM*472*20191204~CAS*CO*45*15.54~REF*6R*CPN5TBENK19J~AMT*B6*19.46~LQ*HE*N381~SVC*HC:90674*35*21.74**1~DTM*472*20191204~CAS*CO*45*13.26~REF*6R*CPN5BWX03BKL~AMT*B6*21.74~LQ*HE*N381~SVC*HC:H0049*36*10.92**1~DTM*472*20191204~CAS*CO*45*25.08~REF*6R*CPN5ELHTNSF8~AMT*B6*10.92~LQ*HE*N381~SVC*HC:G8510*40*11**1~DTM*472*20191204~CAS*CO*45*29~REF*6R*CPN580BVHW6Y~AMT*B6*11~LQ*HE*N381~CLP*000100025976*1*134*95.11*2*MC*2019344057578~NM1*QC*1*SALAZAR*THOMAS*L***MR*C452323~NM1*82*1*HOOSHMAND-PARSI*KAYHOSROW****XX*1447291851~REF*EA*70AB14129FDC48F68E0BDFA8C0277247~DTM*232*20191202~DTM*233*20191202~SVC*HC:99214*134*95.11**1~DTM*472*20191202~CAS*PR*3*2~CAS*CO*45*36.89~REF*6R*CPNT0T3KGU7A~AMT*B6*97.11~LQ*HE*N381~LQ*HE*N381~CLP*000100025803*1*149*105.53**MC*2019344057636~NM1*QC*1*SALAZAR QUINTANA*CELENA****MR*F923445~NM1*74*1*SALAZAR QUINTAN**N~NM1*82*1*HOOSHMAND-PARSI*KAYHOSROW****XX*1447291851~REF*EA*FC3F095935914269871DA7021842AF2E~DTM*232*20191126~DTM*233*20191126~SVC*HC:99214:25*134*97.11**1~DTM*472*20191126~CAS*CO*45*36.89~REF*6R*CPNT37JD3RSC~AMT*B6*97.11~LQ*HE*N381~SVC*HC:81025*15*8.42**1~DTM*472*20191126~CAS*CO*45*6.58~REF*6R*CPNT587QOSCS~AMT*B6*8.42~LQ*HE*N381~CLP*000100025987*1*90*65.81**MC*2019344057647~NM1*QC*1*SANCHEZ*AMBER****MR*J869881~NM1*82*1*GRONEMEYER*LEANNE*R***XX*1659521045~REF*EA*B427159889CB48C48A0361E499142B3E~DTM*232*20191202~DTM*233*20191202~SVC*HC:99213*90*65.81**1~DTM*472*20191202~CAS*CO*45*24.19~REF*6R*CPNTWA7IZ5UT~AMT*B6*65.81~LQ*HE*N381~CLP*000100026031*1*138*98.51*2*MC*2019346068593~NM1*QC*1*SANCHEZ*MARRISSA*J***MR*U945928~NM1*82*1*GRONEMEYER*LEANNE*R***XX*1659521045~REF*EA*A1B813DBB4894E919AC7B640E5DBD423~DTM*232*20191202~DTM*233*20191202~SVC*HC:99214:25*134*95.11**1~DTM*472*20191202~CAS*PR*3*2~CAS*CO*45*36.89~REF*6R*CPNDKOR89OX9~AMT*B6*97.11~LQ*HE*N381~LQ*HE*N381~SVC*HC:81002*4*3.4**1~DTM*472*20191202~CAS*CO*45*.6~REF*6R*CPND6KAU7BKE~AMT*B6*3.4~LQ*HE*N381~CLP*000100025831*1*149*105.53**MC*2019344057455~NM1*QC*1*SANCHEZ*YVONNE*A***MR*J289148~NM1*82*1*HOOSHMAND-PARSI*KAYHOSROW****XX*1447291851~REF*EA*4BA321E38EB74905A1A2703344AEA38D~DTM*232*20191126~DTM*233*20191126~SVC*HC:99214:25*134*97.11**1~DTM*472*20191126~CAS*CO*45*36.89~REF*6R*CPNTV0HA2WAW~AMT*B6*97.11~LQ*HE*N381~SVC*HC:81025*15*8.42**1~DTM*472*20191126~CAS*CO*45*6.58~REF*6R*CPNTSD5HBVD2~AMT*B6*8.42~LQ*HE*N381~CLP*000100026097*1*149*103.53*2*MC*2019347060052~NM1*QC*1*SANCHEZ*YVONNE*A***MR*J289148~NM1*82*1*HOOSHMAND-PARSI*KAYHOSROW****XX*1447291851~REF*EA*CF4E77D2CBF345E0AFB861C46C4E722B~DTM*232*20191203~DTM*233*20191203~SVC*HC:99214:25*134*95.11**1~DTM*472*20191203~CAS*PR*3*2~CAS*CO*45*36.89~REF*6R*CPN51QJG1W1H~AMT*B6*97.11~LQ*HE*N381~LQ*HE*N381~SVC*HC:81025*15*8.42**1~DTM*472*20191203~CAS*CO*45*6.58~REF*6R*CPN5KLWGMBUA~AMT*B6*8.42~LQ*HE*N381~CLP*000100025833*1*2020*1300.82**MC*2019346068409~NM1*QC*1*SANDERS*JERMYN*B***MR*P711797~NM1*82*1*HOOSHMAND-PARSI*KAYHOSROW****XX*1447291851~REF*EA*C9BD8BB098E845E898B8A2DFBBEB0C2B~DTM*232*20191126~DTM*233*20191126~SVC*HC:99214:25*134*97.11**1~DTM*472*20191126~CAS*CO*45*36.89~REF*6R*CPND9YNUBV38~AMT*B6*97.11~LQ*HE*N381~SVC*HC:99415*45*7.11**1~DTM*472*20191126~CAS*CO*45*37.89~REF*6R*CPNDMLWA98JK~AMT*B6*7.11~LQ*HE*N381~SVC*HC:96372*32*0**0**1~DTM*472*20191126~CAS*CO*109*32~REF*6R*CPNDDTDNSKS9~LQ*HE*N381~SVC*HC:J2315*1805*1193.2**380~DTM*472*20191126~CAS*CO*45*611.8~REF*6R*CPND4RV3Y0RZ~AMT*B6*1193.2~LQ*HE*N381~SVC*HC:81002*4*3.4**1~DTM*472*20191126~CAS*CO*45*.6~REF*6R*CPNDI3RFU7AF~AMT*B6*3.4~LQ*HE*N381~CLP*000100026055*1*54*37.39*2*MC*2019346068673~NM1*QC*1*SANDOVAL*JULIA****MR*Y177297~NM1*82*1*CADDALI*ESTRELLA*A***XX*1164974580~REF*EA*0940E5B6963240D68E0033A87B67A30A~DTM*232*20191203~DTM*233*20191203~SVC*HC:99212*54*37.39**1~DTM*472*20191203~CAS*PR*3*2~CAS*CO*45*14.61~REF*6R*CPNDDRAXEM7O~AMT*B6*39.39~LQ*HE*N381~LQ*HE*N381~CLP*000100026222*1*90*65.81**MC*2019347060303~NM1*QC*1*SAN JUAN*NAVEYAH*R***MR*G628471~NM1*74*1*SANJUAN~NM1*82*1*LUCAS*PEGGI*S***XX*1366419582~REF*EA*F696FFF799444F7DBC6F46780E378375~DTM*232*20191204~DTM*233*20191204~SVC*HC:99213*90*65.81**1~DTM*472*20191204~CAS*CO*45*24.19~REF*6R*CPN5TUJ3SJA3~AMT*B6*65.81~LQ*HE*N381~CLP*000100025990*1*134*97.11**MC*2019344057479~NM1*QC*1*SCHUDAR*JOHN*R***MR*Y988342~NM1*82*1*HOOSHMAND-PARSI*KAYHOSROW****XX*1447291851~REF*EA*AEDCCE7E85614C5AA44D5A2BD2E367FE~DTM*232*20191202~DTM*233*20191202~SVC*HC:99214*134*97.11**1~DTM*472*20191202~CAS*CO*45*36.89~REF*6R*CPNTYBDAS4GR~AMT*B6*97.11~LQ*HE*N381~CLP*000100026189*1*54*39.39**MC*2019346068783~NM1*QC*1*SHOUP*GABRIEL*D***MR*P609644~NM1*82*1*CADDALI*ESTRELLA*A***XX*1164974580~REF*EA*C8C658D1A3E7443A9405FDD78AB66C7A~DTM*232*20191204~DTM*233*20191204~SVC*HC:99212*54*39.39**1~DTM*472*20191204~CAS*CO*45*14.61~REF*6R*CPNDV618CO3W~AMT*B6*39.39~LQ*HE*N381~CLP*000100025828*1*134*97.11**MC*2019344057672~NM1*QC*1*SMITH*KEVIN****MR*I052978~NM1*82*1*LUCAS*PEGGI*S***XX*1366419582~REF*EA*1D563B49912941449460F1E752AE66D2~DTM*232*20191126~DTM*233*20191126~SVC*HC:99214*134*97.11**1~DTM*472*20191126~CAS*CO*45*36.89~REF*6R*CPNTGUUWKABP~AMT*B6*97.11~LQ*HE*N381~CLP*000100026037*1*105*74.23**MC*2019344057535~NM1*QC*1*SOSA*KENDRA*E***MR*R268169~NM1*82*1*ROBERTS*BRAD*A***XX*1538435698~REF*EA*972946130D4F402D80BED29699CFB088~DTM*232*20191203~DTM*233*20191203~SVC*HC:99213:25*90*65.81**1~DTM*472*20191203~CAS*CO*45*24.19~REF*6R*CPNTIKZ7VCHQ~AMT*B6*65.81~LQ*HE*N381~SVC*HC:81025*15*8.42**1~DTM*472*20191203~CAS*CO*45*6.58~REF*6R*CPNTIGLVOMFF~AMT*B6*8.42~LQ*HE*N381~CLP*000100026182*1*134*97.11**MC*2019346068632~NM1*QC*1*STROMAN*LISA*K***MR*P482154~NM1*82*1*HOOSHMAND-PARSI*KAYHOSROW****XX*1447291851~REF*EA*5223B71B8C4B42838E91743C6BF1FD22~DTM*232*20191204~DTM*233*20191204~SVC*HC:99214*134*97.11**1~DTM*472*20191204~CAS*CO*45*36.89~REF*6R*CPNDSBF7NW1F~AMT*B6*97.11~LQ*HE*N381~CLP*000100026051*1*149*105.53**MC*2019346068429~NM1*QC*1*TABARES*ANGELA****MR*V900344~NM1*82*1*HOOSHMAND-PARSI*KAYHOSROW****XX*1447291851~REF*EA*C45128658F38465F8CC8F0F54DB51146~DTM*232*20191203~DTM*233*20191203~SVC*HC:99214:25*134*97.11**1~DTM*472*20191203~CAS*CO*45*36.89~REF*6R*CPNDFB18G7RI~AMT*B6*97.11~LQ*HE*N381~SVC*HC:81025*15*8.42**1~DTM*472*20191203~CAS*CO*45*6.58~REF*6R*CPND1WESSXWK~AMT*B6*8.42~LQ*HE*N381~CLP*000100026023*1*149*105.53**MC*2019347060142~NM1*QC*1*TANKSLEY*DAYSHA*A***MR*O203621~NM1*82*1*HOOSHMAND-PARSI*KAYHOSROW****XX*1447291851~REF*EA*A910E99E87F54A34A508714C7C1713FA~DTM*232*20191202~DTM*233*20191202~SVC*HC:99214:25*134*97.11**1~DTM*472*20191202~CAS*CO*45*36.89~REF*6R*CPN5A2DSW07M~AMT*B6*97.11~LQ*HE*N381~SVC*HC:81025*15*8.42**1~DTM*472*20191202~CAS*CO*45*6.58~REF*6R*CPN5TIBLIDO1~AMT*B6*8.42~LQ*HE*N381~CLP*000100026223*1*90*65.81**MC*2019346068771~NM1*QC*1*TORRES*HAVEN*D***MR*L088241~NM1*82*1*CADDALI*ESTRELLA*A***XX*1164974580~REF*EA*7D37A075736544DE96888A3ED668A337~DTM*232*20191204~DTM*233*20191204~SVC*HC:99213*90*65.81**1~DTM*472*20191204~CAS*CO*45*24.19~REF*6R*CPNDZ3U5HC1X~AMT*B6*65.81~LQ*HE*N381~CLP*000100026220*1*134*97.11**MC*2019346068558~NM1*QC*1*TOTAKHAIL*SORAIYA****MR*O814415~NM1*82*1*HOOSHMAND-PARSI*KAYHOSROW****XX*1447291851~REF*EA*9A67587AAD2045FCBA26DD0CF89CAF2E~DTM*232*20191204~DTM*233*20191204~SVC*HC:99214*134*97.11**1~DTM*472*20191204~CAS*CO*45*36.89~REF*6R*CPND07DL4BQ5~AMT*B6*97.11~LQ*HE*N381~CLP*000100025822*1*241*129.74**MC*2019344057433~NM1*QC*1*TRIMBLE*TYLER*L***MR*S298876~NM1*82*1*CADDALI*ESTRELLA*A***XX*1164974580~REF*EA*39CAE91FC187494EB0D9DA990D2A6B01~DTM*232*20191126~DTM*233*20191126~SVC*HC:99395:25*165*107.82**1~DTM*472*20191126~CAS*CO*45*57.18~REF*6R*CPNT9PXF3R26~AMT*B6*107.82~LQ*HE*N381~SVC*HC:H0049*36*10.92**1~DTM*472*20191126~CAS*CO*45*25.08~REF*6R*CPNT79FLCJPM~AMT*B6*10.92~LQ*HE*N381~SVC*HC:G8510*40*11**1~DTM*472*20191126~CAS*CO*45*29~REF*6R*CPNTTKNUJHTG~AMT*B6*11~LQ*HE*N381~CLP*000100026254*1*65*55.35**MC*2019346068758~NM1*QC*1*TYLER*NATHAN*R***MR*W909005~NM1*82*1*LEWIS*HOLLY*G***XX*1295234128~REF*EA*8C8E7A1A08784CC09B262008C9647AE9~DTM*232*20191204~DTM*233*20191204~SVC*HC:90832*65*55.35**1~DTM*472*20191204~CAS*CO*45*9.65~REF*6R*CPNDCD38KV91~AMT*B6*55.35~LQ*HE*N381~CLP*000100026246*1*90*65.81**MC*2019346068761~NM1*QC*1*TYLER*NATHAN*R***MR*W909005~NM1*82*1*HOOSHMAND-PARSI*KAYHOSROW****XX*1447291851~REF*EA*F67274985A1B4C18BD9F53EF2E2A62BD~DTM*232*20191204~DTM*233*20191204~SVC*HC:99213*90*65.81**1~DTM*472*20191204~CAS*CO*45*24.19~REF*6R*CPNDMYT2GMQ4~AMT*B6*65.81~LQ*HE*N381~CLP*000100025805*1*134*97.11**MC*2019344057562~NM1*QC*1*ULIBARRI*STEPHANIE*R***MR*W341555~NM1*82*1*CADDALI*ESTRELLA*A***XX*1164974580~REF*EA*03E2511A43BA4B18B9569F63FFBE6854~DTM*232*20191126~DTM*233*20191126~SVC*HC:99214*134*97.11**1~DTM*472*20191126~CAS*CO*45*36.89~REF*6R*CPNTP5O4YLGX~AMT*B6*97.11~LQ*HE*N381~CLP*000100025903*1*90*65.81**MC*2019346068624~NM1*QC*1*ULIBARRI*STEPHANIE*R***MR*W341555~NM1*82*1*GRONEMEYER*LEANNE*R***XX*1659521045~REF*EA*0EA1C676F63E4EA3A6DBF29874B6C671~DTM*232*20191127~DTM*233*20191127~SVC*HC:99213*90*65.81**1~DTM*472*20191127~CAS*CO*45*24.19~REF*6R*CPNDI5H2LH91~AMT*B6*65.81~LQ*HE*N381~CLP*000100025910*1*134*97.11**MC*2019346068629~NM1*QC*1*VALDEZ*MICHAEL****MR*S188705~NM1*82*1*KLAKER*JULIE*M***XX*1215134705~REF*EA*8ED738C8CA4A4DB99A5CA03361CE9448~DTM*232*20191127~DTM*233*20191127~SVC*HC:99214*134*97.11**1~DTM*472*20191127~CAS*CO*45*36.89~REF*6R*CPNDX4DYSCYK~AMT*B6*97.11~LQ*HE*N381~CLP*000100025936*1*149*105.53**MC*2019344057417~NM1*QC*1*VARGAS*ERIKA*A***MR*L114609~NM1*82*1*KLAKER*JULIE*M***XX*1215134705~REF*EA*D01D0775E47841A2AE7717C989C70601~DTM*232*20191127~DTM*233*20191127~SVC*HC:99214:25*134*97.11**1~DTM*472*20191127~CAS*CO*45*36.89~REF*6R*CPNTS3JFV9ZD~AMT*B6*97.11~LQ*HE*N381~SVC*HC:81025*15*8.42**1~DTM*472*20191127~CAS*CO*45*6.58~REF*6R*CPNT5N02817Z~AMT*B6*8.42~LQ*HE*N381~CLP*000100026121*1*90*65.81**MC*2019346068739~NM1*QC*1*VIGIL*ANTHONY*D***MR*D588067~NM1*82*1*GRONEMEYER*LEANNE*R***XX*1659521045~REF*EA*BBF66CCDF0064649B1738BA4D9AAE9EF~DTM*232*20191203~DTM*233*20191203~SVC*HC:99213*90*65.81**1~DTM*472*20191203~CAS*CO*45*24.19~REF*6R*CPNDXPFNUR4A~AMT*B6*65.81~LQ*HE*N381~CLP*000100025816*1*134*95.11*2*MC*2019344057552~NM1*QC*1*VIGIL*ROBERT*L***MR*K682507~NM1*82*1*CADDALI*ESTRELLA*A***XX*1164974580~REF*EA*9B11BF791CF940F484FE8C51865CD48D~DTM*232*20191126~DTM*233*20191126~SVC*HC:99214*134*95.11**1~DTM*472*20191126~CAS*PR*3*2~CAS*CO*45*36.89~REF*6R*CPNTNRQAO265~AMT*B6*97.11~LQ*HE*N381~LQ*HE*N381~CLP*000100025993*1*199*141.81**MC*2019344057619~NM1*QC*1*WINEGARD*ERIN*E***MR*U514872~NM1*82*1*GRONEMEYER*LEANNE*R***XX*1659521045~REF*EA*14D3ACD4D87247AC9FF0162153EC2538~DTM*232*20191202~DTM*233*20191202~SVC*HC:99215:25*180*129.99**1~DTM*472*20191202~CAS*CO*45*50.01~REF*6R*CPNT1KQGHUWF~AMT*B6*129.99~LQ*HE*N381~SVC*HC:81002*4*3.4**1~DTM*472*20191202~CAS*CO*45*.6~REF*6R*CPNTDF10JGID~AMT*B6*3.4~LQ*HE*N381~SVC*HC:81025*15*8.42**1~DTM*472*20191202~CAS*CO*45*6.58~REF*6R*CPNT1NQ1K4J8~AMT*B6*8.42~LQ*HE*N381~CLP*000100026064*1*240*145.52**MC*2019346068692~NM1*QC*1*WINEGARD*ERIN*E***MR*U514872~NM1*82*1*LUCAS*PEGGI*S***XX*1366419582~REF*EA*995A4F724DB742008B8AD80E5DC6539F~DTM*232*20191203~DTM*233*20191203~SVC*HC:99215:25*180*129.99**1~DTM*472*20191203~CAS*CO*45*50.01~REF*6R*CPNDJFQ1YDFZ~AMT*B6*129.99~LQ*HE*N381~SVC*HC:99415*45*7.11**1~DTM*472*20191203~CAS*CO*45*37.89~REF*6R*CPND9C5YZNFE~AMT*B6*7.11~LQ*HE*N381~SVC*HC:81025*15*8.42**1~DTM*472*20191203~CAS*CO*45*6.58~REF*6R*CPNDHZR1BWE8~AMT*B6*8.42~LQ*HE*N381~CLP*000100025904*1*280*179.75**MC*2019344057440~NM1*QC*1*WYATT*MARK*A***MR*O690192~NM1*82*1*HOOSHMAND-PARSI*KAYHOSROW****XX*1447291851~REF*EA*113DC153E3E1408FAD0A991D51A2EE46~DTM*232*20191127~DTM*233*20191127~SVC*HC:99214:25*134*97.11**1~DTM*472*20191127~CAS*CO*45*36.89~REF*6R*CPNT40D6HB7G~AMT*B6*97.11~LQ*HE*N381~SVC*HC:90471*35*19.46**1~DTM*472*20191127~CAS*CO*45*15.54~REF*6R*CPNTD6X8FH77~AMT*B6*19.46~LQ*HE*N381~SVC*HC:90674*35*21.74**1~DTM*472*20191127~CAS*CO*45*13.26~REF*6R*CPNTV09LFNJM~AMT*B6*21.74~LQ*HE*N381~SVC*HC:H0049*36*10.92**1~DTM*472*20191127~CAS*CO*45*25.08~REF*6R*CPNT2VCBAQ61~AMT*B6*10.92~LQ*HE*N381~SVC*HC:G8431*40*30.52**1~DTM*472*20191127~CAS*CO*45*9.48~REF*6R*CPNT3ZQ63CUI~AMT*B6*30.52~LQ*HE*N381~CLP*000100026005*1*134*97.11**MC*2019344057427~NM1*QC*1*YALOTZ*SHANE*W***MR*M883525~NM1*82*1*HOOSHMAND-PARSI*KAYHOSROW****XX*1447291851~REF*EA*8FDAA56BE787447F9CC67DFF4BE4280F~DTM*232*20191202~DTM*233*20191202~SVC*HC:99214*134*97.11**1~DTM*472*20191202~CAS*CO*45*36.89~REF*6R*CPNTIM6KW6D9~AMT*B6*97.11~LQ*HE*N381~CLP*000100024278*4*134*0**MC*2019346068657~NM1*QC*1*GARZA*PATRICIA****MR*Y090236~NM1*82*1*LUCAS*PEGGI*S***XX*1366419582~REF*EA*586BCD5F0CC54B76B74DA2785D28FC8B~DTM*232*20191028~DTM*233*20191028~SVC*HC:99214*134*0**0**1~DTM*472*20191028~CAS*PI*167*134~REF*6R*CPND71Z9Q8A9~LQ*HE*MA63~LQ*HE*MA92~LQ*HE*N56~CLP*000100025162*4*134*0**MC*2019347060151~NM1*QC*1*GARZA*PATRICIA****MR*Y090236~NM1*82*1*HOOSHMAND-PARSI*KAYHOSROW****XX*1447291851~REF*EA*2D4F9678F7FA49DFB0F26AB4E4A63057~DTM*232*20191113~DTM*233*20191113~SVC*HC:99214:25*134*0**0**1~DTM*472*20191113~CAS*PI*167*134~REF*6R*CPN5LHTFLFQU~LQ*HE*MA63~LQ*HE*MA92~LQ*HE*N56~CLP*000100024564*4*134*0**MC*2019347060157~NM1*QC*1*GARZA*PATRICIA****MR*Y090236~NM1*82*1*HOOSHMAND-PARSI*KAYHOSROW****XX*1447291851~REF*EA*9443AEDFC3F6416097A5CE86C126D786~DTM*232*20191104~DTM*233*20191104~SVC*HC:99214*134*0**0**1~DTM*472*20191104~CAS*PI*167*134~REF*6R*CPN57L58MNHW~LQ*HE*MA63~LQ*HE*MA92~LQ*HE*N56~CLP*000100024878*4*54*0**MC*2019347060174~NM1*QC*1*MARTINEZ DE RIOS*ENEDINA****MR*Y970896~NM1*74*1*MARTINEZDERIOS~NM1*82*1*HOOSHMAND-PARSI*KAYHOSROW****XX*1447291851~REF*EA*BDA42D10473441C89E4CF92A132EDCB1~DTM*232*20191107~DTM*233*20191107~SVC*HC:99212:25*54*0**0**1~DTM*472*20191107~CAS*PI*16*54~REF*6R*CPN5COYTADYY~LQ*HE*N30~LQ*HE*MA92~LQ*HE*MA92~CLP*000100025868*4*175*0**MC*2019346068749~NM1*QC*1*MCBRIDE*JOHN****MR*M382015~NM1*82*1*LUCAS*PEGGI*S***XX*1366419582~REF*EA*62AE1A5444BF4216AACF4ED72F706D5A~DTM*232*20191127~DTM*233*20191127~SVC*HC:99396*175*0**0**1~DTM*472*20191127~CAS*PI*119*175~REF*6R*CPNDO7BAWU8H~LQ*HE*N56~LQ*HE*N381~CLP*000100025132*4*1927*0**MC*2019345035967~NM1*QC*1*VASQUEZ*NATHAN*J***MR*K375615~NM1*82*1*KLAKER*JULIE*M***XX*1215134705~DTM*232*20191113~DTM*233*20191113~SVC*HC:99213:25*90*0**0**1~DTM*472*20191113~CAS*PI*16*90~LQ*HE*M47~SVC*HC:96372*32*0**0**1~DTM*472*20191113~CAS*PI*16*32~LQ*HE*M47~SVC*HC:J2315*1805*0**0**380~DTM*472*20191113~CAS*PI*16*1805~LQ*HE*M47~CLP*000100023762*22*-2135*-1373.19**MC*2019294085546~NM1*QC*1*URIE*NATHAN*J***MR*K375615~NM1*74*1*VASQUEZ~NM1*82*1*GRONEMEYER*LEANNE*R***XX*1659521045~REF*EA*45E532CC2A4F4C9CAA7E25127489C566~DTM*232*20191016~DTM*233*20191016~SVC*HC:99204:25*-205*-147.59**1~DTM*472*20191016~CAS*PR*3*-2~CAS*CO*45*-55.41~REF*6R*CP4LX15FJ9GU~AMT*B6*149.59~LQ*HE*N381~LQ*HE*N381~SVC*HC:J2315*-1805*-1193.2**380~DTM*472*20191016~CAS*CO*45*-611.8~REF*6R*CP4LPGPPADV3~AMT*B6*1193.2~LQ*HE*N381~SVC*HC:H0049*-36*-10.92**1~DTM*472*20191016~CAS*CO*45*-25.08~REF*6R*CP4LWBK1GND5~AMT*B6*10.92~LQ*HE*N381~SVC*HC:G8510*-40*-11**1~DTM*472*20191016~CAS*CO*45*-29~REF*6R*CP4LRDEOLY57~AMT*B6*11~LQ*HE*N381~SVC*HC:99415*-45*-7.11**1~DTM*472*20191016~CAS*CO*45*-37.89~REF*6R*CP4LRE3F072N~AMT*B6*7.11~LQ*HE*N381~SVC*HC:81002*-4*-3.37**1~DTM*472*20191016~CAS*CO*45*-.63~REF*6R*CP4LZORMYMUD~AMT*B6*3.37~LQ*HE*N381~CLP*000100023762*4*2135*0**MC*5919345012150~NM1*QC*1*URIE*NATHAN*J***MR*K375615~NM1*74*1*VASQUEZ~NM1*82*1*GRONEMEYER*LEANNE*R***XX*1659521045~REF*EA*45E532CC2A4F4C9CAA7E25127489C566~DTM*232*20191016~DTM*233*20191016~SVC*HC:99204:25*205*0**1~DTM*472*20191016~CAS*CO*129*205~REF*6R*CP4LX15FJ9GU~LQ*HE*N59~SVC*HC:J2315*1805*0**380~DTM*472*20191016~CAS*CO*129*1805~REF*6R*CP4LPGPPADV3~LQ*HE*N59~SVC*HC:H0049*36*0**1~DTM*472*20191016~CAS*CO*129*36~REF*6R*CP4LWBK1GND5~LQ*HE*N59~SVC*HC:G8510*40*0**1~DTM*472*20191016~CAS*CO*129*40~REF*6R*CP4LRDEOLY57~LQ*HE*N59~SVC*HC:99415*45*0**1~DTM*472*20191016~CAS*CO*129*45~REF*6R*CP4LRE3F072N~LQ*HE*N59~SVC*HC:81002*4*0**1~DTM*472*20191016~CAS*CO*129*4~REF*6R*CP4LZORMYMUD~LQ*HE*N59~CLP*000100025132*22*-1927*-1259.01**MC*2019319042124~NM1*QC*1*URIE*NATHAN*J***MR*K375615~NM1*74*1*VASQUEZ~NM1*82*1*KLAKER*JULIE*M***XX*1215134705~REF*EA*04112527F3CF4310B16A32380AE493E1~DTM*232*20191113~DTM*233*20191113~SVC*HC:99213:25*-90*-65.81**1~DTM*472*20191113~CAS*CO*45*-24.19~REF*6R*CPDP0G4ODQYF~AMT*B6*65.81~LQ*HE*N381~SVC*HC:96372*-32*0**0**1~DTM*472*20191113~CAS*CO*109*-32~REF*6R*CPDPNZ1DA2DI~LQ*HE*N381~SVC*HC:J2315*-1805*-1193.2**380~DTM*472*20191113~CAS*CO*45*-611.8~REF*6R*CPDPPJXA6LBP~AMT*B6*1193.2~LQ*HE*N381~CLP*000100025132*4*1927*0**MC*5919345012156~NM1*QC*1*URIE*NATHAN*J***MR*K375615~NM1*74*1*VASQUEZ~NM1*82*1*KLAKER*JULIE*M***XX*1215134705~REF*EA*04112527F3CF4310B16A32380AE493E1~DTM*232*20191113~DTM*233*20191113~SVC*HC:99213:25*90*0**1~DTM*472*20191113~CAS*CO*129*90~REF*6R*CPDP0G4ODQYF~LQ*HE*N59~SVC*HC:96372*32*0**0**1~DTM*472*20191113~CAS*CO*129*32~REF*6R*CPDPNZ1DA2DI~LQ*HE*N59~SVC*HC:J2315*1805*0**380~DTM*472*20191113~CAS*CO*129*1805~REF*6R*CPDPPJXA6LBP~LQ*HE*N59~PLB*1508250911*20191231*CS:0000372205827*-28.34*CS:0000372205827*28.34*CS:0000372205843*-12.94*CS:0000372205843*12.94*CS:0000372234326*-1373.19*CS:0000372234326*1373.19~PLB*1508250911*20191231*CS:0000372234332*-1259.01*CS:0000372234332*1259.01~SE*3431*000010013~GE*1*300011571~IEA*1*300011571~