ISA*00*          *00*          *ZZ*COMEDASSISTPROG*ZZ*6769489        *200113*0235*^*00501*100005720*0*P*:~GS*HP*COMEDASSISTPROG*6769489*20200113*023543*100005720*X*005010X221A1~ST*835*000010013~BPR*I*20807.15*C*ACH*CCP*01*075911603*DA*00000004556640373*1811725341**01*102000076*DA*2838835219*20200113~TRN*1*000866763*1811725341~REF*EV*1508250911~DTM*405*20200110~N1*PR*CO_TXIX*XV*7912900843~N3*P.O. BOX 30~N4*DENVER*CO*80201~PER*CX*MEDICAID PROVIDER SERVICES*TE*8442352387~PER*BL*MEDICAID PROVIDER SERVICES*TE*8442352387~N1*PE*HEALTH SOLUTIONS MED CENTER*XX*1508250911~REF*TJ*841158933~LX*1~CLP*000100026588*2*90*12.94**MC*2020004013418~NM1*QC*1*ANDERSON*KATHLEEN*R***MR*P388137~NM1*82*1*CADDALI*ESTRELLA*A***XX*1164974580~REF*EA*FF53A2A7287049CE82B13F896732EF84~DTM*232*20191211~DTM*233*20191211~SVC*HC:99213*90*12.94**1~DTM*472*20191211~CAS*CO*45*77.06~REF*6R*CPN19B0CBSJP~AMT*B6*12.94~LQ*HE*N381~LQ*HE*N381~CLP*000100026485*2*54*3.07**MC*2020004013426~NM1*QC*1*BERKSTRESSER*MELINDA*J***MR*J167021~NM1*82*1*HOOSHMAND-PARSI*KAYHOSROW****XX*1447291851~REF*EA*7260E2F7C70A4431848BCEEDEEDFA321~DTM*232*20191209~DTM*233*20191209~SVC*HC:99212*54*3.07**1~DTM*472*20191209~CAS*CO*45*50.93~REF*6R*CPN1SIOCCSXN~AMT*B6*3.07~LQ*HE*N381~LQ*HE*N381~CLP*000100026560*2*54*7.87**MC*2020004013411~NM1*QC*1*CIRULLO*ROSEANN****MR*L489928~NM1*82*1*CADDALI*ESTRELLA*A***XX*1164974580~REF*EA*4952356D21D147C4ADDDE2EE53F3F753~DTM*232*20191211~DTM*233*20191211~SVC*HC:99212*54*7.87**1~DTM*472*20191211~CAS*CO*45*46.13~REF*6R*CPN1AP635H0U~AMT*B6*7.87~LQ*HE*N381~LQ*HE*N381~CLP*34879*2*90*.37**MC*2220009003425~NM1*QC*1*CORDOVAALMUINA*JUAN****MR*Y121841~DTM*232*20190509~DTM*233*20190509~SVC*HC:99213*90*.37**1~DTM*472*20190509~CAS*CO*45*89.63~REF*HPI*1447291851~AMT*B6*.37~LQ*HE*N381~LQ*HE*N381~CLP*36221*2*135*0**MC*2220009003509~NM1*QC*1*CORDOVAALMUINA*JUAN****MR*Y121841~DTM*232*20190607~DTM*233*20190607~SVC*HC:99214*135*0**1~DTM*472*20190607~CAS*CO*45*38.85~CAS*OA*23*96.15~REF*HPI*1417151630~LQ*HE*N381~LQ*HE*N381~CLP*37536*2*90*1.02**MC*2220009003559~NM1*QC*1*CORDOVAALMUINA*JUAN****MR*Y121841~DTM*232*20190705~DTM*233*20190705~SVC*HC:99213*90*1.02**1~DTM*472*20190705~CAS*CO*45*88.98~REF*HPI*1417151630~AMT*B6*1.02~LQ*HE*N381~LQ*HE*N381~CLP*38639*2*90*1.02**MC*2220009003608~NM1*QC*1*CORDOVAALMUINA*JUAN****MR*Y121841~DTM*232*20190731~DTM*233*20190731~SVC*HC:99213*90*1.02**1~DTM*472*20190731~CAS*CO*45*88.98~REF*HPI*1417151630~AMT*B6*1.02~LQ*HE*N381~LQ*HE*N381~CLP*35952*2*562.5*37**MC*2220009004985~NM1*QC*1*CRECELIUS*DONNA*M***MR*Q412776~DTM*232*20190513~DTM*233*20190513~SVC*HC:99205:25*185*37**1~DTM*472*20190513~CAS*CO*45*148~REF*HPI*1447291851~AMT*B6*37~LQ*HE*N381~LQ*HE*N381~SVC*HC:99354*304*0**1~DTM*472*20190513~CAS*CO*45*225.68~CAS*OA*23*78.32~REF*HPI*1447291851~LQ*HE*N381~LQ*HE*N381~SVC*HC:G0396*36.16*0**0**1~DTM*472*20190513~CAS*CO*56*36.16~REF*HPI*1447291851~LQ*HE*N130~LQ*HE*N130~SVC*HC:G0444*20.12*0**0**1~DTM*472*20190513~CAS*PI*96*20.12~REF*HPI*1447291851~LQ*HE*N30~LQ*HE*N56~SVC*HC:81025*17.22*0**1~DTM*472*20190513~CAS*CO*45*17.22~REF*HPI*1447291851~LQ*HE*N381~CLP*36391*2*170*128.7**MC*2220009005132~NM1*QC*1*CRECELIUS*DONNA*M***MR*Q412776~DTM*232*20190515~DTM*233*20190515~SVC*HC:99215:25*160*128.7**1~DTM*472*20190515~CAS*CO*45*31.3~REF*HPI*1447291851~AMT*B6*128.7~LQ*HE*N381~SVC*HC:81025*10*0**1~DTM*472*20190515~CAS*CO*45*10~REF*HPI*1447291851~LQ*HE*N381~CLP*36583*2*55*30.77**MC*2220009005260~NM1*QC*1*CRECELIUS*DONNA*M***MR*Q412776~DTM*232*20190516~DTM*233*20190516~SVC*HC:99212*55*30.77**1~DTM*472*20190516~CAS*CO*45*24.23~REF*HPI*1447291851~AMT*B6*30.77~LQ*HE*N381~LQ*HE*N381~CLP*35420*2*135*40**MC*2220009005808~NM1*QC*1*DAVIS*APRIL*J***MR*O106660~DTM*232*20190516~DTM*233*20190516~SVC*HC:99214*135*40**1~DTM*472*20190516~CAS*CO*45*95~REF*HPI*1013283241~AMT*B6*40~LQ*HE*N381~LQ*HE*N381~CLP*36634*2*135*40**MC*2220009005879~NM1*QC*1*DAVIS*APRIL*J***MR*O106660~DTM*232*20190613~DTM*233*20190613~SVC*HC:99214*135*40**1~DTM*472*20190613~CAS*CO*45*95~REF*HPI*1013283241~AMT*B6*40~LQ*HE*N381~LQ*HE*N381~CLP*000100023209*2*257*30.76**MC*2020008027070~NM1*QC*1*DICKERSON*RAUNITA****MR*G832391~NM1*82*1*GRONEMEYER*LEANNE*R***XX*1659521045~REF*EA*C2777D977DF24D429EC1D97F1745AA81~DTM*232*20191003~DTM*233*20191003~SVC*HC:99213:25:FP*90*12.94**1~DTM*472*20191003~CAS*CO*45*77.06~REF*6R*CPK2YZULW9W2~AMT*B6*12.94~LQ*HE*N381~LQ*HE*N381~SVC*HC:96372:FP*32*2.91**1~DTM*472*20191003~CAS*CO*45*29.09~REF*6R*CPK2GCWE22V9~AMT*B6*2.91~LQ*HE*N381~LQ*HE*N381~SVC*HC:J1050:FP*135*14.91**150~DTM*472*20191003~CAS*CO*45*120.09~REF*6R*CPK2G0R5M4WB~AMT*B6*14.91~LQ*HE*N381~LQ*HE*N381~CLP*000100026610*2*54*7.87**MC*2020007001071~NM1*QC*1*DOYLE*JAMES****MR*P777747~NM1*82*1*CADDALI*ESTRELLA*A***XX*1164974580~REF*EA*E392AA60CE9D482CB3FF16A0CCDAC6BE~DTM*232*20191211~DTM*233*20191211~SVC*HC:99212*54*7.87**1~DTM*472*20191211~CAS*CO*45*46.13~REF*6R*CPOT8UL5E7B7~AMT*B6*7.87~LQ*HE*N381~LQ*HE*N381~CLP*000100026698*2*54*3.07**MC*2020007001069~NM1*QC*1*FELLNER*CYNTHIA*D***MR*G408163~NM1*82*1*HOOSHMAND-PARSI*KAYHOSROW****XX*1447291851~REF*EA*7A478EF802E54694AF03B6E5AF66952A~DTM*232*20191212~DTM*233*20191212~SVC*HC:99212*54*3.07**1~DTM*472*20191212~CAS*CO*45*50.93~REF*6R*CPOTMA0Q0K63~AMT*B6*3.07~LQ*HE*N381~LQ*HE*N381~CLP*000100026623*2*90*12.94**MC*2020007001079~NM1*QC*1*GARCIA*LONNIE****MR*A671148~NM1*82*1*CADDALI*ESTRELLA*A***XX*1164974580~REF*EA*FB611DD056814056B0400D06AE3A9757~DTM*232*20191211~DTM*233*20191211~SVC*HC:99213*90*12.94**1~DTM*472*20191211~CAS*CO*45*77.06~REF*6R*CPOTRP442ZES~AMT*B6*12.94~LQ*HE*N381~LQ*HE*N381~CLP*000100026681*2*134*18.93**MC*2020007001075~NM1*QC*1*KHALER*ALVIN*J***MR*I465139~NM1*82*1*GRONEMEYER*LEANNE*R***XX*1659521045~REF*EA*7944CA35EF594E58A29776C4DFD40539~DTM*232*20191212~DTM*233*20191212~SVC*HC:99214*134*18.93**1~DTM*472*20191212~CAS*CO*45*115.07~REF*6R*CPOTBMW1IPLN~AMT*B6*18.93~LQ*HE*N381~LQ*HE*N381~CLP*40593*2*90*1.02**MC*2220008002498~NM1*QC*1*LOVESEE*GEORGE****MR*I775339~DTM*232*20190819~DTM*233*20190819~SVC*HC:99213*90*1.02**1~DTM*472*20190819~CAS*CO*45*88.98~REF*HPI*1659521045~AMT*B6*1.02~LQ*HE*N381~LQ*HE*N381~CLP*000100026495*2*134*18.93**MC*2020004013395~NM1*QC*1*MONTOYA*CHRISTOPH*P***MR*P301103~NM1*82*1*GRONEMEYER*LEANNE*R***XX*1659521045~REF*EA*670FEE7210514D91B1A4ADE7A2CB03F4~DTM*232*20191210~DTM*233*20191210~SVC*HC:99214*134*18.93**1~DTM*472*20191210~CAS*CO*45*115.07~REF*6R*CPN1WR1Q6VNF~AMT*B6*18.93~LQ*HE*N381~LQ*HE*N381~CLP*000100026200*2*90*12.94**MC*2020008027255~NM1*QC*1*MOORE*HOLLY****MR*G690959~NM1*82*1*GRONEMEYER*LEANNE*R***XX*1659521045~REF*EA*268661459E344CAC980B2B683B6D1620~DTM*232*20191204~DTM*233*20191204~SVC*HC:99213:25*90*12.94**1~DTM*472*20191204~CAS*CO*45*77.06~REF*6R*CPK2W7O05W5J~AMT*B6*12.94~LQ*HE*N381~LQ*HE*N381~CLP*000100026421*2*235.15*17.52**MC*2020004013388~NM1*QC*1*PARK*TRACY*A***MR*W409659~NM1*82*1*HOOSHMAND-PARSI*KAYHOSROW****XX*1447291851~REF*EA*B368FC109D624DFCAB9108BE084641C4~DTM*232*20191209~DTM*233*20191209~SVC*HC:G0439:25*145*0**1~DTM*472*20191209~CAS*OA*P22*145~REF*6R*CPN1FFB46T2U~LQ*HE*MA125~SVC*HC:G0008*32*0**1~DTM*472*20191209~CAS*OA*P22*32~REF*6R*CPN121PXQGJU~LQ*HE*MA125~SVC*HC:90674*35*0**1~DTM*472*20191209~CAS*CO*45*35~REF*6R*CPN1SU5U234K~LQ*HE*N381~SVC*HC:93000*23.15*17.52**1~DTM*472*20191209~CAS*CO*45*5.63~REF*6R*CPN1NZYS1MCX~AMT*B6*17.52~LQ*HE*N381~LQ*HE*N381~CLP*000100026577*2*201*9.79**MC*2020004013404~NM1*QC*1*RADCLI*SUSAN****MR*U132709~NM1*74*1*RADCLIFFE**F~NM1*82*1*HOOSHMAND-PARSI*KAYHOSROW****XX*1447291851~REF*EA*013D329305B8436391318D9B25B30708~DTM*232*20191211~DTM*233*20191211~SVC*HC:99214:25*134*9.79**1~DTM*472*20191211~CAS*CO*45*124.21~REF*6R*CPN10145XA63~AMT*B6*9.79~LQ*HE*N381~LQ*HE*N381~SVC*HC:G0008*32*0**0**1~DTM*472*20191211~CAS*PI*16*32~REF*6R*CPN1UCSXS5WT~LQ*HE*N381~LQ*HE*N56~LQ*HE*N56~SVC*HC:90674*35*0**1~DTM*472*20191211~CAS*CO*45*35~REF*6R*CPN13UKR3992~LQ*HE*N381~CLP*000100026113*2*134*18.93**MC*2020008027240~NM1*QC*1*ROMERO*MARTHA*H***MR*Q471665~NM1*82*1*GRONEMEYER*LEANNE*R***XX*1659521045~REF*EA*260B6D4DF6C34C3A98D19787592650FF~DTM*232*20191203~DTM*233*20191203~SVC*HC:99214*134*18.93**1~DTM*472*20191203~CAS*CO*45*115.07~REF*6R*CPK2BBJEXUHX~AMT*B6*18.93~LQ*HE*N381~LQ*HE*N381~CLP*25436*2*316*61.44**MC*2220008002742~NM1*QC*1*SANCHEZ*CANDACE*D***MR*W730153~DTM*232*20191119~DTM*233*20191119~SVC*HC:99215:25*180*20**1~DTM*472*20191119~CAS*CO*45*160~REF*HPI*1659521045~AMT*B6*20~LQ*HE*N381~LQ*HE*N381~SVC*HC:99415*45*0**1~DTM*472*20191119~CAS*CO*45*45~REF*HPI*1659521045~LQ*HE*N381~SVC*HC:H0049*36*10.92**1~DTM*472*20191119~CAS*CO*45*25.08~REF*HPI*1659521045~AMT*B6*10.92~LQ*HE*N381~SVC*HC:G8431*40*30.52**1~DTM*472*20191119~CAS*CO*45*9.48~REF*HPI*1659521045~AMT*B6*30.52~LQ*HE*N381~SVC*HC:81025*15*0**1~DTM*472*20191119~CAS*CO*45*15~REF*HPI*1659521045~LQ*HE*N381~CLP*25481*2*180*20**MC*2220008002797~NM1*QC*1*SANCHEZ*CANDACE*D***MR*W730153~DTM*232*20191120~DTM*233*20191120~SVC*HC:99215*180*20**1~DTM*472*20191120~CAS*CO*45*160~REF*HPI*1659521045~AMT*B6*20~LQ*HE*N381~LQ*HE*N381~CLP*25558*2*134*10**MC*2220008002860~NM1*QC*1*SANCHEZ*CANDACE*D***MR*W730153~DTM*232*20191121~DTM*233*20191121~SVC*HC:99214*134*10**1~DTM*472*20191121~CAS*CO*45*124~REF*HPI*1659521045~AMT*B6*10~LQ*HE*N381~LQ*HE*N381~CLP*000100026591*2*195*25.36**MC*2020007001084~NM1*QC*1*VALDEZ MARTIN*SONIA*A***MR*F174874~NM1*74*1*VALDEZ~NM1*82*1*KLAKER*JULIE*M***XX*1215134705~REF*EA*BDC64089DCA54B3F9C62D86C2D33ADAE~DTM*232*20191211~DTM*233*20191211~SVC*HC:99215:25*180*25.36**1~DTM*472*20191211~CAS*CO*45*154.64~REF*6R*CPOT5W3KLB5Q~AMT*B6*25.36~LQ*HE*N381~LQ*HE*N381~SVC*HC:81025*15*0**1~DTM*472*20191211~CAS*CO*45*15~REF*6R*CPOT58H4FPL9~LQ*HE*N381~CLP*000100026643*2*134*18.93**MC*2020007001086~NM1*QC*1*VALDEZ MARTIN*SONIA*A***MR*F174874~NM1*74*1*VALDEZ~NM1*82*1*KLAKER*JULIE*M***XX*1215134705~REF*EA*D3788EB3F35B413E9308DC797CBA45D9~DTM*232*20191212~DTM*233*20191212~SVC*HC:99214*134*18.93**1~DTM*472*20191212~CAS*CO*45*115.07~REF*6R*CPOTTQ0FVRI2~AMT*B6*18.93~LQ*HE*N381~LQ*HE*N381~CLP*000100026646*2*54*7.87**MC*2020007001073~NM1*QC*1*WITHAAR*CHARLES****MR*R330415~NM1*82*1*CADDALI*ESTRELLA*A***XX*1164974580~REF*EA*104C37FBCC154ED58EA359B79B7CDC1B~DTM*232*20191212~DTM*233*20191212~SVC*HC:99212*54*7.87**1~DTM*472*20191212~CAS*CO*45*46.13~REF*6R*CPOTQIG8WG31~AMT*B6*7.87~LQ*HE*N381~LQ*HE*N381~CLP*000100026515*4*134*0**MC*2020008027267~NM1*QC*1*POWELL*CHRISTINE*L***MR*P635957~NM1*82*1*GRONEMEYER*LEANNE*R***XX*1659521045~REF*EA*A1CB0BCC4325414A9593CF0B42449A78~DTM*232*20191210~DTM*233*20191210~SVC*HC:99214:25*134*0**0**1~DTM*472*20191210~CAS*PI*96*134~REF*6R*CPK2BR667886~LQ*HE*N56~CLP*000100027254*1*1971*1290.31**MC*2020008029424~NM1*QC*1*ADAMS*CHRISTOPHER****MR*Y546450~NM1*82*1*SEARLES*DENISE*A***XX*1396971230~REF*EA*DD73340890FF4E50B72BB4D806FE495C~DTM*232*20191226~DTM*233*20191226~SVC*HC:99214:25*134*97.11**1~DTM*472*20191226~CAS*CO*45*36.89~REF*6R*CPK2GN6IB63Y~AMT*B6*97.11~LQ*HE*N381~SVC*HC:96372*32*0**0**1~DTM*472*20191226~CAS*CO*109*32~REF*6R*CPK28MA0JKOB~LQ*HE*N381~SVC*HC:J2315*1805*1193.2**380~DTM*472*20191226~CAS*CO*45*611.8~REF*6R*CPK20FVQHUR8~AMT*B6*1193.2~LQ*HE*N381~CLP*000100027215*1*134*97.11**MC*2020008030293~NM1*QC*1*AMES*STACY*L***MR*K978061~NM1*82*1*CADDALI*ESTRELLA*A***XX*1164974580~REF*EA*5506061D73014D75A85EDBB79844286F~DTM*232*20191226~DTM*233*20191226~SVC*HC:99214*134*97.11**1~DTM*472*20191226~CAS*CO*45*36.89~REF*6R*CPK239L5W596~AMT*B6*97.11~LQ*HE*N381~CLP*000100027316*1*54*39.39**MC*2020008029174~NM1*QC*1*ANDERSON*JACQULINE*M***MR*G934658~NM1*82*1*SEARLES*DENISE*A***XX*1396971230~REF*EA*6C3AAE3206A040718C4B7BD56D6C8EBD~DTM*232*20191227~DTM*233*20191227~SVC*HC:99212*54*39.39**1~DTM*472*20191227~CAS*CO*45*14.61~REF*6R*CPK249ARTCLP~AMT*B6*39.39~LQ*HE*N381~CLP*000100025830*1*430*304.89**MC*2020009071284~NM1*QC*1*ARCHULETTA*CHARTAE****MR*S666957~NM1*74*1*ARCHULETA**R~NM1*82*1*SEARLES*DENISE*A***XX*1396971230~REF*EA*11FBF14716CF4E67B85CBBA40B525FE4~DTM*232*20191126~DTM*233*20191126~SVC*HC:99395:25:FP*165*107.82**1~DTM*472*20191126~CAS*CO*45*57.18~REF*6R*CPKU57D6NTG3~AMT*B6*107.82~LQ*HE*N381~SVC*HC:58301:59:FP*115*107.65**1~DTM*472*20191126~CAS*CO*45*7.35~REF*6R*CPKU2NKNPYBF~AMT*B6*107.65~LQ*HE*N381~LQ*HE*N381~SVC*HC:J1050:FP*135*81**150~DTM*472*20191126~CAS*CO*45*54~REF*6R*CPKUEAQ92QOB~AMT*B6*81~LQ*HE*N381~SVC*HC:81025:FP*15*8.42**1~DTM*472*20191126~CAS*CO*45*6.58~REF*6R*CPKUYJ5WAG32~AMT*B6*8.42~LQ*HE*N381~CLP*000100027312*1*90*65.81**MC*2020008029219~NM1*QC*1*ARMSTRONG*DUSTIN****MR*P380260~NM1*82*1*SEARLES*DENISE*A***XX*1396971230~REF*EA*5D86E6C5BAE740FC99853545ED5982AC~DTM*232*20191227~DTM*233*20191227~SVC*HC:99213*90*65.81**1~DTM*472*20191227~CAS*CO*45*24.19~REF*6R*CPK2CIFZSL1G~AMT*B6*65.81~LQ*HE*N381~CLP*000100027095*1*149*105.53**MC*2020008029567~NM1*QC*1*AVILA*KRISTA*M***MR*K943511~NM1*82*1*SEARLES*DENISE*A***XX*1396971230~REF*EA*54E190DCC7A54F82AB2F146E6880BE46~DTM*232*20191220~DTM*233*20191220~SVC*HC:99214:25*134*97.11**1~DTM*472*20191220~CAS*CO*45*36.89~REF*6R*CPK2XTL98Y1H~AMT*B6*97.11~LQ*HE*N381~SVC*HC:81025*15*8.42**1~DTM*472*20191220~CAS*CO*45*6.58~REF*6R*CPK24Y8QGXO7~AMT*B6*8.42~LQ*HE*N381~CLP*000100027249*1*149*105.53**MC*2020008029816~NM1*QC*1*BANKSTON*AMANDA*M***MR*G892642~NM1*82*1*SEARLES*DENISE*A***XX*1396971230~REF*EA*925843F379D0473188682339B244B5B9~DTM*232*20191226~DTM*233*20191226~SVC*HC:99214:25*134*97.11**1~DTM*472*20191226~CAS*CO*45*36.89~REF*6R*CPK27TBHPXMY~AMT*B6*97.11~LQ*HE*N381~SVC*HC:81025*15*8.42**1~DTM*472*20191226~CAS*CO*45*6.58~REF*6R*CPK20CBX2RCJ~AMT*B6*8.42~LQ*HE*N381~CLP*000100027279*1*149*105.53**MC*2020009071295~NM1*QC*1*BAROS*MELANIE*A***MR*L096798~NM1*82*1*KLAKER*JULIE*M***XX*1215134705~REF*EA*9983F46E9EBA4183BC26D5AD1DBA699A~DTM*232*20191227~DTM*233*20191227~SVC*HC:99214:25*134*97.11**1~DTM*472*20191227~CAS*CO*45*36.89~REF*6R*CPKUZVG3BYX1~AMT*B6*97.11~LQ*HE*N381~SVC*HC:81025*15*8.42**1~DTM*472*20191227~CAS*CO*45*6.58~REF*6R*CPKUIJ6QNYAD~AMT*B6*8.42~LQ*HE*N381~CLP*000100022993*1*149*105.53**MC*2020009071298~NM1*QC*1*BAROS*MELANIE*A***MR*L096798~NM1*82*1*HOOSHMAND-PARSI*KAYHOSROW****XX*1447291851~REF*EA*67C28D0B44B94CE09A2A93B52BBE0C6E~DTM*232*20191001~DTM*233*20191001~SVC*HC:99214:25*134*97.11**1~DTM*472*20191001~CAS*CO*45*36.89~REF*6R*CPKUZ42EIM8G~AMT*B6*97.11~LQ*HE*N381~SVC*HC:81025*15*8.42**1~DTM*472*20191001~CAS*CO*45*6.58~REF*6R*CPKU830BEVD8~AMT*B6*8.42~LQ*HE*N381~CLP*000100026983*1*149*103.53*2*MC*2020008029783~NM1*QC*1*BASSETT*JENNIFER*M***MR*W073216~NM1*82*1*LANE*DELLA*J***XX*1417151630~REF*EA*CD995135ED3B42EF9D7797177CBD1193~DTM*232*20191218~DTM*233*20191218~SVC*HC:99214:25*134*95.11**1~DTM*472*20191218~CAS*PR*3*2~CAS*CO*45*36.89~REF*6R*CPK2HP2PAUCD~AMT*B6*97.11~LQ*HE*N381~LQ*HE*N381~SVC*HC:81025*15*8.42**1~DTM*472*20191218~CAS*CO*45*6.58~REF*6R*CPK21G8IEOCQ~AMT*B6*8.42~LQ*HE*N381~CLP*000100027071*1*149*105.53**MC*2020008029384~NM1*QC*1*BOULIER*JEWEL*R***MR*W913486~NM1*82*1*SEARLES*DENISE*A***XX*1396971230~REF*EA*8C444DF525EB4172A7143A0BCE9730B7~DTM*232*20191219~DTM*233*20191219~SVC*HC:99214:25*134*97.11**1~DTM*472*20191219~CAS*CO*45*36.89~REF*6R*CPK255THT1S6~AMT*B6*97.11~LQ*HE*N381~SVC*HC:81025*15*8.42**1~DTM*472*20191219~CAS*CO*45*6.58~REF*6R*CPK2ORYZ9U1T~AMT*B6*8.42~LQ*HE*N381~CLP*000100027252*1*149*105.53**MC*2020008029401~NM1*QC*1*BOULIER*JEWEL*R***MR*W913486~NM1*82*1*SEARLES*DENISE*A***XX*1396971230~REF*EA*5C59B01536854562A5B81C84573B7918~DTM*232*20191226~DTM*233*20191226~SVC*HC:99214:25*134*97.11**1~DTM*472*20191226~CAS*CO*45*36.89~REF*6R*CPK2C4R3AJ4U~AMT*B6*97.11~LQ*HE*N381~SVC*HC:81025*15*8.42**1~DTM*472*20191226~CAS*CO*45*6.58~REF*6R*CPK2DVX111IG~AMT*B6*8.42~LQ*HE*N381~CLP*000100027127*1*90*81.55**MC*2020008029451~NM1*QC*1*PORTER*ASHLEY*C***MR*G299091~NM1*74*1*BURCH~NM1*82*1*SEARLES*DENISE*A***XX*1396971230~REF*EA*168234BE945D40538B3E3CE4FD897C95~DTM*232*20191220~DTM*233*20191220~SVC*HC:99213:FP*90*81.55**1~DTM*472*20191220~CAS*CO*45*8.45~REF*6R*CPK2WP3HPQKU~AMT*B6*81.55~LQ*HE*N381~CLP*000100027297*1*90*65.81**MC*2020008029460~NM1*QC*1*PORTER*ASHLEY*C***MR*G299091~NM1*74*1*BURCH~NM1*82*1*SEARLES*DENISE*A***XX*1396971230~REF*EA*A21C02A0E38847A595019CE6B88FCF2B~DTM*232*20191227~DTM*233*20191227~SVC*HC:99213*90*65.81**1~DTM*472*20191227~CAS*CO*45*24.19~REF*6R*CPK2XHXW0Y9J~AMT*B6*65.81~LQ*HE*N381~CLP*000100027419*1*134*97.11**MC*2020008029683~NM1*QC*1*BURNS*KYRA*J***MR*O410409~NM1*82*1*GRONEMEYER*LEANNE*R***XX*1659521045~REF*EA*366772E428274986A764B52C632B7A27~DTM*232*20191230~DTM*233*20191230~SVC*HC:99214*134*97.11**1~DTM*472*20191230~CAS*CO*45*36.89~REF*6R*CPK28R6T2Z4I~AMT*B6*97.11~LQ*HE*N381~CLP*000100027388*1*149*105.53**MC*2020008029884~NM1*QC*1*CALDERON*DAVINA*R***MR*J450070~NM1*82*1*LUCAS*PEGGI*S***XX*1366419582~REF*EA*4F026573DC654DCE971AF8C6C8D3FBD1~DTM*232*20191230~DTM*233*20191230~SVC*HC:99214*134*97.11**1~DTM*472*20191230~CAS*CO*45*36.89~REF*6R*CPK2O1IE9ZR6~AMT*B6*97.11~LQ*HE*N381~SVC*HC:81025*15*8.42**1~DTM*472*20191230~CAS*CO*45*6.58~REF*6R*CPK2KB3X54ZW~AMT*B6*8.42~LQ*HE*N381~CLP*000100027151*1*149*105.53**MC*2020008029901~NM1*QC*1*CALDERON*DAVINA*R***MR*J450070~NM1*82*1*LUCAS*PEGGI*S***XX*1366419582~REF*EA*00C2196EA21E4545A24255977F64B57F~DTM*232*20191223~DTM*233*20191223~SVC*HC:99214:25*134*97.11**1~DTM*472*20191223~CAS*CO*45*36.89~REF*6R*CPK2DRHB68U5~AMT*B6*97.11~LQ*HE*N381~SVC*HC:81025*15*8.42**1~DTM*472*20191223~CAS*CO*45*6.58~REF*6R*CPK2LECLORKP~AMT*B6*8.42~LQ*HE*N381~CLP*000100027439*1*90*65.81**MC*2020008029413~NM1*QC*1*CALVA*TRISTAN*R***MR*G093376~NM1*82*1*CADDALI*ESTRELLA*A***XX*1164974580~REF*EA*6859D4BF8D464E4B8386290821E54944~DTM*232*20200102~DTM*233*20200102~SVC*HC:99213*90*65.81**1~DTM*472*20200102~CAS*CO*45*24.19~REF*6R*CPK2NFIICDIP~AMT*B6*65.81~LQ*HE*N381~CLP*000100027180*1*210*138.55**MC*2020008029483~NM1*QC*1*CAMPBELL*TAMMY*L***MR*Y574975~NM1*82*1*LUCAS*PEGGI*S***XX*1366419582~REF*EA*C09A9142F6EC41A0A75108A815B02078~DTM*232*20191223~DTM*233*20191223~SVC*HC:99214:25*134*97.11**1~DTM*472*20191223~CAS*CO*45*36.89~REF*6R*CPK27UHB7UUG~AMT*B6*97.11~LQ*HE*N381~SVC*HC:H0049*36*10.92**1~DTM*472*20191223~CAS*CO*45*25.08~REF*6R*CPK2KV64IN59~AMT*B6*10.92~LQ*HE*N381~SVC*HC:G8431*40*30.52**1~DTM*472*20191223~CAS*CO*45*9.48~REF*6R*CPK203E1WFTU~AMT*B6*30.52~LQ*HE*N381~CLP*000100027274*1*149*105.53**MC*2020009071289~NM1*QC*1*CAMPBELL*TAMMY*L***MR*Y574975~NM1*82*1*SEARLES*DENISE*A***XX*1396971230~REF*EA*660A92C10BA34F328967179222EDE9E9~DTM*232*20191227~DTM*233*20191227~SVC*HC:99214:25*134*97.11**1~DTM*472*20191227~CAS*CO*45*36.89~REF*6R*CPKUMZ6E67Z3~AMT*B6*97.11~LQ*HE*N381~SVC*HC:81025*15*8.42**1~DTM*472*20191227~CAS*CO*45*6.58~REF*6R*CPKUPYDU02HT~AMT*B6*8.42~LQ*HE*N381~CLP*000100027163*1*149*105.53**MC*2020008029645~NM1*QC*1*CHAVEZ*CELINA*A***MR*I557323~NM1*82*1*LUCAS*PEGGI*S***XX*1366419582~REF*EA*97F95127EC2640C2BBEC775FFBE31031~DTM*232*20191223~DTM*233*20191223~SVC*HC:99214:25*134*97.11**1~DTM*472*20191223~CAS*CO*45*36.89~REF*6R*CPK2343ULWO7~AMT*B6*97.11~LQ*HE*N381~SVC*HC:81025*15*8.42**1~DTM*472*20191223~CAS*CO*45*6.58~REF*6R*CPK2AE9QW2KF~AMT*B6*8.42~LQ*HE*N381~CLP*000100027038*1*380*207.84**MC*2020008029996~NM1*QC*1*COBERLY*DOUGLAS*D***MR*R899013~NM1*82*1*GRONEMEYER*LEANNE*R***XX*1659521045~REF*EA*5E3319F47BD442898614D64D9B7675BE~DTM*232*20191219~DTM*233*20191219~SVC*HC:99205*255*186.33**1~DTM*472*20191219~CAS*CO*45*68.67~REF*6R*CPK2H7UP5EJ7~AMT*B6*186.33~LQ*HE*N381~SVC*HC:99415*45*7.11**1~DTM*472*20191219~CAS*CO*45*37.89~REF*6R*CPK2RCLTB6FB~AMT*B6*7.11~LQ*HE*N381~SVC*HC:H0049*36*0**0**1~DTM*472*20191219~CAS*PI*97*36~REF*6R*CPK2K4J6SZ20~LQ*HE*N20~LQ*HE*N381~SVC*HC:G8510*40*11**1~DTM*472*20191219~CAS*CO*45*29~REF*6R*CPK2V72ESNSE~AMT*B6*11~LQ*HE*N381~SVC*HC:81002*4*3.4**1~DTM*472*20191219~CAS*CO*45*.6~REF*6R*CPK2BQUQY5GA~AMT*B6*3.4~LQ*HE*N381~CLP*000100027243*1*90*65.81**MC*2020008030010~NM1*QC*1*COBERLY*DOUGLAS*D***MR*R899013~NM1*82*1*GRONEMEYER*LEANNE*R***XX*1659521045~REF*EA*76ED28A74F984834A490ABDCC90E6D76~DTM*232*20191226~DTM*233*20191226~SVC*HC:99213*90*65.81**1~DTM*472*20191226~CAS*CO*45*24.19~REF*6R*CPK2BM0QGYO1~AMT*B6*65.81~LQ*HE*N381~CLP*000100027295*1*134*97.11**MC*2020008030343~NM1*QC*1*COLEMAN*AUDREY****MR*P886618~NM1*82*1*LUCAS*PEGGI*S***XX*1366419582~REF*EA*4AF56CA62B3249679A5F781A6DCE3093~DTM*232*20191227~DTM*233*20191227~SVC*HC:99214*134*97.11**1~DTM*472*20191227~CAS*CO*45*36.89~REF*6R*CPK2LENF4R94~AMT*B6*97.11~LQ*HE*N381~CLP*000100027190*1*1110*1092.72**MC*2020009071305~NM1*QC*1*COLEMAN*ZOEI*J***MR*P176370~NM1*82*1*GRONEMEYER*LEANNE*R***XX*1659521045~REF*EA*806BA6ECFA8E43FDA6562D545B682F76~DTM*232*20191223~DTM*233*20191223~SVC*HC:99214:25:FP*134*119.65**1~DTM*472*20191223~CAS*CO*45*14.35~REF*6R*CPKUW6X5SUUR~AMT*B6*119.65~LQ*HE*N381~SVC*HC:11981:FP*156*153.07**1~DTM*472*20191223~CAS*CO*45*2.93~REF*6R*CPKUS85XA98V~AMT*B6*153.07~LQ*HE*N381~LQ*HE*N381~SVC*HC:J7307:FP*820*820**1~DTM*472*20191223~REF*6R*CPKUWYYYA1GM~AMT*B6*820~CLP*000100027186*1*149*103.53*2*MC*2020008029254~NM1*QC*1*CRAMER*CHELSEA*C***MR*G314138~NM1*82*1*LUCAS*PEGGI*S***XX*1366419582~REF*EA*5256BFB3C61A4AC68E2262CE9648414E~DTM*232*20191223~DTM*233*20191223~SVC*HC:99214:25*134*95.11**1~DTM*472*20191223~CAS*PR*3*2~CAS*CO*45*36.89~REF*6R*CPK2HJ8T8SYG~AMT*B6*97.11~LQ*HE*N381~LQ*HE*N381~SVC*HC:81025*15*8.42**1~DTM*472*20191223~CAS*CO*45*6.58~REF*6R*CPK26M8Z9BX1~AMT*B6*8.42~LQ*HE*N381~CLP*000100027169*1*149*105.53**MC*2020008029469~NM1*QC*1*CRUZ*MARIAH****MR*U875752~NM1*82*1*LUCAS*PEGGI*S***XX*1366419582~REF*EA*F737C4F790134CDA92E7722EAA61FFBE~DTM*232*20191223~DTM*233*20191223~SVC*HC:99214:25*134*97.11**1~DTM*472*20191223~CAS*CO*45*36.89~REF*6R*CPK2R75Z99UT~AMT*B6*97.11~LQ*HE*N381~SVC*HC:81025*15*8.42**1~DTM*472*20191223~CAS*CO*45*6.58~REF*6R*CPK27XRUDNRJ~AMT*B6*8.42~LQ*HE*N381~CLP*000100027271*1*149*105.53**MC*2020009071268~NM1*QC*1*EHLERS*DESIREE*F***MR*P131523~NM1*82*1*KLAKER*JULIE*M***XX*1215134705~REF*EA*AD55B009D1CA4237AE0C270E4A1FE2B5~DTM*232*20191227~DTM*233*20191227~SVC*HC:99214:25*134*97.11**1~DTM*472*20191227~CAS*CO*45*36.89~REF*6R*CPKU8TAKLPKO~AMT*B6*97.11~LQ*HE*N381~SVC*HC:81025*15*8.42**1~DTM*472*20191227~CAS*CO*45*6.58~REF*6R*CPKU3UAZIIID~AMT*B6*8.42~LQ*HE*N381~CLP*000100027342*1*149*105.53**MC*2020009071271~NM1*QC*1*EHLERS*DESIREE*F***MR*P131523~NM1*82*1*LUCAS*PEGGI*S***XX*1366419582~REF*EA*9646C7D5643D43509582E9E4F7BF5418~DTM*232*20191230~DTM*233*20191230~SVC*HC:99214:25*134*97.11**1~DTM*472*20191230~CAS*CO*45*36.89~REF*6R*CPKUD85L7212~AMT*B6*97.11~LQ*HE*N381~SVC*HC:81025*15*8.42**1~DTM*472*20191230~CAS*CO*45*6.58~REF*6R*CPKUZCAU4S0P~AMT*B6*8.42~LQ*HE*N381~CLP*000100027303*1*115*104.26**MC*2020008029870~NM1*QC*1*ELLISON*TRACY****MR*Y263234~NM1*82*1*LEWIS*HOLLY*G***XX*1295234128~REF*EA*9842C75FD038441EA1A38D24BED9330D~DTM*232*20191227~DTM*233*20191227~SVC*HC:90837*115*104.26**1~DTM*472*20191227~CAS*CO*45*10.74~REF*6R*CPK2X8QLQICL~AMT*B6*104.26~LQ*HE*N381~CLP*000100027161*1*225*137.1**MC*2020008029313~NM1*QC*1*FERNANDEZ*CHARLES****MR*I154949~NM1*82*1*LUCAS*PEGGI*S***XX*1366419582~REF*EA*83A5F6D29600403D9627B7D5D8FB41E4~DTM*232*20191223~DTM*233*20191223~SVC*HC:99215*180*129.99**1~DTM*472*20191223~CAS*CO*45*50.01~REF*6R*CPK2ZI4YCG5M~AMT*B6*129.99~LQ*HE*N381~SVC*HC:99415*45*7.11**1~DTM*472*20191223~CAS*CO*45*37.89~REF*6R*CPK2RFCYBI08~AMT*B6*7.11~LQ*HE*N381~CLP*000100027133*1*65*55.35**MC*2020009071280~NM1*QC*1*FERNANDEZ*CHARLES****MR*I154949~NM1*82*1*LEWIS*HOLLY*G***XX*1295234128~REF*EA*E6076CE21E20446FB8D658617D8FBC6E~DTM*232*20191220~DTM*233*20191220~SVC*HC:90832*65*55.35**1~DTM*472*20191220~CAS*CO*45*9.65~REF*6R*CPKU79MPAXIY~AMT*B6*55.35~LQ*HE*N381~CLP*000100027228*1*90*65.81**MC*2020008029759~NM1*QC*1*FERNANDEZ*KATRINA*D***MR*G600177~NM1*82*1*CADDALI*ESTRELLA*A***XX*1164974580~REF*EA*710B045C8153413DAD9D50F722CB72DB~DTM*232*20191226~DTM*233*20191226~SVC*HC:99213*90*65.81**1~DTM*472*20191226~CAS*CO*45*24.19~REF*6R*CPK2EES4T2R5~AMT*B6*65.81~LQ*HE*N381~CLP*000100027261*1*134*97.11**MC*2020008030015~NM1*QC*1*FERRIS*DAMIEN*N***MR*P832891~NM1*82*1*KLAKER*JULIE*M***XX*1215134705~REF*EA*DAA627758BBD42C4A3720E0E727FA527~DTM*232*20191226~DTM*233*20191226~SVC*HC:99214*134*97.11**1~DTM*472*20191226~CAS*CO*45*36.89~REF*6R*CPK2RSCIZ1ZK~AMT*B6*97.11~LQ*HE*N381~CLP*000100027283*1*134*97.11**MC*2020008029638~NM1*QC*1*FIERRO*VIRGINIA****MR*B600385~NM1*82*1*LUCAS*PEGGI*S***XX*1366419582~REF*EA*F60F311C52FF4CA88AF5246977485AFF~DTM*232*20191227~DTM*233*20191227~SVC*HC:99214*134*97.11**1~DTM*472*20191227~CAS*CO*45*36.89~REF*6R*CPK20XDALLC5~AMT*B6*97.11~LQ*HE*N381~CLP*000100027282*1*90*65.81**MC*2020008029188~NM1*QC*1*FIORINI*CHRISTENA*E***MR*Y109693~NM1*82*1*CADDALI*ESTRELLA*A***XX*1164974580~REF*EA*623330C0EC284780AE8EB6C42CE830E3~DTM*232*20191227~DTM*233*20191227~SVC*HC:99213*90*65.81**1~DTM*472*20191227~CAS*CO*45*24.19~REF*6R*CPK253VBV6R9~AMT*B6*65.81~LQ*HE*N381~CLP*000100023080*1*149*105.53**MC*2020008029198~NM1*QC*1*FIORINI*CHRISTENA*E***MR*Y109693~NM1*82*1*KLAKER*JULIE*M***XX*1215134705~REF*EA*1994BAD5829B4FD99C306428E7BB26D3~DTM*232*20191002~DTM*233*20191002~SVC*HC:99214:25*134*97.11**1~DTM*472*20191002~CAS*CO*45*36.89~REF*6R*CPK2NMGUQ60E~AMT*B6*97.11~LQ*HE*N381~SVC*HC:81025*15*8.42**1~DTM*472*20191002~CAS*CO*45*6.58~REF*6R*CPK2V1C5F860~AMT*B6*8.42~LQ*HE*N381~CLP*000100027214*1*149*105.53**MC*2020008029209~NM1*QC*1*FIORINI*CHRISTENA*E***MR*Y109693~NM1*82*1*KLAKER*JULIE*M***XX*1215134705~REF*EA*0761EF20218543E9AA9F18A276955E75~DTM*232*20191226~DTM*233*20191226~SVC*HC:99214:25*134*97.11**1~DTM*472*20191226~CAS*CO*45*36.89~REF*6R*CPK2A8JII71S~AMT*B6*97.11~LQ*HE*N381~SVC*HC:81025*15*8.42**1~DTM*472*20191226~CAS*CO*45*6.58~REF*6R*CPK2CCZCKJCP~AMT*B6*8.42~LQ*HE*N381~CLP*000100027363*1*1942*1267.43**MC*2020009071309~NM1*QC*1*FLUETT*SARAH****MR*O578292~NM1*82*1*LUCAS*PEGGI*S***XX*1366419582~REF*EA*C1E1BB43E30F49D7B11E9636707277B4~DTM*232*20191230~DTM*233*20191230~SVC*HC:99213:25*90*65.81**1~DTM*472*20191230~CAS*CO*45*24.19~REF*6R*CPKU6LF1I474~AMT*B6*65.81~LQ*HE*N381~SVC*HC:96372*32*0**0**1~DTM*472*20191230~CAS*CO*109*32~REF*6R*CPKULT31EHBC~LQ*HE*N381~SVC*HC:J2315*1805*1193.2**380~DTM*472*20191230~CAS*CO*45*611.8~REF*6R*CPKUAQRVLXRU~AMT*B6*1193.2~LQ*HE*N381~SVC*HC:81025*15*8.42**1~DTM*472*20191230~CAS*CO*45*6.58~REF*6R*CPKU1I0NXIJJ~AMT*B6*8.42~LQ*HE*N381~CLP*000100027241*1*149*105.53**MC*2020008030310~NM1*QC*1*FLYNT*ZOLA****MR*Q759937~NM1*82*1*KLAKER*JULIE*M***XX*1215134705~REF*EA*00C99D93CA454553817A4749350014E4~DTM*232*20191226~DTM*233*20191226~SVC*HC:99214:25*134*97.11**1~DTM*472*20191226~CAS*CO*45*36.89~REF*6R*CPK2K6ZNJ44M~AMT*B6*97.11~LQ*HE*N381~SVC*HC:81025*15*8.42**1~DTM*472*20191226~CAS*CO*45*6.58~REF*6R*CPK2XWIHTGYO~AMT*B6*8.42~LQ*HE*N381~CLP*000100027428*1*90*65.81**MC*2020008029284~NM1*QC*1*FRASER*WILLIAM****MR*P773944~NM1*82*1*CADDALI*ESTRELLA*A***XX*1164974580~REF*EA*BABBDF27860B4521A558E1A319B0854F~DTM*232*20200102~DTM*233*20200102~SVC*HC:99213*90*65.81**1~DTM*472*20200102~CAS*CO*45*24.19~REF*6R*CPK2VNIWOLOF~AMT*B6*65.81~LQ*HE*N381~CLP*000100027307*1*134*97.11**MC*2020008029290~NM1*QC*1*FRASER*WILLIAM****MR*P773944~NM1*82*1*CADDALI*ESTRELLA*A***XX*1164974580~REF*EA*0577834F5E134248AE05F059D169F9FF~DTM*232*20191227~DTM*233*20191227~SVC*HC:99214*134*97.11**1~DTM*472*20191227~CAS*CO*45*36.89~REF*6R*CPK2KM7N7GVC~AMT*B6*97.11~LQ*HE*N381~CLP*000100027050*1*221*138.87**MC*2020008029294~NM1*QC*1*FRASER*WILLIAM****MR*P773944~NM1*82*1*CADDALI*ESTRELLA*A***XX*1164974580~REF*EA*F1AA8DF1A2FF490BB9469769721B90ED~DTM*232*20191219~DTM*233*20191219~SVC*HC:99203:25*145*97.43**1~DTM*472*20191219~CAS*CO*45*47.57~REF*6R*CPK232YQP2WF~AMT*B6*97.43~LQ*HE*N381~SVC*HC:H0049*36*10.92**1~DTM*472*20191219~CAS*CO*45*25.08~REF*6R*CPK28J2OUFFD~AMT*B6*10.92~LQ*HE*N381~SVC*HC:G8431*40*30.52**1~DTM*472*20191219~CAS*CO*45*9.48~REF*6R*CPK25IYTR0IT~AMT*B6*30.52~LQ*HE*N381~CLP*000100027223*1*94*67.21*2*MC*2020008029604~NM1*QC*1*GAHARD*JAMES*M***MR*O301579~NM1*82*1*CADDALI*ESTRELLA*A***XX*1164974580~REF*EA*530CEDA86E0446E99D0CEAF3C1535BEA~DTM*232*20191226~DTM*233*20191226~SVC*HC:99213:25*90*63.81**1~DTM*472*20191226~CAS*PR*3*2~CAS*CO*45*24.19~REF*6R*CPK2VG01DB0U~AMT*B6*65.81~LQ*HE*N381~LQ*HE*N381~SVC*HC:81002*4*3.4**1~DTM*472*20191226~CAS*CO*45*.6~REF*6R*CPK2WT8L0QT3~AMT*B6*3.4~LQ*HE*N381~CLP*000100027072*1*90*65.81**MC*2020008029824~NM1*QC*1*GALLEGOS*BRENDA****MR*K349271~NM1*82*1*HOOSHMAND-PARSI*KAYHOSROW****XX*1447291851~REF*EA*4A091B6D91D741F2AE247771F2B9460B~DTM*232*20191219~DTM*233*20191219~SVC*HC:99213*90*65.81**1~DTM*472*20191219~CAS*CO*45*24.19~REF*6R*CPK26ZMK0LXI~AMT*B6*65.81~LQ*HE*N381~CLP*000100027337*1*134*97.11**MC*2020008029239~NM1*QC*1*GARCIA*MARIO****MR*D425963~NM1*82*1*LUCAS*PEGGI*S***XX*1366419582~REF*EA*7B6509EDC95A447DB6B57166D873C233~DTM*232*20191230~DTM*233*20191230~SVC*HC:99214*134*97.11**1~DTM*472*20191230~CAS*CO*45*36.89~REF*6R*CPK2U80PDXIT~AMT*B6*97.11~LQ*HE*N381~CLP*000100027235*1*134*95.11*2*MC*2020008030050~NM1*QC*1*GIERHART*JAMES*T***MR*G669412~NM1*82*1*KLAKER*JULIE*M***XX*1215134705~REF*EA*92D51269DCC048D88409B872A18B8E0B~DTM*232*20191226~DTM*233*20191226~SVC*HC:99214*134*95.11**1~DTM*472*20191226~CAS*PR*3*2~CAS*CO*45*36.89~REF*6R*CPK2M7YM7KWQ~AMT*B6*97.11~LQ*HE*N381~LQ*HE*N381~CLP*000100027333*1*134*97.11**MC*2020008029848~NM1*QC*1*GOIN*JOSHUA****MR*G127292~NM1*82*1*LUCAS*PEGGI*S***XX*1366419582~REF*EA*828A77B83A7744959DB83D45A618AED8~DTM*232*20191230~DTM*233*20191230~SVC*HC:99214*134*97.11**1~DTM*472*20191230~CAS*CO*45*36.89~REF*6R*CPK226E3LWOF~AMT*B6*97.11~LQ*HE*N381~CLP*000100027426*1*90*65.81**MC*2020009071264~NM1*QC*1*GRAY*JAMES****MR*J248474~NM1*82*1*GRONEMEYER*LEANNE*R***XX*1659521045~REF*EA*7E24257092F84A3A8C362784E72B031F~DTM*232*20200102~DTM*233*20200102~SVC*HC:99213*90*65.81**1~DTM*472*20200102~CAS*CO*45*24.19~REF*6R*CPKU3152D4HP~AMT*B6*65.81~LQ*HE*N381~CLP*000100027245*1*135*67.13**MC*2020008029972~NM1*QC*1*GUERRERO HILER*SAVANNAH****MR*O160243~NM1*74*1*GUERREROHILER**C~NM1*82*1*CADDALI*ESTRELLA*A***XX*1164974580~REF*EA*54836CFFD9514776BC680EBD2165A84D~DTM*232*20191226~DTM*233*20191226~SVC*HC:99202*135*67.13**1~DTM*472*20191226~CAS*CO*45*67.87~REF*6R*CPK2T9A26QYU~AMT*B6*67.13~LQ*HE*N381~CLP*000100027237*1*90*65.81**MC*2020008029796~NM1*QC*1*GURULE*TRAVIS*L***MR*O382860~NM1*82*1*KLAKER*JULIE*M***XX*1215134705~REF*EA*045F2A4CD9CD4B29A6819A16C363E4ED~DTM*232*20191226~DTM*233*20191226~SVC*HC:99213*90*65.81**1~DTM*472*20191226~CAS*CO*45*24.19~REF*6R*CPK2M0DL3H5M~AMT*B6*65.81~LQ*HE*N381~CLP*000100027183*1*280*177.75*2*MC*2020008029556~NM1*QC*1*HACKWORTH*ATLANTA*M***MR*P730697~NM1*82*1*GRONEMEYER*LEANNE*R***XX*1659521045~REF*EA*05815DA768A1449290BF23A80C4A3E38~DTM*232*20191223~DTM*233*20191223~SVC*HC:99214:25*134*95.11**1~DTM*472*20191223~CAS*PR*3*2~CAS*CO*45*36.89~REF*6R*CPK2FU835QOS~AMT*B6*97.11~LQ*HE*N381~LQ*HE*N381~SVC*HC:90471*35*19.46**1~DTM*472*20191223~CAS*CO*45*15.54~REF*6R*CPK2SZQOU7SO~AMT*B6*19.46~LQ*HE*N381~SVC*HC:90674*35*21.74**1~DTM*472*20191223~CAS*CO*45*13.26~REF*6R*CPK2GSYNXJOF~AMT*B6*21.74~LQ*HE*N381~SVC*HC:H0049*36*10.92**1~DTM*472*20191223~CAS*CO*45*25.08~REF*6R*CPK2GGSPM2NF~AMT*B6*10.92~LQ*HE*N381~SVC*HC:G8431*40*30.52**1~DTM*472*20191223~CAS*CO*45*9.48~REF*6R*CPK2LMBGJM7T~AMT*B6*30.52~LQ*HE*N381~CLP*000100027440*1*90*65.81**MC*2020008029272~NM1*QC*1*HAIGH*ANDREW****MR*H880429~NM1*82*1*GRONEMEYER*LEANNE*R***XX*1659521045~REF*EA*F398B37263AC4BEDACCC5C9DBE5D9FBF~DTM*232*20200102~DTM*233*20200102~SVC*HC:99213*90*65.81**1~DTM*472*20200102~CAS*CO*45*24.19~REF*6R*CPK2FRBNZUV3~AMT*B6*65.81~LQ*HE*N381~CLP*000100027248*1*90*65.81**MC*2020008030023~NM1*QC*1*HELVEY*RYAN*J***MR*N690416~NM1*82*1*KLAKER*JULIE*M***XX*1215134705~REF*EA*99DF1A4A988443B5B38EE787565B4F7B~DTM*232*20191226~DTM*233*20191226~SVC*HC:99213*90*65.81**1~DTM*472*20191226~CAS*CO*45*24.19~REF*6R*CPK2HP0PRE64~AMT*B6*65.81~LQ*HE*N381~CLP*000100027110*1*176*96.46**MC*2020008029581~NM1*QC*1*HERNANDEZ*KANAE*P***MR*G991595~NM1*82*1*LUCAS*PEGGI*S***XX*1366419582~REF*EA*9423A1A63AB74F7CB2D6E9BBF0A97EA6~DTM*232*20191220~DTM*233*20191220~SVC*HC:99393*131*96.46**1~DTM*472*20191220~CAS*CO*45*34.54~REF*6R*CPK2CZDQST6M~AMT*B6*96.46~LQ*HE*N381~SVC*HC:87804*20*0**0**1~DTM*472*20191220~CAS*PI*B7*20~REF*6R*CPK2S3DI2M08~LQ*HE*MA120~LQ*HE*N381~SVC*HC:86308*25*0**0**1~DTM*472*20191220~CAS*PI*B7*25~REF*6R*CPK2PPLATR52~LQ*HE*MA120~LQ*HE*N381~CLP*000100027253*1*134*97.11**MC*2020008029668~NM1*QC*1*HERRERA*JEREMY****MR*E258249~NM1*82*1*KLAKER*JULIE*M***XX*1215134705~REF*EA*976E93C4569345E78D297AC5EA0F6AC0~DTM*232*20191226~DTM*233*20191226~SVC*HC:99214*134*97.11**1~DTM*472*20191226~CAS*CO*45*36.89~REF*6R*CPK240YDYF42~AMT*B6*97.11~LQ*HE*N381~CLP*000100027272*1*90*65.81**MC*2020008029966~NM1*QC*1*HILER*GIOVANNI****MR*G602173~NM1*82*1*CADDALI*ESTRELLA*A***XX*1164974580~REF*EA*E9270F80A3EE461CAC443C18AA517BFE~DTM*232*20191227~DTM*233*20191227~SVC*HC:99213*90*65.81**1~DTM*472*20191227~CAS*CO*45*24.19~REF*6R*CPK2AGCQZ9KT~AMT*B6*65.81~LQ*HE*N381~CLP*000100027239*1*149*105.53**MC*2020008029690~NM1*QC*1*HOWARD*CLAUDIA*M***MR*Y099982~NM1*82*1*SEARLES*DENISE*A***XX*1396971230~REF*EA*A83EDB18839847A9817F347C2A1FFBAE~DTM*232*20191226~DTM*233*20191226~SVC*HC:99214:25*134*97.11**1~DTM*472*20191226~CAS*CO*45*36.89~REF*6R*CPK24HK3GQ9B~AMT*B6*97.11~LQ*HE*N381~SVC*HC:81025*15*8.42**1~DTM*472*20191226~CAS*CO*45*6.58~REF*6R*CPK23OA2DMK4~AMT*B6*8.42~LQ*HE*N381~CLP*000100027052*1*65*55.35**MC*2020008029700~NM1*QC*1*HOWARD*CLAUDIA*M***MR*Y099982~NM1*82*1*LEWIS*HOLLY*G***XX*1295234128~REF*EA*94E0BE72EDE244E4B5B90B751D764416~DTM*232*20191219~DTM*233*20191219~SVC*HC:90832*65*55.35**1~DTM*472*20191219~CAS*CO*45*9.65~REF*6R*CPK2WAXPHSQC~AMT*B6*55.35~LQ*HE*N381~CLP*000100027046*1*391*243.3**MC*2020008029710~NM1*QC*1*HOWARD*CLAUDIA*M***MR*Y099982~NM1*82*1*SEARLES*DENISE*A***XX*1396971230~REF*EA*5421D63976624BF1B21756A848D40870~DTM*232*20191219~DTM*233*20191219~SVC*HC:99205:25*255*186.33**1~DTM*472*20191219~CAS*CO*45*68.67~REF*6R*CPK28FELTA0Y~AMT*B6*186.33~LQ*HE*N381~SVC*HC:99415*45*7.11**1~DTM*472*20191219~CAS*CO*45*37.89~REF*6R*CPK2G5ZNG9ZB~AMT*B6*7.11~LQ*HE*N381~SVC*HC:H0049*36*10.92**1~DTM*472*20191219~CAS*CO*45*25.08~REF*6R*CPK2Q0TATJKI~AMT*B6*10.92~LQ*HE*N381~SVC*HC:G8431*40*30.52**1~DTM*472*20191219~CAS*CO*45*9.48~REF*6R*CPK2RJ1OPTSK~AMT*B6*30.52~LQ*HE*N381~SVC*HC:81025*15*8.42**1~DTM*472*20191219~CAS*CO*45*6.58~REF*6R*CPK26J84IJOK~AMT*B6*8.42~LQ*HE*N381~CLP*000100027233*1*90*65.81**MC*2020008029809~NM1*QC*1*JACKSON*BENJAMIN****MR*O929718~NM1*82*1*CADDALI*ESTRELLA*A***XX*1164974580~REF*EA*2276201FC22748B0BCF967698A5B351C~DTM*232*20191226~DTM*233*20191226~SVC*HC:99213*90*65.81**1~DTM*472*20191226~CAS*CO*45*24.19~REF*6R*CPK28DU2BI5X~AMT*B6*65.81~LQ*HE*N381~CLP*000100027102*1*1986*1298.73**MC*2020008029531~NM1*QC*1*JANES*RACHEL*E***MR*P296378~NM1*82*1*SEARLES*DENISE*A***XX*1396971230~REF*EA*833E5EDA9E924402871CFC703D4DA456~DTM*232*20191220~DTM*233*20191220~SVC*HC:99214:25*134*97.11**1~DTM*472*20191220~CAS*CO*45*36.89~REF*6R*CPK2QWVBUTFO~AMT*B6*97.11~LQ*HE*N381~SVC*HC:96372*32*0**0**1~DTM*472*20191220~CAS*CO*109*32~REF*6R*CPK2WV13J7C6~LQ*HE*N381~SVC*HC:J2315*1805*1193.2**380~DTM*472*20191220~CAS*CO*45*611.8~REF*6R*CPK2HXV8BY9I~AMT*B6*1193.2~LQ*HE*N381~SVC*HC:81025*15*8.42**1~DTM*472*20191220~CAS*CO*45*6.58~REF*6R*CPK280K6QB19~AMT*B6*8.42~LQ*HE*N381~CLP*000100027230*1*125*51.95**MC*2020008030246~NM1*QC*1*JAQUES*AARON****MR*L567079~NM1*82*1*SEARLES*DENISE*A***XX*1396971230~REF*EA*E4ABF1B059114029B10194ED79354E0B~DTM*232*20191226~DTM*233*20191226~SVC*HC:99415*45*7.11**1~DTM*472*20191226~CAS*CO*45*37.89~REF*6R*CPK2C0PMI7LC~AMT*B6*7.11~LQ*HE*N381~SVC*HC:H0049*36*10.92**1~DTM*472*20191226~CAS*CO*45*25.08~REF*6R*CPK2T1G85AUR~AMT*B6*10.92~LQ*HE*N381~SVC*HC:G8431*40*30.52**1~DTM*472*20191226~CAS*CO*45*9.48~REF*6R*CPK2M9RL0GSA~AMT*B6*30.52~LQ*HE*N381~SVC*HC:81002*4*3.4**1~DTM*472*20191226~CAS*CO*45*.6~REF*6R*CPK2F0W4O942~AMT*B6*3.4~LQ*HE*N381~CLP*000100027325*1*134*97.11**MC*2020008029743~NM1*QC*1*JOHNSON*GEORGE*W***MR*O540732~NM1*82*1*GRONEMEYER*LEANNE*R***XX*1659521045~REF*EA*1666171B5E464918AAA862159E3D6CFC~DTM*232*20191230~DTM*233*20191230~SVC*HC:99214*134*97.11**1~DTM*472*20191230~CAS*CO*45*36.89~REF*6R*CPK2B5VPYGC3~AMT*B6*97.11~LQ*HE*N381~CLP*000100027244*1*94*69.21**MC*2020008029911~NM1*QC*1*JOHNSON*NORA****MR*J694925~NM1*82*1*CADDALI*ESTRELLA*A***XX*1164974580~REF*EA*E6F8D2F0B0A9420A8DAA597C0578995B~DTM*232*20191226~DTM*233*20191226~SVC*HC:99213:25*90*65.81**1~DTM*472*20191226~CAS*CO*45*24.19~REF*6R*CPK2USA5JGSJ~AMT*B6*65.81~LQ*HE*N381~SVC*HC:81002*4*3.4**1~DTM*472*20191226~CAS*CO*45*.6~REF*6R*CPK2SREP4XER~AMT*B6*3.4~LQ*HE*N381~CLP*000100027206*1*134*97.11**MC*2020008029927~NM1*QC*1*JOHNSON*NORA****MR*J694925~NM1*82*1*LUCAS*PEGGI*S***XX*1366419582~REF*EA*EF982A56D107484EBE0226126086D493~DTM*232*20191223~DTM*233*20191223~SVC*HC:99214*134*97.11**1~DTM*472*20191223~CAS*CO*45*36.89~REF*6R*CPK28H0RIAPE~AMT*B6*97.11~LQ*HE*N381~CLP*000100027079*1*210*136.55*2*MC*2020008029596~NM1*QC*1*JONES*EDWIN****MR*O753803~NM1*82*1*SEARLES*DENISE*A***XX*1396971230~REF*EA*6E9FEA2606C3419A9E86634D98298DDF~DTM*232*20191219~DTM*233*20191219~SVC*HC:99214:25*134*95.11**1~DTM*472*20191219~CAS*PR*3*2~CAS*CO*45*36.89~REF*6R*CPK2T1M7PADM~AMT*B6*97.11~LQ*HE*N381~LQ*HE*N381~SVC*HC:H0049*36*10.92**1~DTM*472*20191219~CAS*CO*45*25.08~REF*6R*CPK25GA9I6L9~AMT*B6*10.92~LQ*HE*N381~SVC*HC:G8431*40*30.52**1~DTM*472*20191219~CAS*CO*45*9.48~REF*6R*CPK29CQ6PMHI~AMT*B6*30.52~LQ*HE*N381~CLP*000100027081*1*65*55.35**MC*2020009071300~NM1*QC*1*JONES*EDWIN****MR*O753803~NM1*82*1*LEWIS*HOLLY*G***XX*1295234128~REF*EA*3AF5BDCFB15F4790A5367A4E437FDF5E~DTM*232*20191219~DTM*233*20191219~SVC*HC:90832*65*55.35**1~DTM*472*20191219~CAS*CO*45*9.65~REF*6R*CPKUUHKI0RK2~AMT*B6*55.35~LQ*HE*N381~CLP*000100027164*1*204*138.31**MC*2020008030040~NM1*QC*1*LAMBERT*CAROLYN****MR*Y185506~NM1*82*1*GRONEMEYER*LEANNE*R***XX*1659521045~REF*EA*4B687C1509D4408F82F84BFA01C9ECBF~DTM*232*20191223~DTM*233*20191223~SVC*HC:99214:25*134*97.11**1~DTM*472*20191223~CAS*CO*45*36.89~REF*6R*CPK2AP1D8A03~AMT*B6*97.11~LQ*HE*N381~SVC*HC:90471*35*19.46**1~DTM*472*20191223~CAS*CO*45*15.54~REF*6R*CPK2JNX7I0QZ~AMT*B6*19.46~LQ*HE*N381~SVC*HC:90674*35*21.74**1~DTM*472*20191223~CAS*CO*45*13.26~REF*6R*CPK2FK8VCEKH~AMT*B6*21.74~LQ*HE*N381~CLP*000100027273*1*134*95.11*2*MC*2020008029373~NM1*QC*1*LERMA*VERONICA****MR*P119230~NM1*82*1*KLAKER*JULIE*M***XX*1215134705~REF*EA*7083E76399E24DC6AE9D9C4593E9AD4B~DTM*232*20191227~DTM*233*20191227~SVC*HC:99214*134*95.11**1~DTM*472*20191227~CAS*PR*3*2~CAS*CO*45*36.89~REF*6R*CPK2DAWFGAFN~AMT*B6*97.11~LQ*HE*N381~LQ*HE*N381~CLP*000100027226*1*270*154.08**MC*2020009071254~NM1*QC*1*LINDSAY SANDERS*SHABREA*D***MR*Q818873~NM1*74*1*LINDSAYSANDERS~NM1*82*1*KLAKER*JULIE*M***XX*1215134705~REF*EA*36EF9F749C574E598BE55BB6B60DDF47~DTM*232*20191226~DTM*233*20191226~SVC*HC:99214:25*134*97.11**1~DTM*472*20191226~CAS*CO*45*36.89~REF*6R*CPKU1FQVSPM2~AMT*B6*97.11~LQ*HE*N381~SVC*HC:99415*45*7.11**1~DTM*472*20191226~CAS*CO*45*37.89~REF*6R*CPKUPIS6E9IY~AMT*B6*7.11~LQ*HE*N381~SVC*HC:H0049*36*10.92**1~DTM*472*20191226~CAS*CO*45*25.08~REF*6R*CPKUOHOLTIG3~AMT*B6*10.92~LQ*HE*N381~SVC*HC:G8431*40*30.52**1~DTM*472*20191226~CAS*CO*45*9.48~REF*6R*CPKULHTGCRTE~AMT*B6*30.52~LQ*HE*N381~SVC*HC:81025*15*8.42**1~DTM*472*20191226~CAS*CO*45*6.58~REF*6R*CPKUYYP8O7BB~AMT*B6*8.42~LQ*HE*N381~CLP*000100027112*1*210*119.03**MC*2020008029615~NM1*QC*1*LONGORIA*JULIE*A***MR*D395679~NM1*82*1*KLAKER*JULIE*M***XX*1215134705~REF*EA*D391088F98094A28B214FA31E88B4C0B~DTM*232*20191220~DTM*233*20191220~SVC*HC:99214:25*134*97.11**1~DTM*472*20191220~CAS*CO*45*36.89~REF*6R*CPK28V7PDT0J~AMT*B6*97.11~LQ*HE*N381~SVC*HC:H0049*36*10.92**1~DTM*472*20191220~CAS*CO*45*25.08~REF*6R*CPK2HFTBMLWC~AMT*B6*10.92~LQ*HE*N381~SVC*HC:G8510*40*11**1~DTM*472*20191220~CAS*CO*45*29~REF*6R*CPK2CBJ4WUES~AMT*B6*11~LQ*HE*N381~CLP*000100027309*1*134*97.11**MC*2020008029364~NM1*QC*1*LORETO*JOSHUA*R***MR*E192810~NM1*82*1*LUCAS*PEGGI*S***XX*1366419582~REF*EA*CC40B33B55B14F709A11BE97454CDB75~DTM*232*20191227~DTM*233*20191227~SVC*HC:99214*134*97.11**1~DTM*472*20191227~CAS*CO*45*36.89~REF*6R*CPK2QQAT4MS0~AMT*B6*97.11~LQ*HE*N381~CLP*000100027208*1*1971*1290.31**MC*2020008029835~NM1*QC*1*MAES*ERNEST*R***MR*K993029~NM1*82*1*SEARLES*DENISE*A***XX*1396971230~REF*EA*96F09F21B86048F18533230E076899B3~DTM*232*20191226~DTM*233*20191226~SVC*HC:99214:25*134*97.11**1~DTM*472*20191226~CAS*CO*45*36.89~REF*6R*CPK2NVCBKWEQ~AMT*B6*97.11~LQ*HE*N381~SVC*HC:96372*32*0**0**1~DTM*472*20191226~CAS*CO*109*32~REF*6R*CPK26Z0II1VM~LQ*HE*N381~SVC*HC:J2315*1805*1193.2**380~DTM*472*20191226~CAS*CO*45*611.8~REF*6R*CPK2BL6MGWMV~AMT*B6*1193.2~LQ*HE*N381~CLP*000100027058*1*76*41.44**MC*2020008029308~NM1*QC*1*MANLEY*LOUISA****MR*G519318~NM1*82*1*SEARLES*DENISE*A***XX*1396971230~REF*EA*915CF44E6FEF448CAE055C2CA18E7C7E~DTM*232*20191219~DTM*233*20191219~SVC*HC:H0049*36*10.92**1~DTM*472*20191219~CAS*CO*45*25.08~REF*6R*CPK26J7W8VAH~AMT*B6*10.92~LQ*HE*N381~SVC*HC:G8431*40*30.52**1~DTM*472*20191219~CAS*CO*45*9.48~REF*6R*CPK2VXZCSD7I~AMT*B6*30.52~LQ*HE*N381~CLP*000100027058*1*221*95.43*2*MC*2020009071276~NM1*QC*1*MANLEY*LOUISA****MR*G519318~NM1*82*1*SEARLES*DENISE*A***XX*1396971230~REF*EA*034BD3AB1F18428A9827C155E38221B7~DTM*232*20191219~DTM*233*20191219~SVC*HC:99203:25*145*95.43**1~DTM*472*20191219~CAS*PR*3*2~CAS*CO*45*47.57~REF*6R*CPKUD6PI74BB~AMT*B6*97.43~LQ*HE*N381~LQ*HE*N381~SVC*HC:H0049*36*0**0**1~DTM*472*20191219~CAS*PI*16*36~REF*6R*CPKUR51KEVZ9~LQ*HE*N56~LQ*HE*N381~SVC*HC:G8431*40*0**0**1~DTM*472*20191219~CAS*PI*16*40~REF*6R*CPKU4JZYGEWF~LQ*HE*N56~LQ*HE*N381~CLP*000100027196*1*134*97.11**MC*2020008029766~NM1*QC*1*MARQUEZ*JON****MR*S249531~NM1*82*1*LUCAS*PEGGI*S***XX*1366419582~REF*EA*BC9A93CCD4FB495B83EB161C6DFF4863~DTM*232*20191223~DTM*233*20191223~SVC*HC:99214*134*97.11**1~DTM*472*20191223~CAS*CO*45*36.89~REF*6R*CPK20GQ2HOHY~AMT*B6*97.11~LQ*HE*N381~CLP*000100027344*1*90*65.81**MC*2020008029778~NM1*QC*1*MARQUEZ*JON****MR*S249531~NM1*82*1*LUCAS*PEGGI*S***XX*1366419582~REF*EA*F47E1377CF3C4D6C9569ABBB38CB5EAE~DTM*232*20191230~DTM*233*20191230~SVC*HC:99213*90*65.81**1~DTM*472*20191230~CAS*CO*45*24.19~REF*6R*CPK2PV0NUXUT~AMT*B6*65.81~LQ*HE*N381~CLP*000100027436*1*134*97.11**MC*2020008029502~NM1*QC*1*MARTIN*SABRINA*L***MR*Y030235~NM1*82*1*KLAKER*JULIE*M***XX*1215134705~REF*EA*5ADF2F424394462C8F552B91448A8384~DTM*232*20200102~DTM*233*20200102~SVC*HC:99214*134*97.11**1~DTM*472*20200102~CAS*CO*45*36.89~REF*6R*CPK2705Z4TBT~AMT*B6*97.11~LQ*HE*N381~CLP*000100027256*1*134*97.11**MC*2020008029514~NM1*QC*1*MARTIN*SABRINA*L***MR*Y030235~NM1*82*1*KLAKER*JULIE*M***XX*1215134705~REF*EA*4B8AD30B540A4F1C929A9456D0A86D9B~DTM*232*20191226~DTM*233*20191226~SVC*HC:99214*134*97.11**1~DTM*472*20191226~CAS*CO*45*36.89~REF*6R*CPK2PUNKRLF9~AMT*B6*97.11~LQ*HE*N381~CLP*000100026609*1*90*65.81**MC*2020008029524~NM1*QC*1*MARTIN*SABRINA*L***MR*Y030235~NM1*82*1*GRONEMEYER*LEANNE*R***XX*1659521045~REF*EA*E49B36492E3B46C7951A9AFE81C6F6AF~DTM*232*20191211~DTM*233*20191211~SVC*HC:99213*90*65.81**1~DTM*472*20191211~CAS*CO*45*24.19~REF*6R*CPK2LTQDXCMC~AMT*B6*65.81~LQ*HE*N381~CLP*000100027435*1*134*97.11**MC*2020008030081~NM1*QC*1*MAURO*RONDA*L***MR*U480140~NM1*82*1*KLAKER*JULIE*M***XX*1215134705~REF*EA*69DB9124969344FBB41FC0244BB04A77~DTM*232*20200102~DTM*233*20200102~SVC*HC:99214*134*97.11**1~DTM*472*20200102~CAS*CO*45*36.89~REF*6R*CPK2VKRZEDS5~AMT*B6*97.11~LQ*HE*N381~CLP*000100027240*1*134*97.11**MC*2020008030100~NM1*QC*1*MAURO*RONDA*L***MR*U480140~NM1*82*1*KLAKER*JULIE*M***XX*1215134705~REF*EA*E32B1389BFC149588923674DCF32D65F~DTM*232*20191226~DTM*233*20191226~SVC*HC:99214*134*97.11**1~DTM*472*20191226~CAS*CO*45*36.89~REF*6R*CPK2KZPHF5ZW~AMT*B6*97.11~LQ*HE*N381~CLP*000100027410*1*134*97.11**MC*2020008030388~NM1*QC*1*MAZUREK*DIANE****MR*P687663~NM1*82*1*LUCAS*PEGGI*S***XX*1366419582~REF*EA*F2CEB42B14BD441F915CDB6F779F419A~DTM*232*20191230~DTM*233*20191230~SVC*HC:99214*134*97.11**1~DTM*472*20191230~CAS*CO*45*36.89~REF*6R*CPK2JCFJOR2K~AMT*B6*97.11~LQ*HE*N381~CLP*000100027204*1*134*97.11**MC*2020008030404~NM1*QC*1*MAZUREK*DIANE****MR*P687663~NM1*82*1*LUCAS*PEGGI*S***XX*1366419582~REF*EA*BC67C7D76E6546E4A9635D73B4B4D6B4~DTM*232*20191223~DTM*233*20191223~SVC*HC:99214*134*97.11**1~DTM*472*20191223~CAS*CO*45*36.89~REF*6R*CPK2SIOWNSNI~AMT*B6*97.11~LQ*HE*N381~CLP*000100027246*1*134*97.11**MC*2020008030358~NM1*QC*1*MEDINA*TAMMY*A***MR*F616296~NM1*82*1*SEARLES*DENISE*A***XX*1396971230~REF*EA*51E84DDFC8F64483AD7FF007A07C8D31~DTM*232*20191226~DTM*233*20191226~SVC*HC:99214*134*97.11**1~DTM*472*20191226~CAS*CO*45*36.89~REF*6R*CPK24VHJICWH~AMT*B6*97.11~LQ*HE*N381~CLP*000100027008*1*134*95.11*2*MC*2020008030032~NM1*QC*1*MOORE*ALEXANDRIA****MR*S311539~NM1*82*1*GRONEMEYER*LEANNE*R***XX*1659521045~REF*EA*59D3CCD75F214910AC4AE17E7892EEB0~DTM*232*20191218~DTM*233*20191218~SVC*HC:99214*134*95.11**1~DTM*472*20191218~CAS*PR*3*2~CAS*CO*45*36.89~REF*6R*CPK2AOCEOYMX~AMT*B6*97.11~LQ*HE*N381~LQ*HE*N381~CLP*000100027103*1*221*136.87*2*MC*2020008030110~NM1*QC*1*MOSS*JEREMY****MR*L880571~NM1*82*1*CADDALI*ESTRELLA*A***XX*1164974580~REF*EA*96FA2760E87B42499AF9B67C9200623F~DTM*232*20191220~DTM*233*20191220~SVC*HC:99203:25*145*95.43**1~DTM*472*20191220~CAS*PR*3*2~CAS*CO*45*47.57~REF*6R*CPK2X7QFX5R8~AMT*B6*97.43~LQ*HE*N381~LQ*HE*N381~SVC*HC:H0049*36*10.92**1~DTM*472*20191220~CAS*CO*45*25.08~REF*6R*CPK29TGUMI1C~AMT*B6*10.92~LQ*HE*N381~SVC*HC:G8431*40*30.52**1~DTM*472*20191220~CAS*CO*45*9.48~REF*6R*CPK2INU3THLS~AMT*B6*30.52~LQ*HE*N381~CLP*000100027406*1*134*97.11**MC*2020008029974~NM1*QC*1*OSWALD*MELISSA*M***MR*V510457~NM1*82*1*GRONEMEYER*LEANNE*R***XX*1659521045~REF*EA*4523606DADC44DC8BCC0E8102F157958~DTM*232*20191230~DTM*233*20191230~SVC*HC:99214*134*97.11**1~DTM*472*20191230~CAS*CO*45*36.89~REF*6R*CPK21IV6OF1B~AMT*B6*97.11~LQ*HE*N381~CLP*000100027266*1*134*97.11**MC*2020008029463~NM1*QC*1*PACHECO*JOSEPH*L***MR*P778684~NM1*82*1*SEARLES*DENISE*A***XX*1396971230~REF*EA*E8D95F98551B4AE6B7042760D39B0185~DTM*232*20191226~DTM*233*20191226~SVC*HC:99214*134*97.11**1~DTM*472*20191226~CAS*CO*45*36.89~REF*6R*CPK2DVCIPQN1~AMT*B6*97.11~LQ*HE*N381~CLP*000100027236*1*149*105.53**MC*2020008029624~NM1*QC*1*QUINTANA*DANIELLE*A***MR*N559116~NM1*82*1*SEARLES*DENISE*A***XX*1396971230~REF*EA*B231D5D2000348FAB7734FB4145C52A5~DTM*232*20191226~DTM*233*20191226~SVC*HC:99214:25*134*97.11**1~DTM*472*20191226~CAS*CO*45*36.89~REF*6R*CPK28146XBSF~AMT*B6*97.11~LQ*HE*N381~SVC*HC:81025*15*8.42**1~DTM*472*20191226~CAS*CO*45*6.58~REF*6R*CPK24C8AVQ5H~AMT*B6*8.42~LQ*HE*N381~CLP*000100027356*1*180*129.99**MC*2020008029725~NM1*QC*1*RAMIREZ*JAVIER****MR*F684344~NM1*82*1*LUCAS*PEGGI*S***XX*1366419582~REF*EA*A1E9E3734F3244A6B3E8CBC0AC3B5B10~DTM*232*20191230~DTM*233*20191230~SVC*HC:99215*180*129.99**1~DTM*472*20191230~CAS*CO*45*50.01~REF*6R*CPK26479OVQA~AMT*B6*129.99~LQ*HE*N381~CLP*000100027399*1*90*65.81**MC*2020008030123~NM1*QC*1*RATHBUN*AARON*W***MR*P304001~NM1*82*1*LUCAS*PEGGI*S***XX*1366419582~REF*EA*0069533C0F574BEFA54C9ED41040AC0A~DTM*232*20191230~DTM*233*20191230~SVC*HC:99213*90*65.81**1~DTM*472*20191230~CAS*CO*45*24.19~REF*6R*CPK2ZH19WC3J~AMT*B6*65.81~LQ*HE*N381~CLP*000100027187*1*134*97.11**MC*2020008030137~NM1*QC*1*RATHBUN*AARON*W***MR*P304001~NM1*82*1*LUCAS*PEGGI*S***XX*1366419582~REF*EA*909597287FF74A109E2D86C8EBA54C9F~DTM*232*20191223~DTM*233*20191223~SVC*HC:99214*134*97.11**1~DTM*472*20191223~CAS*CO*45*36.89~REF*6R*CPK21ZLYVWMD~AMT*B6*97.11~LQ*HE*N381~CLP*000100027311*1*90*65.81**MC*2020008029933~NM1*QC*1*RATLIFF*MICHAEL*J***MR*J168128~NM1*82*1*CADDALI*ESTRELLA*A***XX*1164974580~REF*EA*1AD1F71B72E44557BADFF0A3B01EE12C~DTM*232*20191227~DTM*233*20191227~SVC*HC:99213*90*65.81**1~DTM*472*20191227~CAS*CO*45*24.19~REF*6R*CPK2CYX2G0KX~AMT*B6*65.81~LQ*HE*N381~CLP*000100027376*1*134*95.11*2*MC*2020008029732~NM1*QC*1*CANALES*PAULETTE****MR*O413200~NM1*74*1*REDDING CANALES**D~NM1*82*1*GRONEMEYER*LEANNE*R***XX*1659521045~REF*EA*2E04A06465624F9B90ECAE2134E1566A~DTM*232*20191230~DTM*233*20191230~SVC*HC:99214*134*95.11**1~DTM*472*20191230~CAS*PR*3*2~CAS*CO*45*36.89~REF*6R*CPK23USCM71X~AMT*B6*97.11~LQ*HE*N381~LQ*HE*N381~CLP*000100027417*1*134*97.11**MC*2020008030276~NM1*QC*1*ROLES*BATES*E***MR*P378060~NM1*82*1*GRONEMEYER*LEANNE*R***XX*1659521045~REF*EA*5BDBEB9D18374357BEAE07C42B72C862~DTM*232*20191230~DTM*233*20191230~SVC*HC:99214*134*97.11**1~DTM*472*20191230~CAS*CO*45*36.89~REF*6R*CPK2G0C89QY4~AMT*B6*97.11~LQ*HE*N381~CLP*000100027054*1*134*97.11**MC*2020008029436~NM1*QC*1*ROMERO*MARGARITO*L***MR*I929050~NM1*82*1*CADDALI*ESTRELLA*A***XX*1164974580~REF*EA*583750CD962A44469B4B188088E35E7F~DTM*232*20191219~DTM*233*20191219~SVC*HC:99214*134*97.11**1~DTM*472*20191219~CAS*CO*45*36.89~REF*6R*CPK2J9L4TMLI~AMT*B6*97.11~LQ*HE*N381~CLP*000100027317*1*134*97.11**MC*2020008029333~NM1*QC*1*ROYBAL*CELESTINA*A***MR*I238627~NM1*82*1*LUCAS*PEGGI*S***XX*1366419582~REF*EA*9E0114B7D76840108C677AE94AE08144~DTM*232*20191227~DTM*233*20191227~SVC*HC:99214*134*97.11**1~DTM*472*20191227~CAS*CO*45*36.89~REF*6R*CPK2CEMLB7U9~AMT*B6*97.11~LQ*HE*N381~CLP*000100027391*1*90*65.81**MC*2020008030148~NM1*QC*1*SAIS*MICHAEL*E***MR*N765754~NM1*82*1*LUCAS*PEGGI*S***XX*1366419582~REF*EA*DC79A22BFF094F80BD376E1B0B0DAC94~DTM*232*20191230~DTM*233*20191230~SVC*HC:99213*90*65.81**1~DTM*472*20191230~CAS*CO*45*24.19~REF*6R*CPK2QW9BW286~AMT*B6*65.81~LQ*HE*N381~CLP*000100026446*1*134*97.11**MC*2020008030167~NM1*QC*1*SAIS*MICHAEL*E***MR*N765754~NM1*82*1*LUCAS*PEGGI*S***XX*1366419582~REF*EA*D318058E7B604BB2A61B699D1FCE4D59~DTM*232*20191209~DTM*233*20191209~SVC*HC:99214*134*97.11**1~DTM*472*20191209~CAS*CO*45*36.89~REF*6R*CPK2EOHFT1H8~AMT*B6*97.11~LQ*HE*N381~CLP*000100027113*1*149*105.53**MC*2020008029673~NM1*QC*1*SALAZAR*FELICIA*H***MR*G554326~NM1*82*1*KLAKER*JULIE*M***XX*1215134705~REF*EA*FAFA10B0D5DE436A85A6D689E2E97FD8~DTM*232*20191220~DTM*233*20191220~SVC*HC:99214:25*134*97.11**1~DTM*472*20191220~CAS*CO*45*36.89~REF*6R*CPK2UNJQ5J9T~AMT*B6*97.11~LQ*HE*N381~SVC*HC:81025*15*8.42**1~DTM*472*20191220~CAS*CO*45*6.58~REF*6R*CPK2MA1BNZLN~AMT*B6*8.42~LQ*HE*N381~CLP*000100027285*1*134*97.11**MC*2020008029989~NM1*QC*1*SALAZAR*TAZIO****MR*N789226~NM1*82*1*LUCAS*PEGGI*S***XX*1366419582~REF*EA*74B810EDC2A2479BAEFF37E8AFD82A5C~DTM*232*20191227~DTM*233*20191227~SVC*HC:99214*134*97.11**1~DTM*472*20191227~CAS*CO*45*36.89~REF*6R*CPK27PV3SEIZ~AMT*B6*97.11~LQ*HE*N381~CLP*000100027193*1*134*97.11**MC*2020008029344~NM1*QC*1*SCHUDAR*JOHN*R***MR*Y988342~NM1*82*1*LUCAS*PEGGI*S***XX*1366419582~REF*EA*9AD0A654DC49481782FEA90ED74D1245~DTM*232*20191223~DTM*233*20191223~SVC*HC:99214*134*97.11**1~DTM*472*20191223~CAS*CO*45*36.89~REF*6R*CPK2E0ZZ8DXJ~AMT*B6*97.11~LQ*HE*N381~CLP*000100027343*1*134*97.11**MC*2020008029356~NM1*QC*1*SCHUDAR*JOHN*R***MR*Y988342~NM1*82*1*LUCAS*PEGGI*S***XX*1366419582~REF*EA*A513C42D04954C389CAFAB1D5228DDF4~DTM*232*20191230~DTM*233*20191230~SVC*HC:99214*134*97.11**1~DTM*472*20191230~CAS*CO*45*36.89~REF*6R*CPK2K80GXA7C~AMT*B6*97.11~LQ*HE*N381~CLP*000100027059*1*221*119.35**MC*2020008029984~NM1*QC*1*SMITH*AUSTIN*G***MR*W376734~NM1*82*1*CADDALI*ESTRELLA*A***XX*1164974580~REF*EA*FAF60065DD8042A1AAC169E766F678F4~DTM*232*20191219~DTM*233*20191219~SVC*HC:99203:25*145*97.43**1~DTM*472*20191219~CAS*CO*45*47.57~REF*6R*CPK2UOFCU0HO~AMT*B6*97.43~LQ*HE*N381~SVC*HC:H0049*36*10.92**1~DTM*472*20191219~CAS*CO*45*25.08~REF*6R*CPK2MMTQRXAW~AMT*B6*10.92~LQ*HE*N381~SVC*HC:G8510*40*11**1~DTM*472*20191219~CAS*CO*45*29~REF*6R*CPK2KXVT6TMC~AMT*B6*11~LQ*HE*N381~CLP*000100027170*1*149*105.53**MC*2020008029657~NM1*QC*1*TANKSLEY*DAYSHA*A***MR*O203621~NM1*82*1*LUCAS*PEGGI*S***XX*1366419582~REF*EA*C1FB74F6A3DB4AFB84E4FC8C5E6991F1~DTM*232*20191223~DTM*233*20191223~SVC*HC:99214:25*134*97.11**1~DTM*472*20191223~CAS*CO*45*36.89~REF*6R*CPK2OETA4PU1~AMT*B6*97.11~LQ*HE*N381~SVC*HC:81025*15*8.42**1~DTM*472*20191223~CAS*CO*45*6.58~REF*6R*CPK2PTVAWINR~AMT*B6*8.42~LQ*HE*N381~CLP*000100027078*1*166*87.73**MC*2020008030184~NM1*QC*1*THUETT*DANESSA****MR*Y097559~NM1*82*1*CADDALI*ESTRELLA*A***XX*1164974580~REF*EA*C661EE0EEED049AE90EE08025F20DC37~DTM*232*20191219~DTM*233*20191219~SVC*HC:99213:25*90*65.81**1~DTM*472*20191219~CAS*CO*45*24.19~REF*6R*CPK2BG74JHYU~AMT*B6*65.81~LQ*HE*N381~SVC*HC:H0049*36*10.92**1~DTM*472*20191219~CAS*CO*45*25.08~REF*6R*CPK2AOZ1FL2D~AMT*B6*10.92~LQ*HE*N381~SVC*HC:G8510*40*11**1~DTM*472*20191219~CAS*CO*45*29~REF*6R*CPK2EDX650ZC~AMT*B6*11~LQ*HE*N381~CLP*000100022544*1*304*196.84**MC*2020009071308~NM1*QC*1*TOMLINSON*SEAN*B***MR*O382609~NM1*82*1*SEARLES*DENISE*A***XX*1396971230~REF*EA*29D62E43B1874B1693E19E7283AEC151~DTM*232*20190919~DTM*233*20190919~SVC*HC:99205:25*255*186.33**1~DTM*472*20190919~CAS*CO*45*68.67~REF*6R*CPKUOASHR2SA~AMT*B6*186.33~LQ*HE*N381~SVC*HC:99415*45*7.11**1~DTM*472*20190919~CAS*CO*45*37.89~REF*6R*CPKUN2LX0TOW~AMT*B6*7.11~LQ*HE*N381~SVC*HC:81002*4*3.4**1~DTM*472*20190919~CAS*CO*45*.6~REF*6R*CPKUV0NP69PD~AMT*B6*3.4~LQ*HE*N381~CLP*000100023762*1*2135*1375.22**MC*2020009071302~NM1*QC*1*URIE*NATHAN*J***MR*Y183401~NM1*82*1*GRONEMEYER*LEANNE*R***XX*1659521045~REF*EA*F62FCE628AE84BE1A6CE40FBE496C40C~DTM*232*20191016~DTM*233*20191016~SVC*HC:99204:25*205*149.59**1~DTM*472*20191016~CAS*CO*45*55.41~REF*6R*CPKUEG9WQ2XI~AMT*B6*149.59~LQ*HE*N381~SVC*HC:J2315*1805*1193.2**380~DTM*472*20191016~CAS*CO*45*611.8~REF*6R*CPKUJ4VJAK97~AMT*B6*1193.2~LQ*HE*N381~SVC*HC:H0049*36*10.92**1~DTM*472*20191016~CAS*CO*45*25.08~REF*6R*CPKUYCP4I9P6~AMT*B6*10.92~LQ*HE*N381~SVC*HC:G8510*40*11**1~DTM*472*20191016~CAS*CO*45*29~REF*6R*CPKUGBIYSVWZ~AMT*B6*11~LQ*HE*N381~SVC*HC:99415*45*7.11**1~DTM*472*20191016~CAS*CO*45*37.89~REF*6R*CPKUCB726L1O~AMT*B6*7.11~LQ*HE*N381~SVC*HC:81002*4*3.4**1~DTM*472*20191016~CAS*CO*45*.6~REF*6R*CPKUHW3PWODF~AMT*B6*3.4~LQ*HE*N381~CLP*000100025132*1*1927*1259.01**MC*2020009071304~NM1*QC*1*URIE*NATHAN*J***MR*Y183401~NM1*82*1*KLAKER*JULIE*M***XX*1215134705~REF*EA*716691B314554E9697C3FD719D181B2F~DTM*232*20191113~DTM*233*20191113~SVC*HC:99213:25*90*65.81**1~DTM*472*20191113~CAS*CO*45*24.19~REF*6R*CPKU5APUUW2R~AMT*B6*65.81~LQ*HE*N381~SVC*HC:96372*32*0**0**1~DTM*472*20191113~CAS*CO*109*32~REF*6R*CPKUDUA27WEQ~LQ*HE*N381~SVC*HC:J2315*1805*1193.2**380~DTM*472*20191113~CAS*CO*45*611.8~REF*6R*CPKUXNUEPDL4~AMT*B6*1193.2~LQ*HE*N381~CLP*000100027068*1*149*105.53**MC*2020008029232~NM1*QC*1*VARGAS*ERIKA*A***MR*L114609~NM1*82*1*KLAKER*JULIE*M***XX*1215134705~REF*EA*3C8519237C364FD481349FECEE91E64A~DTM*232*20191219~DTM*233*20191219~SVC*HC:99214:25*134*97.11**1~DTM*472*20191219~CAS*CO*45*36.89~REF*6R*CPK237V5SCHT~AMT*B6*97.11~LQ*HE*N381~SVC*HC:81025*15*8.42**1~DTM*472*20191219~CAS*CO*45*6.58~REF*6R*CPK2SIN466VV~AMT*B6*8.42~LQ*HE*N381~CLP*000100027089*1*204*138.31**MC*2020008030068~NM1*QC*1*VIGIL*ORLANDO****MR*I707001~NM1*82*1*LUCAS*PEGGI*S***XX*1366419582~REF*EA*585187F41D1F416EA77EA56C2A29A9CF~DTM*232*20191220~DTM*233*20191220~SVC*HC:99214:25*134*97.11**1~DTM*472*20191220~CAS*CO*45*36.89~REF*6R*CPK2C4LA3EEJ~AMT*B6*97.11~LQ*HE*N381~SVC*HC:90471*35*19.46**1~DTM*472*20191220~CAS*CO*45*15.54~REF*6R*CPK2ILFFIS4H~AMT*B6*19.46~LQ*HE*N381~SVC*HC:90674*35*21.74**1~DTM*472*20191220~CAS*CO*45*13.26~REF*6R*CPK2CS1PCTSU~AMT*B6*21.74~LQ*HE*N381~CLP*000100027420*1*134*97.11**MC*2020008029750~NM1*QC*1*VILLASENOR*MIQUEILA*C***MR*K174349~NM1*82*1*LUCAS*PEGGI*S***XX*1366419582~REF*EA*5189C4F888F94B4E9DE5260B06556AAC~DTM*232*20191230~DTM*233*20191230~SVC*HC:99214*134*97.11**1~DTM*472*20191230~CAS*CO*45*36.89~REF*6R*CPK2FI2M1BJH~AMT*B6*97.11~LQ*HE*N381~CLP*000100027234*1*380*238.28**MC*2020008029950~NM1*QC*1*VOBACH*PAUL****MR*P235680~NM1*82*1*GRONEMEYER*LEANNE*R***XX*1659521045~REF*EA*15C5E08FB9B64391BF74D549A9E425A6~DTM*232*20191226~DTM*233*20191226~SVC*HC:99205:25*255*186.33**1~DTM*472*20191226~CAS*CO*45*68.67~REF*6R*CPK2BJ7NIAEN~AMT*B6*186.33~LQ*HE*N381~SVC*HC:99415*45*7.11**1~DTM*472*20191226~CAS*CO*45*37.89~REF*6R*CPK2RFAWPOR0~AMT*B6*7.11~LQ*HE*N381~SVC*HC:H0049*36*10.92**1~DTM*472*20191226~CAS*CO*45*25.08~REF*6R*CPK2NELIQN8V~AMT*B6*10.92~LQ*HE*N381~SVC*HC:G8431*40*30.52**1~DTM*472*20191226~CAS*CO*45*9.48~REF*6R*CPK2AATDY9JR~AMT*B6*30.52~LQ*HE*N381~SVC*HC:81002*4*3.4**1~DTM*472*20191226~CAS*CO*45*.6~REF*6R*CPK2FWVL7CQK~AMT*B6*3.4~LQ*HE*N381~CLP*000100027336*1*149*105.53**MC*2020008029855~NM1*QC*1*WINEGARD*ERIN*E***MR*U514872~NM1*82*1*LUCAS*PEGGI*S***XX*1366419582~REF*EA*157ECCF1FE3F4A62B81E270633556CEB~DTM*232*20191230~DTM*233*20191230~SVC*HC:99214:25*134*97.11**1~DTM*472*20191230~CAS*CO*45*36.89~REF*6R*CPK2M71APAO0~AMT*B6*97.11~LQ*HE*N381~SVC*HC:81025*15*8.42**1~DTM*472*20191230~CAS*CO*45*6.58~REF*6R*CPK2CLI5DHS8~AMT*B6*8.42~LQ*HE*N381~CLP*000100027156*1*149*105.53**MC*2020008029862~NM1*QC*1*WINEGARD*ERIN*E***MR*U514872~NM1*82*1*LUCAS*PEGGI*S***XX*1366419582~REF*EA*59D67F1A52054B6782E9B4CB66A3AF59~DTM*232*20191223~DTM*233*20191223~SVC*HC:99214:25*134*97.11**1~DTM*472*20191223~CAS*CO*45*36.89~REF*6R*CPK2GRXIIXGA~AMT*B6*97.11~LQ*HE*N381~SVC*HC:81025*15*8.42**1~DTM*472*20191223~CAS*CO*45*6.58~REF*6R*CPK2B5E9ASC4~AMT*B6*8.42~LQ*HE*N381~CLP*000100027209*1*105*72.23*2*MC*2020008029546~NM1*QC*1*ARMSTRONG YOUNGBLOOD*CASSIDY****MR*Y096253~NM1*74*1*YOUNGBLOOD**R~NM1*82*1*KLAKER*JULIE*M***XX*1215134705~REF*EA*DC1554D9D89D4520A37826BD682975DF~DTM*232*20191226~DTM*233*20191226~SVC*HC:99213:25*90*63.81**1~DTM*472*20191226~CAS*PR*3*2~CAS*CO*45*24.19~REF*6R*CPK2FI74WECW~AMT*B6*65.81~LQ*HE*N381~LQ*HE*N381~SVC*HC:81025*15*8.42**1~DTM*472*20191226~CAS*CO*45*6.58~REF*6R*CPK2FFE3UNUS~AMT*B6*8.42~LQ*HE*N381~CLP*000100027341*1*90*65.81**MC*2020008030213~NM1*QC*1*ZUPANCIC*CARLOS*A***MR*K226313~NM1*82*1*LUCAS*PEGGI*S***XX*1366419582~REF*EA*712D54782D264FABAED18EA7A857DC09~DTM*232*20191230~DTM*233*20191230~SVC*HC:99213*90*65.81**1~DTM*472*20191230~CAS*CO*45*24.19~REF*6R*CPK2YVE2C111~AMT*B6*65.81~LQ*HE*N381~CLP*000100027278*1*134*97.11**MC*2020008030227~NM1*QC*1*ZUPANCIC*CARLOS*A***MR*K226313~NM1*82*1*KLAKER*JULIE*M***XX*1215134705~REF*EA*FF4FE4A0085447DABF52FB2D918C049C~DTM*232*20191227~DTM*233*20191227~SVC*HC:99214*134*97.11**1~DTM*472*20191227~CAS*CO*45*36.89~REF*6R*CPK2UCU0KRPE~AMT*B6*97.11~LQ*HE*N381~CLP*000100025481*4*180*0**MC*2020008029250~NM1*QC*1*SANCHEZ*CANDACE****MR*W730153~NM1*82*1*GRONEMEYER*LEANNE*R***XX*1659521045~REF*EA*DA6BFB4BB2C24E02BAFEAD2930D48B7F~DTM*232*20191120~DTM*233*20191120~SVC*HC:99215*180*0**0**1~DTM*472*20191120~CAS*PI*16*180~REF*6R*CPK2JILC0GZ3~LQ*HE*N30~LQ*HE*MA92~LQ*HE*MA92~SE*2548*000010013~GE*1*100005720~IEA*1*100005720~