ISA*00*          *00*          *ZZ*COMEDASSISTPROG*ZZ*6769489        *191230*0225*^*00501*300021639*0*P*:~GS*HP*COMEDASSISTPROG*6769489*20191230*022555*300021639*X*005010X221A1~ST*835*000010013~BPR*I*6788.7*C*ACH*CCP*01*075911603*DA*00000004556640373*1811725341**01*102000076*DA*2838835219*20191230~TRN*1*000854858*1811725341~REF*EV*1508250911~DTM*405*20191227~N1*PR*CO_TXIX*XV*7912900843~N3*P.O. BOX 30~N4*DENVER*CO*80201~PER*CX*MEDICAID PROVIDER SERVICES*TE*8442352387~PER*BL*MEDICAID PROVIDER SERVICES*TE*8442352387~N1*PE*HEALTH SOLUTIONS MED CENTER*XX*1508250911~REF*TJ*841158933~LX*1~CLP*000100023167*2*2137*264.75**MC*2019360040999~NM1*QC*1*BARNELL*SHANNA****MR*R948166~NM1*82*1*SEARLES*DENISE*A***XX*1396971230~REF*EA*82ECF8EDFE6140238CBC7FEB31FF8D45~DTM*232*20191003~DTM*233*20191003~SVC*HC:99205:25*255*35.99**1~DTM*472*20191003~CAS*CO*45*219.01~REF*6R*CPOHD1V8PCMP~AMT*B6*35.99~LQ*HE*N381~LQ*HE*N381~SVC*HC:99415*45*0**1~DTM*472*20191003~CAS*CO*45*37.89~CAS*OA*23*7.11~REF*6R*CPOHYVWSSX9V~LQ*HE*N381~LQ*HE*N381~SVC*HC:96372*32*2.91**1~DTM*472*20191003~CAS*CO*45*29.09~REF*6R*CPOHNJUKEY4R~AMT*B6*2.91~LQ*HE*N381~LQ*HE*N381~SVC*HC:J2315*1805*225.85**380~DTM*472*20191003~CAS*CO*45*1579.15~REF*6R*CPOHNC2MUMOQ~AMT*B6*225.85~LQ*HE*N381~LQ*HE*N381~CLP*22611*4*311*0**MC*2219357001911~NM1*QC*1*GARZA*PATRICIA*M***MR*Y090236~DTM*232*20190920~DTM*233*20190920~SVC*HC:99205:25*255*0**0**1~DTM*472*20190920~CAS*PI*96*255~REF*HPI*1538435698~LQ*HE*N56~SVC*HC:96127*8*0**0**1~DTM*472*20190920~CAS*PI*96*8~REF*HPI*1538435698~LQ*HE*N56~SVC*HC:99408*44*0**0**1~DTM*472*20190920~CAS*PI*96*44~REF*HPI*1538435698~LQ*HE*N56~SVC*HC:81002*4*0**0**1~DTM*472*20190920~CAS*PI*96*4~REF*HPI*1538435698~LQ*HE*N56~CLP*000100026674*1*134*97.11**MC*2019360041393~NM1*QC*1*AMES*STACY*L***MR*K978061~NM1*82*1*CADDALI*ESTRELLA*A***XX*1164974580~REF*EA*DD28545A9DD14D40BC9E0A8A7A90B928~DTM*232*20191212~DTM*233*20191212~SVC*HC:99214*134*97.11**1~DTM*472*20191212~CAS*CO*45*36.89~REF*6R*CPOHUMBIJ8HE~AMT*B6*97.11~LQ*HE*N381~CLP*000100026799*1*204*138.31**MC*2019360041386~NM1*QC*1*BAKER*LORI****MR*O807456~NM1*82*1*GRONEMEYER*LEANNE*R***XX*1659521045~REF*EA*750476D6B4364E84A757B240DA47BFC5~DTM*232*20191216~DTM*233*20191216~SVC*HC:99214:25*134*97.11**1~DTM*472*20191216~CAS*CO*45*36.89~REF*6R*CPOHQS085HIJ~AMT*B6*97.11~LQ*HE*N381~SVC*HC:90471*35*19.46**1~DTM*472*20191216~CAS*CO*45*15.54~REF*6R*CPOHQF0HHFAD~AMT*B6*19.46~LQ*HE*N381~SVC*HC:90674*35*21.74**1~DTM*472*20191216~CAS*CO*45*13.26~REF*6R*CPOHWGV278IV~AMT*B6*21.74~LQ*HE*N381~CLP*000100026754*1*134*97.11**MC*2019360041196~NM1*QC*1*BARELA*JOSEPH****MR*D521993~NM1*82*1*CADDALI*ESTRELLA*A***XX*1164974580~REF*EA*8EDAA4B4601C496A9F87BE1CF2C5F032~DTM*232*20191213~DTM*233*20191213~SVC*HC:99214*134*97.11**1~DTM*472*20191213~CAS*CO*45*36.89~REF*6R*CPOHQBDXBQFR~AMT*B6*97.11~LQ*HE*N381~CLP*000100026843*1*134*97.11**MC*2019360041261~NM1*QC*1*CASACK*JACOB****MR*Y190717~NM1*82*1*LUCAS*PEGGI*S***XX*1366419582~REF*EA*B8828E864B6A43A9934E8B7B780E1F72~DTM*232*20191217~DTM*233*20191217~SVC*HC:99214*134*97.11**1~DTM*472*20191217~CAS*CO*45*36.89~REF*6R*CPOH8GGBNBQD~AMT*B6*97.11~LQ*HE*N381~CLP*000100026809*1*251*156.38**MC*2019360041125~NM1*QC*1*CHAVEZ*NATALIE*J***MR*Q822065~NM1*82*1*GRONEMEYER*LEANNE*R***XX*1659521045~REF*EA*D8E7C6FD01E0420983BC4B342721118C~DTM*232*20191216~DTM*233*20191216~SVC*HC:99396:25*175*114.94**1~DTM*472*20191216~CAS*CO*45*60.06~REF*6R*CPOHVXUAZUTH~AMT*B6*114.94~LQ*HE*N381~SVC*HC:H0049*36*10.92**1~DTM*472*20191216~CAS*CO*45*25.08~REF*6R*CPOHZ8ZCM1OK~AMT*B6*10.92~LQ*HE*N381~SVC*HC:G8431*40*30.52**1~DTM*472*20191216~CAS*CO*45*9.48~REF*6R*CPOH1T9X9ONA~AMT*B6*30.52~LQ*HE*N381~CLP*000100026716*1*331*227.77**MC*2019360041405~NM1*QC*1*COLEMAN*AUDREY****MR*P886618~NM1*82*1*LUCAS*PEGGI*S***XX*1366419582~REF*EA*F52D58FA79474A57809E1BD88A138665~DTM*232*20191213~DTM*233*20191213~SVC*HC:99205:25*255*186.33**1~DTM*472*20191213~CAS*CO*45*68.67~REF*6R*CPOHEAMPC6TU~AMT*B6*186.33~LQ*HE*N381~SVC*HC:H0049*36*10.92**1~DTM*472*20191213~CAS*CO*45*25.08~REF*6R*CPOHR0HPQBHH~AMT*B6*10.92~LQ*HE*N381~SVC*HC:G8431*40*30.52**1~DTM*472*20191213~CAS*CO*45*9.48~REF*6R*CPOHPBB72108~AMT*B6*30.52~LQ*HE*N381~CLP*000100026794*1*149*105.53**MC*2019360041179~NM1*QC*1*CRUZ*MARIAH****MR*U875752~NM1*82*1*HOOSHMAND-PARSI*KAYHOSROW****XX*1447291851~REF*EA*014131918A894EDCBDE514A717584369~DTM*232*20191216~DTM*233*20191216~SVC*HC:99214:25*134*97.11**1~DTM*472*20191216~CAS*CO*45*36.89~REF*6R*CPOH6L6ODO6S~AMT*B6*97.11~LQ*HE*N381~SVC*HC:81025*15*8.42**1~DTM*472*20191216~CAS*CO*45*6.58~REF*6R*CPOHXL6SRNQ8~AMT*B6*8.42~LQ*HE*N381~CLP*000100026834*1*90*63.81*2*MC*2019360041082~NM1*QC*1*DASHIELL*KIMBERLY****MR*G103449~NM1*82*1*CADDALI*ESTRELLA*A***XX*1164974580~REF*EA*5645756D106548808F44D457C199A6BB~DTM*232*20191217~DTM*233*20191217~SVC*HC:99213*90*63.81**1~DTM*472*20191217~CAS*PR*3*2~CAS*CO*45*24.19~REF*6R*CPOHL87ABL1U~AMT*B6*65.81~LQ*HE*N381~LQ*HE*N381~CLP*000100026758*1*134*95.11*2*MC*2019360041306~NM1*QC*1*DAVIS*BREANNA*M***MR*O230982~NM1*82*1*LUCAS*PEGGI*S***XX*1366419582~REF*EA*BC1F729BF969403AAAE6CC55B5F4610F~DTM*232*20191213~DTM*233*20191213~SVC*HC:99214*134*95.11**1~DTM*472*20191213~CAS*PR*3*2~CAS*CO*45*36.89~REF*6R*CPOHRX2I9X85~AMT*B6*97.11~LQ*HE*N381~LQ*HE*N381~CLP*000100026806*1*210*138.55**MC*2019360041337~NM1*QC*1*DAY*TROI*L***MR*P719426~NM1*82*1*GRONEMEYER*LEANNE*R***XX*1659521045~REF*EA*88587318BB1444ABA06FA9F0E75E8224~DTM*232*20191216~DTM*233*20191216~SVC*HC:99214:25*134*97.11**1~DTM*472*20191216~CAS*CO*45*36.89~REF*6R*CPOHDC8TW3QW~AMT*B6*97.11~LQ*HE*N381~SVC*HC:H0049*36*10.92**1~DTM*472*20191216~CAS*CO*45*25.08~REF*6R*CPOHFLHQG43K~AMT*B6*10.92~LQ*HE*N381~SVC*HC:G8431*40*30.52**1~DTM*472*20191216~CAS*CO*45*9.48~REF*6R*CPOH5MR6RSXL~AMT*B6*30.52~LQ*HE*N381~CLP*000100026791*1*2228*1436.5**MC*2019360041294~NM1*QC*1*DIAMOND*MICHELLE*R***MR*I424730~NM1*82*1*LUCAS*PEGGI*S***XX*1366419582~REF*EA*0D4626AAA5C94833AD02253AE82FA757~DTM*232*20191216~DTM*233*20191216~SVC*HC:99205:25*255*186.33**1~DTM*472*20191216~CAS*CO*45*68.67~REF*6R*CPOH76JNBE9X~AMT*B6*186.33~LQ*HE*N381~SVC*HC:99415*45*7.11**1~DTM*472*20191216~CAS*CO*45*37.89~REF*6R*CPOHDKEWJRQK~AMT*B6*7.11~LQ*HE*N381~SVC*HC:96372*32*0**0**1~DTM*472*20191216~CAS*CO*109*32~REF*6R*CPOHJGSL1AQ1~LQ*HE*N381~SVC*HC:J2315*1805*1193.2**380~DTM*472*20191216~CAS*CO*45*611.8~REF*6R*CPOHXW2ZG1QN~AMT*B6*1193.2~LQ*HE*N381~SVC*HC:H0049*36*10.92**1~DTM*472*20191216~CAS*CO*45*25.08~REF*6R*CPOHFXCSJBRB~AMT*B6*10.92~LQ*HE*N381~SVC*HC:G8431*40*30.52**1~DTM*472*20191216~CAS*CO*45*9.48~REF*6R*CPOHDTQ9WN42~AMT*B6*30.52~LQ*HE*N381~SVC*HC:81025*15*8.42**1~DTM*472*20191216~CAS*CO*45*6.58~REF*6R*CPOH43UE5QL3~AMT*B6*8.42~LQ*HE*N381~CLP*000100026790*1*134*97.11**MC*2019360041240~NM1*QC*1*DURAN*LUCIANO*K***MR*P804952~NM1*82*1*GRONEMEYER*LEANNE*R***XX*1659521045~REF*EA*470F2F8637314D4B9CEB341AD710166C~DTM*232*20191216~DTM*233*20191216~SVC*HC:99214*134*97.11**1~DTM*472*20191216~CAS*CO*45*36.89~REF*6R*CPOHSF94L0EC~AMT*B6*97.11~LQ*HE*N381~CLP*000100026746*1*149*105.53**MC*2019360041019~NM1*QC*1*EISLER*KRISTIN*A***MR*P782592~NM1*82*1*KLAKER*JULIE*M***XX*1215134705~REF*EA*8E178A8CCB8F4C25A23D839FD0F24D69~DTM*232*20191213~DTM*233*20191213~SVC*HC:99214:25*134*97.11**1~DTM*472*20191213~CAS*CO*45*36.89~REF*6R*CPOHYYWXJM4U~AMT*B6*97.11~LQ*HE*N381~SVC*HC:81025*15*8.42**1~DTM*472*20191213~CAS*CO*45*6.58~REF*6R*CPOHU9V8HU91~AMT*B6*8.42~LQ*HE*N381~CLP*000100026796*1*134*97.11**MC*2019360041103~NM1*QC*1*ELIAS*ANJELICA*Y***MR*Y499355~NM1*82*1*GRONEMEYER*LEANNE*R***XX*1659521045~REF*EA*5837D67D22DE42868A2099EF4F9A00D6~DTM*232*20191216~DTM*233*20191216~SVC*HC:99214*134*97.11**1~DTM*472*20191216~CAS*CO*45*36.89~REF*6R*CPOHB8160KPS~AMT*B6*97.11~LQ*HE*N381~CLP*000100026732*1*134*97.11**MC*2019360041216~NM1*QC*1*FIERRO*VIRGINIA****MR*B600385~NM1*82*1*LUCAS*PEGGI*S***XX*1366419582~REF*EA*7F72A3A28BF04C4BABA8DAAA52CC2E46~DTM*232*20191213~DTM*233*20191213~SVC*HC:99214*134*97.11**1~DTM*472*20191213~CAS*CO*45*36.89~REF*6R*CPOHFG2PSYWC~AMT*B6*97.11~LQ*HE*N381~CLP*000100026787*1*105*74.23**MC*2019360041380~NM1*QC*1*FLUETT*SARAH****MR*O578292~NM1*82*1*HOOSHMAND-PARSI*KAYHOSROW****XX*1447291851~REF*EA*30D8BFF3B3B446F1BE240333DF9BBD11~DTM*232*20191216~DTM*233*20191216~SVC*HC:99213:25*90*65.81**1~DTM*472*20191216~CAS*CO*45*24.19~REF*6R*CPOH6NAEPOFF~AMT*B6*65.81~LQ*HE*N381~SVC*HC:81025*15*8.42**1~DTM*472*20191216~CAS*CO*45*6.58~REF*6R*CPOHG61QTOZC~AMT*B6*8.42~LQ*HE*N381~CLP*000100026714*1*134*97.11**MC*2019360041398~NM1*QC*1*FLYNT*ZOLA****MR*Q759937~NM1*82*1*KLAKER*JULIE*M***XX*1215134705~REF*EA*629D78CDD86E4A6A95CBC8E17DE38FF6~DTM*232*20191213~DTM*233*20191213~SVC*HC:99214*134*97.11**1~DTM*472*20191213~CAS*CO*45*36.89~REF*6R*CPOHU1MUT9VS~AMT*B6*97.11~LQ*HE*N381~CLP*000100026705*1*157.15*118.61**MC*2019360041331~NM1*QC*1*GALYON*MICHAEL*K***MR*P707696~NM1*82*1*GRONEMEYER*LEANNE*R***XX*1659521045~REF*EA*26EDD7172F074648A1CE253A9F6FA08A~DTM*232*20191212~DTM*233*20191212~SVC*HC:99214:25*134*97.11**1~DTM*472*20191212~CAS*CO*45*36.89~REF*6R*CPOHN331TXTA~AMT*B6*97.11~LQ*HE*N381~SVC*HC:93000*23.15*21.5**1~DTM*472*20191212~CAS*CO*45*1.65~REF*6R*CPOHVSG02MW3~AMT*B6*21.5~LQ*HE*N381~CLP*000100026805*1*65*55.35**MC*2019360041416~NM1*QC*1*GONZALEZ*DANIELLE*L***MR*P267459~NM1*82*1*LEWIS*HOLLY*G***XX*1295234128~REF*EA*F874C310BBFC4A649B9F5CFB15C2B38B~DTM*232*20191216~DTM*233*20191216~SVC*HC:90832*65*55.35**1~DTM*472*20191216~CAS*CO*45*9.65~REF*6R*CPOHZCN0IRIZ~AMT*B6*55.35~LQ*HE*N381~CLP*000100026755*1*134*95.11*2*MC*2019360041039~NM1*QC*1*GROBE*SARAH*L***MR*P407683~NM1*82*1*CADDALI*ESTRELLA*A***XX*1164974580~REF*EA*5B2EF68810584FCAB1FB9D7C5BDD72B4~DTM*232*20191213~DTM*233*20191213~SVC*HC:99214*134*95.11**1~DTM*472*20191213~CAS*PR*3*2~CAS*CO*45*36.89~REF*6R*CPOHGKSR8WJ8~AMT*B6*97.11~LQ*HE*N381~LQ*HE*N381~CLP*000100026813*1*149*103.53*2*MC*2019360041320~NM1*QC*1*GUERRERO*SONYA*M***MR*S127505~NM1*82*1*LUCAS*PEGGI*S***XX*1366419582~REF*EA*9EC2CD3DEF524C6B81DC3928BFF27615~DTM*232*20191216~DTM*233*20191216~SVC*HC:99214:25*134*95.11**1~DTM*472*20191216~CAS*PR*3*2~CAS*CO*45*36.89~REF*6R*CPOHZP8MLAGA~AMT*B6*97.11~LQ*HE*N381~LQ*HE*N381~SVC*HC:81025*15*8.42**1~DTM*472*20191216~CAS*CO*45*6.58~REF*6R*CPOHDSQHWNI7~AMT*B6*8.42~LQ*HE*N381~CLP*000100026729*1*134*97.11**MC*2019360041268~NM1*QC*1*HARDWICK*KEVIN****MR*L320743~NM1*82*1*SEARLES*DENISE*A***XX*1396971230~REF*EA*144464B68E844EB7B13D1393A5D20A2F~DTM*232*20191213~DTM*233*20191213~SVC*HC:99214*134*97.11**1~DTM*472*20191213~CAS*CO*45*36.89~REF*6R*CPOH9I12L1TW~AMT*B6*97.11~LQ*HE*N381~CLP*000100026736*1*134*97.11**MC*2019360040993~NM1*QC*1*JONES*PAULA****MR*M040589~NM1*82*1*SEARLES*DENISE*A***XX*1396971230~REF*EA*B2DA6E0C4BF245BEB2E7ADC03368BB96~DTM*232*20191213~DTM*233*20191213~SVC*HC:99214*134*97.11**1~DTM*472*20191213~CAS*CO*45*36.89~REF*6R*CPOH53RBCB6S~AMT*B6*97.11~LQ*HE*N381~CLP*000100026697*1*134*97.11**MC*2019360041051~NM1*QC*1*LINDSAY SANDERS*SHABREA*D***MR*Q818873~NM1*74*1*LINDSAYSANDERS~NM1*82*1*CADDALI*ESTRELLA*A***XX*1164974580~REF*EA*4A67F9F6961E4C9DB6A6EC00E613563C~DTM*232*20191212~DTM*233*20191212~SVC*HC:99214*134*97.11**1~DTM*472*20191212~CAS*CO*45*36.89~REF*6R*CPOHW60NDGK9~AMT*B6*97.11~LQ*HE*N381~CLP*000100026715*1*90*65.81**MC*2019360041359~NM1*QC*1*MAEZ*DANIEL*E***MR*B173664~NM1*82*1*SEARLES*DENISE*A***XX*1396971230~REF*EA*20587772CC584897A4F580EF9A652D70~DTM*232*20191213~DTM*233*20191213~SVC*HC:99213*90*65.81**1~DTM*472*20191213~CAS*CO*45*24.19~REF*6R*CPOH2YTOKYNY~AMT*B6*65.81~LQ*HE*N381~CLP*000100026829*1*134*97.11**MC*2019360041284~NM1*QC*1*MARTINEZ*JOSEPH*D***MR*H041550~NM1*82*1*SEARLES*DENISE*A***XX*1396971230~REF*EA*7FDAE98E358D4FECAC0044F4D0A63757~DTM*232*20191217~DTM*233*20191217~SVC*HC:99214*134*97.11**1~DTM*472*20191217~CAS*CO*45*36.89~REF*6R*CPOHUGWLE5D8~AMT*B6*97.11~LQ*HE*N381~CLP*000100026836*1*135*67.13**MC*2019360041275~NM1*QC*1*MARTINEZ WRIGHT*MARQUIS****MR*O188567~NM1*74*1*MARTINEZWRIGHT**A~NM1*82*1*SEARLES*DENISE*A***XX*1396971230~REF*EA*D7CCB8E7CAAD4B12AC414CB4EDA0B9EA~DTM*232*20191217~DTM*233*20191217~SVC*HC:99202*135*67.13**1~DTM*472*20191217~CAS*CO*45*67.87~REF*6R*CPOHOU8BTOB7~AMT*B6*67.13~LQ*HE*N381~CLP*000100026685*1*134*97.11**MC*2019360041345~NM1*QC*1*MAURO*RONDA*L***MR*U480140~NM1*82*1*KLAKER*JULIE*M***XX*1215134705~REF*EA*DE6C2B836E8446DA8107EFAFE96F4DA8~DTM*232*20191212~DTM*233*20191212~SVC*HC:99214*134*97.11**1~DTM*472*20191212~CAS*CO*45*36.89~REF*6R*CPOHD8LJ23Q4~AMT*B6*97.11~LQ*HE*N381~CLP*000100026670*1*115*104.26**MC*2019360041204~NM1*QC*1*QUINTANA*DANIELLE*A***MR*N559116~NM1*82*1*LEWIS*HOLLY*G***XX*1295234128~REF*EA*5A3059C7480A4E10996E2E8205A29748~DTM*232*20191212~DTM*233*20191212~SVC*HC:90837*115*104.26**1~DTM*472*20191212~CAS*CO*45*10.74~REF*6R*CPOH6UGCRJSD~AMT*B6*104.26~LQ*HE*N381~CLP*000100026804*1*134*97.11**MC*2019360041351~NM1*QC*1*RATHBUN*AARON*W***MR*P304001~NM1*82*1*HOOSHMAND-PARSI*KAYHOSROW****XX*1447291851~REF*EA*82FCD466A44D4BC88C28964D9DA26BA2~DTM*232*20191216~DTM*233*20191216~SVC*HC:99214*134*97.11**1~DTM*472*20191216~CAS*CO*45*36.89~REF*6R*CPOHYYVDDEK4~AMT*B6*97.11~LQ*HE*N381~CLP*000100026830*1*90*65.81**MC*2019360041288~NM1*QC*1*RATLIFF*MICHAEL*J***MR*J168128~NM1*82*1*CADDALI*ESTRELLA*A***XX*1164974580~REF*EA*078A1C743BF6431781CB7F77C06DDD06~DTM*232*20191217~DTM*233*20191217~SVC*HC:99213*90*65.81**1~DTM*472*20191217~CAS*CO*45*24.19~REF*6R*CPOH6C5TYZSI~AMT*B6*65.81~LQ*HE*N381~CLP*000100026757*1*134*95.11*2*MC*2019360041255~NM1*QC*1*RAUS*DEBORAH*R***MR*G324021~NM1*82*1*LUCAS*PEGGI*S***XX*1366419582~REF*EA*8F75F55928864B538F34ECD362A7D60C~DTM*232*20191213~DTM*233*20191213~SVC*HC:99214*134*95.11**1~DTM*472*20191213~CAS*PR*3*2~CAS*CO*45*36.89~REF*6R*CPOHPEZDM3RX~AMT*B6*97.11~LQ*HE*N381~LQ*HE*N381~CLP*000100026814*1*210*119.03**MC*2019360041153~NM1*QC*1*ROLES*SHANNON*E***MR*R039800~NM1*82*1*GRONEMEYER*LEANNE*R***XX*1659521045~REF*EA*82B6A6BFA0C440039FE07834CED3B1FB~DTM*232*20191216~DTM*233*20191216~SVC*HC:99214:25*134*97.11**1~DTM*472*20191216~CAS*CO*45*36.89~REF*6R*CPOHT46TFIZK~AMT*B6*97.11~LQ*HE*N381~SVC*HC:H0049*36*10.92**1~DTM*472*20191216~CAS*CO*45*25.08~REF*6R*CPOHBVUMJDZ1~AMT*B6*10.92~LQ*HE*N381~SVC*HC:G8510*40*11**1~DTM*472*20191216~CAS*CO*45*29~REF*6R*CPOH8B6YQIFG~AMT*B6*11~LQ*HE*N381~CLP*000100026730*1*134*97.11**MC*2019360041108~NM1*QC*1*ROYBAL*CELESTINA*A***MR*I238627~NM1*82*1*LUCAS*PEGGI*S***XX*1366419582~REF*EA*C44AC1963C3E4E66A2224D094FE5CAC9~DTM*232*20191213~DTM*233*20191213~SVC*HC:99214*134*97.11**1~DTM*472*20191213~CAS*CO*45*36.89~REF*6R*CPOHUJZSO66U~AMT*B6*97.11~LQ*HE*N381~CLP*000100026721*1*105*74.23**MC*2019360041229~NM1*QC*1*SALAZAR*FELICIA*H***MR*G554326~NM1*82*1*KLAKER*JULIE*M***XX*1215134705~REF*EA*5F51AD948B134893884965AF22406E3E~DTM*232*20191213~DTM*233*20191213~SVC*HC:99213:25*90*65.81**1~DTM*472*20191213~CAS*CO*45*24.19~REF*6R*CPOHNBZESRSL~AMT*B6*65.81~LQ*HE*N381~SVC*HC:81025*15*8.42**1~DTM*472*20191213~CAS*CO*45*6.58~REF*6R*CPOHKSM2U3CX~AMT*B6*8.42~LQ*HE*N381~CLP*000100026782*1*149*105.53**MC*2019360041162~NM1*QC*1*SAMSON*CARA*M***MR*Y649542~NM1*82*1*LUCAS*PEGGI*S***XX*1366419582~REF*EA*4F7C54204F67488DAE4C67ED3BD98533~DTM*232*20191216~DTM*233*20191216~SVC*HC:99214:25*134*97.11**1~DTM*472*20191216~CAS*CO*45*36.89~REF*6R*CPOHK4LM9G6B~AMT*B6*97.11~LQ*HE*N381~SVC*HC:81025*15*8.42**1~DTM*472*20191216~CAS*CO*45*6.58~REF*6R*CPOH8ABCKM2S~AMT*B6*8.42~LQ*HE*N381~CLP*000100026723*1*195*138.41**MC*2019360041175~NM1*QC*1*SAMSON*CARA*M***MR*Y649542~NM1*82*1*KLAKER*JULIE*M***XX*1215134705~REF*EA*D0F6AFA86A7E4560906D65E6B7D5DB2E~DTM*232*20191213~DTM*233*20191213~SVC*HC:99215:25*180*129.99**1~DTM*472*20191213~CAS*CO*45*50.01~REF*6R*CPOH7HUFQBXE~AMT*B6*129.99~LQ*HE*N381~SVC*HC:81025*15*8.42**1~DTM*472*20191213~CAS*CO*45*6.58~REF*6R*CPOHLBC06ERA~AMT*B6*8.42~LQ*HE*N381~CLP*000100026747*1*90*65.81**MC*2019360041135~NM1*QC*1*SANDOVAL*WAYNE****MR*N882963~NM1*82*1*KLAKER*JULIE*M***XX*1215134705~REF*EA*299B51CEFEB149828F3CC09B956F445B~DTM*232*20191213~DTM*233*20191213~SVC*HC:99213*90*65.81**1~DTM*472*20191213~CAS*CO*45*24.19~REF*6R*CPOHBQZQ3E8X~AMT*B6*65.81~LQ*HE*N381~CLP*000100026801*1*90*65.81**MC*2019360041314~NM1*QC*1*SANTISTEVAN*MARILYN****MR*J932671~NM1*82*1*HOOSHMAND-PARSI*KAYHOSROW****XX*1447291851~REF*EA*71666E1ABADA4F4AA0E1DD68C800AFA2~DTM*232*20191216~DTM*233*20191216~SVC*HC:99213*90*65.81**1~DTM*472*20191216~CAS*CO*45*24.19~REF*6R*CPOHQOMS78BQ~AMT*B6*65.81~LQ*HE*N381~CLP*000100026810*1*134*97.11**MC*2019360041119~NM1*QC*1*SCHUDAR*JOHN*R***MR*Y988342~NM1*82*1*LUCAS*PEGGI*S***XX*1366419582~REF*EA*CC0878783BC347AD80E114A3A4EB3E79~DTM*232*20191216~DTM*233*20191216~SVC*HC:99214*134*97.11**1~DTM*472*20191216~CAS*CO*45*36.89~REF*6R*CPOHZB23SZ6L~AMT*B6*97.11~LQ*HE*N381~CLP*000100026690*1*311*168.94*2*MC*2019360041091~NM1*QC*1*SHIELDS*MCKAYLA****MR*Y923577~NM1*82*1*CADDALI*ESTRELLA*A***XX*1164974580~REF*EA*88E73CE3D08F471FBA90444B2BCF57B3~DTM*232*20191212~DTM*233*20191212~SVC*HC:99395:25*165*105.82**1~DTM*472*20191212~CAS*PR*3*2~CAS*CO*45*57.18~REF*6R*CPOHBMEZOEK9~AMT*B6*107.82~LQ*HE*N381~LQ*HE*N381~SVC*HC:90471*35*19.46**1~DTM*472*20191212~CAS*CO*45*15.54~REF*6R*CPOH46NLIKD1~AMT*B6*19.46~LQ*HE*N381~SVC*HC:90674*35*21.74**1~DTM*472*20191212~CAS*CO*45*13.26~REF*6R*CPOHBLMHSUIT~AMT*B6*21.74~LQ*HE*N381~SVC*HC:H0049*36*10.92**1~DTM*472*20191212~CAS*CO*45*25.08~REF*6R*CPOH7DCMYGL0~AMT*B6*10.92~LQ*HE*N381~SVC*HC:G8510*40*11**1~DTM*472*20191212~CAS*CO*45*29~REF*6R*CPOHTMYV9QMD~AMT*B6*11~LQ*HE*N381~CLP*000100026737*1*134*97.11**MC*2019360041409~NM1*QC*1*SIERRA*LISA*G***MR*J386597~NM1*82*1*LUCAS*PEGGI*S***XX*1366419582~REF*EA*CBA5065631CF4D308CA0F33370FD9ABC~DTM*232*20191213~DTM*233*20191213~SVC*HC:99214*134*97.11**1~DTM*472*20191213~CAS*CO*45*36.89~REF*6R*CPOH4T5GISTW~AMT*B6*97.11~LQ*HE*N381~CLP*000100026817*1*134*95.11*2*MC*2019360041377~NM1*QC*1*SISNEROS*GREGORY****MR*H774507~NM1*82*1*LUCAS*PEGGI*S***XX*1366419582~REF*EA*E88E28B9A3154FF4A2A0961C30271110~DTM*232*20191216~DTM*233*20191216~SVC*HC:99214*134*95.11**1~DTM*472*20191216~CAS*PR*3*2~CAS*CO*45*36.89~REF*6R*CPOHB4TTTFH0~AMT*B6*97.11~LQ*HE*N381~LQ*HE*N381~CLP*000100026750*1*293.66*181.58**MC*2019360041245~NM1*QC*1*SKINNER*KENNETH****MR*Y129808~NM1*82*1*LUCAS*PEGGI*S***XX*1366419582~REF*EA*97BF5DAEE4AC4B1CA4788617AF5DD0A4~DTM*232*20191213~DTM*233*20191213~SVC*HC:99204:25*205*149.59**1~DTM*472*20191213~CAS*CO*45*55.41~REF*6R*CPOHD2JOT0BQ~AMT*B6*149.59~LQ*HE*N381~SVC*HC:H0049*36*10.92**1~DTM*472*20191213~CAS*CO*45*25.08~REF*6R*CPOHLXRGKAD7~AMT*B6*10.92~LQ*HE*N381~SVC*HC:G8510*40*11**1~DTM*472*20191213~CAS*CO*45*29~REF*6R*CPOHZVT56FJA~AMT*B6*11~LQ*HE*N381~SVC*HC:86580*8.66*6.67**1~DTM*472*20191213~CAS*CO*45*1.99~REF*6R*CPOHSEX3U2GA~AMT*B6*6.67~LQ*HE*N381~SVC*HC:81002*4*3.4**1~DTM*472*20191213~CAS*CO*45*.6~REF*6R*CPOH8AJX142Y~AMT*B6*3.4~LQ*HE*N381~CLP*000100026731*1*54*49.18**MC*2019360041278~NM1*QC*1*SMITH*NICOLETTE****MR*J544310~NM1*82*1*SEARLES*DENISE*A***XX*1396971230~REF*EA*08A2E3687BA6475A9C8C23BD1E644D29~DTM*232*20191213~DTM*233*20191213~SVC*HC:99212:FP*54*49.18**1~DTM*472*20191213~CAS*CO*45*4.82~REF*6R*CPOHLX9JQGXG~AMT*B6*49.18~LQ*HE*N381~CLP*000100026837*1*105*74.23**MC*2019360041062~NM1*QC*1*TABARES*ANGELA****MR*V900344~NM1*82*1*HOOSHMAND-PARSI*KAYHOSROW****XX*1447291851~REF*EA*5343D8F47A314A8FA97E32D20B9BAD58~DTM*232*20191217~DTM*233*20191217~SVC*HC:99213:25*90*65.81**1~DTM*472*20191217~CAS*CO*45*24.19~REF*6R*CPOHMGZ55XD1~AMT*B6*65.81~LQ*HE*N381~SVC*HC:81025*15*8.42**1~DTM*472*20191217~CAS*CO*45*6.58~REF*6R*CPOHDBL1NOOM~AMT*B6*8.42~LQ*HE*N381~CLP*000100026785*1*149*105.53**MC*2019360041222~NM1*QC*1*TANKSLEY*DAYSHA*A***MR*O203621~NM1*82*1*LUCAS*PEGGI*S***XX*1366419582~REF*EA*BFCC491D51294B4C8430B44EF86FB9C4~DTM*232*20191216~DTM*233*20191216~SVC*HC:99214:25*134*97.11**1~DTM*472*20191216~CAS*CO*45*36.89~REF*6R*CPOH8ZYQI9C5~AMT*B6*97.11~LQ*HE*N381~SVC*HC:81025*15*8.42**1~DTM*472*20191216~CAS*CO*45*6.58~REF*6R*CPOHR25PJ50N~AMT*B6*8.42~LQ*HE*N381~CLP*000100026803*1*134*95.11*2*MC*2019360041115~NM1*QC*1*TUTTLE*KATHI*K***MR*Y578034~NM1*82*1*GRONEMEYER*LEANNE*R***XX*1659521045~REF*EA*6203C0EAC3854C169E27434B611758E1~DTM*232*20191216~DTM*233*20191216~SVC*HC:99214*134*95.11**1~DTM*472*20191216~CAS*PR*3*2~CAS*CO*45*36.89~REF*6R*CPOHGQ9L2RHB~AMT*B6*97.11~LQ*HE*N381~LQ*HE*N381~CLP*000100026707*1*134*97.11**MC*2019360041131~NM1*QC*1*WHITE*KELVIN****MR*P661213~NM1*82*1*SEARLES*DENISE*A***XX*1396971230~REF*EA*DDE10667EC61420A92D25D79987D1264~DTM*232*20191212~DTM*233*20191212~SVC*HC:99214*134*97.11**1~DTM*472*20191212~CAS*CO*45*36.89~REF*6R*CPOHJIPEMUMD~AMT*B6*97.11~LQ*HE*N381~CLP*000100026824*1*157.15*116.61*2*MC*2019360041142~NM1*QC*1*WILKINS*CARTHELIUS****MR*P159818~NM1*82*1*HOOSHMAND-PARSI*KAYHOSROW****XX*1447291851~REF*EA*68AA41BBE4BE453E9FDD9AF198A21FCB~DTM*232*20191216~DTM*233*20191216~SVC*HC:99214:25*134*95.11**1~DTM*472*20191216~CAS*PR*3*2~CAS*CO*45*36.89~REF*6R*CPOHEKK8KAVJ~AMT*B6*97.11~LQ*HE*N381~LQ*HE*N381~SVC*HC:93000*23.15*21.5**1~DTM*472*20191216~CAS*CO*45*1.65~REF*6R*CPOH9DCA0GLH~AMT*B6*21.5~LQ*HE*N381~CLP*000100026719*1*149*105.53**MC*2019360041369~NM1*QC*1*WOODARD*LYDIA****MR*P869732~NM1*82*1*KLAKER*JULIE*M***XX*1215134705~REF*EA*7C20E5C796014B18B85A7DB6C7C96D65~DTM*232*20191213~DTM*233*20191213~SVC*HC:99214:25*134*97.11**1~DTM*472*20191213~CAS*CO*45*36.89~REF*6R*CPOHL2MMSPME~AMT*B6*97.11~LQ*HE*N381~SVC*HC:81025*15*8.42**1~DTM*472*20191213~CAS*CO*45*6.58~REF*6R*CPOH2AXCWI3R~AMT*B6*8.42~LQ*HE*N381~CLP*000100025737*4*134*0**MC*2019360041239~NM1*QC*1*GARZA*PATRICIA****MR*Y090236~NM1*82*1*HOOSHMAND-PARSI*KAYHOSROW****XX*1447291851~REF*EA*2299425F4CA74CA6A12489048EEE4811~DTM*232*20191125~DTM*233*20191125~SVC*HC:99214*134*0**0**1~DTM*472*20191125~CAS*PI*167*134~REF*6R*CPOH3B3PEH57~LQ*HE*MA63~LQ*HE*MA92~LQ*HE*N56~CLP*000100023812*4*42*0**MC*2019360041076~NM1*QC*1*QUINTANA*ALADINO****MR*J531853~NM1*82*1*LUCAS*PEGGI*S***XX*1366419582~REF*EA*65459528E46A4D82AF94CE6AC7B05A11~DTM*232*20191016~DTM*233*20191016~SVC*HC:J3301*14*0**0**4~DTM*472*20191016~CAS*PI*16*14~REF*6R*CPOHIYZAY5Q6~LQ*HE*MA92~SVC*HC:J3301*28*0**0**8~DTM*472*20191016~CAS*PI*16*28~REF*6R*CPOHQZX7OR3Z~LQ*HE*MA92~SE*948*000010013~GE*1*300021639~IEA*1*300021639~