ISA*00*          *00*          *ZZ*COMEDASSISTPROG*ZZ*6769489        *191223*0226*^*00501*100016668*0*P*:~GS*HP*COMEDASSISTPROG*6769489*20191223*022616*100016668*X*005010X221A1~ST*835*000010013~BPR*I*25191.98*C*ACH*CCP*01*075911603*DA*00000004556640373*1811725341**01*102000076*DA*2838835219*20191223~TRN*1*000848779*1811725341~REF*EV*1508250911~DTM*405*20191220~N1*PR*CO_TXIX*XV*7912900843~N3*P.O. BOX 30~N4*DENVER*CO*80201~PER*CX*MEDICAID PROVIDER SERVICES*TE*8442352387~PER*BL*MEDICAID PROVIDER SERVICES*TE*8442352387~N1*PE*HEALTH SOLUTIONS MED CENTER*XX*1508250911~REF*TJ*841158933~LX*1~CLP*000100023875*2*201*18.93**MC*2019352004284~NM1*QC*1*ALLEN*JODEEN*G***MR*Y428477~NM1*82*1*GRONEMEYER*LEANNE*R***XX*1659521045~REF*EA*D791D5F868EF43A4B08F4DFDFBB0D365~DTM*232*20191017~DTM*233*20191017~SVC*HC:99214:25*134*18.93**1~DTM*472*20191017~CAS*CO*45*115.07~REF*6R*CPMDQDNATQJF~AMT*B6*18.93~LQ*HE*N381~LQ*HE*N381~SVC*HC:G0008*32*0**1~DTM*472*20191017~CAS*OA*P22*32~REF*6R*CPMDJX8N3S0T~LQ*HE*MA125~SVC*HC:90674*35*0**1~DTM*472*20191017~CAS*CO*45*35~REF*6R*CPMD1FQHLCOI~LQ*HE*N381~CLP*000100025755*2*134*18.93**MC*2019352004298~NM1*QC*1*ANDERSON*KATHLEEN*R***MR*P388137~NM1*82*1*GRONEMEYER*LEANNE*R***XX*1659521045~REF*EA*B92D0FE97BD540BC99757EE840F6F0EF~DTM*232*20191125~DTM*233*20191125~SVC*HC:99214*134*18.93**1~DTM*472*20191125~CAS*CO*45*115.07~REF*6R*CPMDJ0YJ2IKF~AMT*B6*18.93~LQ*HE*N381~LQ*HE*N381~CLP*000100024407*2*304.15*3.5**MC*2019352004283~NM1*QC*1*ARAGON*DIANA*L***MR*T805149~NM1*82*1*HOOSHMAND-PARSI*KAYHOSROW****XX*1447291851~REF*EA*ED2870CF21A845999692AE5C4F6670C7~DTM*232*20191031~DTM*233*20191031~SVC*HC:G0438*214*0**0**1~DTM*472*20191031~CAS*PI*16*214~REF*6R*CPMDSAE2IN7V~LQ*HE*N381~SVC*HC:G0008*32*0**0**1~DTM*472*20191031~CAS*PI*16*32~REF*6R*CPMDPN4LZI7M~LQ*HE*N381~SVC*HC:93000*23.15*3.5**1~DTM*472*20191031~CAS*CO*45*19.65~REF*6R*CPMDM13WAZKQ~AMT*B6*3.5~LQ*HE*N381~LQ*HE*N381~SVC*HC:90674*35*0**1~DTM*472*20191031~CAS*CO*45*35~REF*6R*CPMDBYHMVYB7~LQ*HE*N381~CLP*000100023167*2*2197*264.75**MC*2019352004268~NM1*QC*1*BARNELL*SHANNA*V***MR*R948166~NM1*82*1*SEARLES*DENISE*A***XX*1396971230~REF*EA*912993A80A7843DA9F08EBAF26C9CD19~DTM*232*20191003~DTM*233*20191003~SVC*HC:99205:25*255*35.99**1~DTM*472*20191003~CAS*CO*45*219.01~REF*6R*CPMDPK0U7B15~AMT*B6*35.99~LQ*HE*N381~LQ*HE*N381~SVC*HC:99415*45*0**1~DTM*472*20191003~CAS*CO*45*37.89~CAS*OA*23*7.11~REF*6R*CPMD27W01DFN~LQ*HE*N381~LQ*HE*N381~SVC*HC:96372*32*2.91**1~DTM*472*20191003~CAS*CO*45*29.09~REF*6R*CPMDGSI9NTU0~AMT*B6*2.91~LQ*HE*N381~LQ*HE*N381~SVC*HC:J2315*1805*225.85**380~DTM*472*20191003~CAS*CO*45*1579.15~REF*6R*CPMDV5T9VB8B~AMT*B6*225.85~LQ*HE*N381~LQ*HE*N381~SVC*HC:G0444*20*0**0**1~DTM*472*20191003~CAS*PI*96*20~REF*6R*CPMD4RWNUVJT~LQ*HE*N30~LQ*HE*N30~LQ*HE*N56~SVC*HC:G0396*40*0**0**1~DTM*472*20191003~CAS*CO*56*40~REF*6R*CPMDXUU7MTZI~LQ*HE*N381~LQ*HE*N130~LQ*HE*N130~CLP*000100024395*2*1927*241.7**MC*2019352004274~NM1*QC*1*BARNELL*SHANNA*V***MR*R948166~NM1*82*1*SEARLES*DENISE*A***XX*1396971230~REF*EA*6CAD919CC6C9482EAC556B56DD6C5794~DTM*232*20191031~DTM*233*20191031~SVC*HC:99213:25*90*12.94**1~DTM*472*20191031~CAS*CO*45*77.06~REF*6R*CPMD11IDEBVA~AMT*B6*12.94~LQ*HE*N381~LQ*HE*N381~SVC*HC:96372*32*2.91**1~DTM*472*20191031~CAS*CO*45*29.09~REF*6R*CPMDY8ECYRV9~AMT*B6*2.91~LQ*HE*N381~LQ*HE*N381~SVC*HC:J2315*1805*225.85**380~DTM*472*20191031~CAS*CO*45*1579.15~REF*6R*CPMDLK112W3H~AMT*B6*225.85~LQ*HE*N381~LQ*HE*N381~CLP*000100024625*2*201*18.93**MC*2019352004300~NM1*QC*1*CHANDLER*VERONICA****MR*U875646~NM1*82*1*GRONEMEYER*LEANNE*R***XX*1659521045~REF*EA*30CF6D8A3E7849C09D0AD998BDF28642~DTM*232*20191105~DTM*233*20191105~SVC*HC:99214:25*134*18.93**1~DTM*472*20191105~CAS*CO*45*115.07~REF*6R*CPMDG6LRD0LK~AMT*B6*18.93~LQ*HE*N381~LQ*HE*N381~SVC*HC:G0008*32*0**1~DTM*472*20191105~CAS*OA*P22*32~REF*6R*CPMDUFU69KLX~LQ*HE*MA125~SVC*HC:90674*35*0**1~DTM*472*20191105~CAS*CO*45*35~REF*6R*CPMD8FHOUHH7~LQ*HE*N381~CLP*000100023434*2*121*39.39**MC*2019352004287~NM1*QC*1*CIRULLO*ROSEANN****MR*L489928~NM1*82*1*CADDALI*ESTRELLA*A***XX*1164974580~REF*EA*ED67EE61742D46F4943FB51EDE1C9501~DTM*232*20191009~DTM*233*20191009~SVC*HC:99212:25*54*39.39**1~DTM*472*20191009~CAS*CO*45*14.61~REF*6R*CPMDABF5PG91~AMT*B6*39.39~LQ*HE*N381~SVC*HC:G0008*32*0**1~DTM*472*20191009~CAS*OA*P22*32~REF*6R*CPMDNBJZRNFL~LQ*HE*MA125~SVC*HC:90674*35*0**1~DTM*472*20191009~CAS*CO*45*35~REF*6R*CPMDJI82CREE~LQ*HE*N381~CLP*000100024668*2*90*12.94**MC*2019352004261~NM1*QC*1*DELEMARRE*KIRSTEN****MR*P860862~NM1*82*1*SEARLES*DENISE*A***XX*1396971230~REF*EA*13BED20CD47443BA90A7BBE465421310~DTM*232*20191105~DTM*233*20191105~SVC*HC:99213*90*12.94**1~DTM*472*20191105~CAS*CO*45*77.06~REF*6R*CPMD0I2N39LK~AMT*B6*12.94~LQ*HE*N381~LQ*HE*N381~CLP*000100025461*2*90*12.94**MC*2019352004262~NM1*QC*1*DELEMARRE*KIRSTEN****MR*P860862~NM1*82*1*SEARLES*DENISE*A***XX*1396971230~REF*EA*6D9B6E5E3DCD435AB4476F60081E3541~DTM*232*20191119~DTM*233*20191119~SVC*HC:99213*90*12.94**1~DTM*472*20191119~CAS*CO*45*77.06~REF*6R*CPMDEG79JZML~AMT*B6*12.94~LQ*HE*N381~LQ*HE*N381~CLP*000100024055*2*205*25.13**MC*2019352004263~NM1*QC*1*DELEMARRE*KIRSTEN****MR*P860862~NM1*82*1*SEARLES*DENISE*A***XX*1396971230~REF*EA*90F23613EF3E4141BFB5075559110BB0~DTM*232*20191022~DTM*233*20191022~SVC*HC:99203:25*145*18.89**1~DTM*472*20191022~CAS*CO*45*126.11~REF*6R*CPMDIAW9W33V~AMT*B6*18.89~LQ*HE*N381~LQ*HE*N381~SVC*HC:G0444*20*0**1~DTM*472*20191022~CAS*CO*45*20~REF*6R*CPMDAJS68NP5~SVC*HC:G0396*40*6.24**1~DTM*472*20191022~CAS*OA*P22*33.76~REF*6R*CPMD26B3Y1MO~AMT*B6*6.24~LQ*HE*MA125~LQ*HE*MA125~CLP*000100024225*2*121*39.39**MC*2019352004265~NM1*QC*1*DELEMARRE*KIRSTEN****MR*P860862~NM1*82*1*SEARLES*DENISE*A***XX*1396971230~REF*EA*C1809F7429784ED297F1E9253FEB6A29~DTM*232*20191025~DTM*233*20191025~SVC*HC:99212:25*54*39.39**1~DTM*472*20191025~CAS*CO*45*14.61~REF*6R*CPMDPWYXDWWL~AMT*B6*39.39~LQ*HE*N381~SVC*HC:G0008*32*0**0**1~DTM*472*20191025~CAS*PI*16*32~REF*6R*CPMDN6WVYCP0~LQ*HE*N381~LQ*HE*N56~SVC*HC:90674*35*0**1~DTM*472*20191025~CAS*CO*45*35~REF*6R*CPMD6B0SAAOG~LQ*HE*N381~CLP*000100023791*2*157*6.14**MC*2019352004280~NM1*QC*1*FINTO*TRINA*A***MR*P483240~NM1*82*1*HOOSHMAND-PARSI*KAYHOSROW****XX*1447291851~REF*EA*98DD653EB3FE4A5B96F17F7BE0393018~DTM*232*20191016~DTM*233*20191016~SVC*HC:99213:25*90*6.14**1~DTM*472*20191016~CAS*CO*45*83.86~REF*6R*CPMDVANWQUE5~AMT*B6*6.14~LQ*HE*N381~LQ*HE*N381~SVC*HC:G0008*32*0**0**1~DTM*472*20191016~CAS*PI*16*32~REF*6R*CPMD88T9C4W2~LQ*HE*N381~LQ*HE*N56~SVC*HC:90674*35*0**1~DTM*472*20191016~CAS*CO*45*35~REF*6R*CPMD99PHIKPI~LQ*HE*N381~CLP*000100023061*2*201*9.79**MC*2019352004267~NM1*QC*1*HEASMAN*STUART*G***MR*O606775~NM1*82*1*HOOSHMAND-PARSI*KAYHOSROW****XX*1447291851~REF*EA*502C2D9592A2408C9F08DAB9E4CE6FCA~DTM*232*20191001~DTM*233*20191001~SVC*HC:99214:25*134*9.79**1~DTM*472*20191001~CAS*CO*45*124.21~REF*6R*CPMDY6CK0XW8~AMT*B6*9.79~LQ*HE*N381~LQ*HE*N381~SVC*HC:G0008*32*0**0**1~DTM*472*20191001~CAS*PI*16*32~REF*6R*CPMDFIBSRWKL~LQ*HE*N381~SVC*HC:90674*35*0**1~DTM*472*20191001~CAS*CO*45*35~REF*6R*CPMDP49P4NSB~LQ*HE*N381~CLP*000100022331*2*195*19.56**MC*2019352004294~NM1*QC*1*JENSEN*APRIL****MR*P027041~NM1*82*1*SEARLES*DENISE*A***XX*1396971230~REF*EA*71DF2E2C85F140BBAFB79245B565CC0D~DTM*232*20190913~DTM*233*20190913~SVC*HC:99202:25*135*13.32**1~DTM*472*20190913~CAS*CO*45*121.68~REF*6R*CPMDWKO5XJZC~AMT*B6*13.32~LQ*HE*N381~LQ*HE*N381~SVC*HC:G0444*20*0**1~DTM*472*20190913~CAS*CO*45*20~REF*6R*CPMD4NB6YBYO~SVC*HC:G0396*40*6.24**1~DTM*472*20190913~CAS*OA*P22*33.76~REF*6R*CPMDSUV17Z6T~AMT*B6*6.24~LQ*HE*MA125~CLP*000100023189*2*157*12.94**MC*2019352004278~NM1*QC*1*JOHNSON*DANNY*L***MR*O264066~NM1*82*1*CADDALI*ESTRELLA*A***XX*1164974580~REF*EA*C037B69CC0EC421681B2919539231A17~DTM*232*20191003~DTM*233*20191003~SVC*HC:99213:25*90*12.94**1~DTM*472*20191003~CAS*CO*45*77.06~REF*6R*CPMDQ751B72O~AMT*B6*12.94~LQ*HE*N381~LQ*HE*N381~SVC*HC:G0008*32*0**1~DTM*472*20191003~CAS*OA*P22*32~REF*6R*CPMDD1YB82LE~LQ*HE*MA125~SVC*HC:90674*35*0**1~DTM*472*20191003~CAS*CO*45*35~REF*6R*CPMDVKLV0UFQ~LQ*HE*N381~CLP*000100022983*2*201*18.93**MC*2019352004290~NM1*QC*1*VIGIL*ANDREA****MR*F904809~NM1*82*1*GRONEMEYER*LEANNE*R***XX*1659521045~REF*EA*023C8B24FC5949D88C8471F6418A002B~DTM*232*20190930~DTM*233*20190930~SVC*HC:99214:25*134*18.93**1~DTM*472*20190930~CAS*CO*45*115.07~REF*6R*CPMDP23JQM90~AMT*B6*18.93~LQ*HE*N381~LQ*HE*N381~SVC*HC:G0008*32*0**0**1~DTM*472*20190930~CAS*PI*16*32~REF*6R*CPMDGGCE6HO3~LQ*HE*N381~SVC*HC:90674*35*0**1~DTM*472*20190930~CAS*CO*45*35~REF*6R*CPMDG7JHQPNG~LQ*HE*N381~CLP*000100023343*2*201*18.93**MC*2019352004275~NM1*QC*1*VIGIL*CHRISTOPH****MR*F001911~NM1*82*1*GRONEMEYER*LEANNE*R***XX*1659521045~REF*EA*8E99FA13B9A74F0EBE4D2204201856AA~DTM*232*20191008~DTM*233*20191008~SVC*HC:99214:25*134*18.93**1~DTM*472*20191008~CAS*CO*45*115.07~REF*6R*CPMDNA664OZV~AMT*B6*18.93~LQ*HE*N381~LQ*HE*N381~SVC*HC:G0008*32*0**1~DTM*472*20191008~CAS*OA*P22*32~REF*6R*CPMDZIOT0SGV~LQ*HE*MA125~SVC*HC:90674*35*0**1~DTM*472*20191008~CAS*CO*45*35~REF*6R*CPMD654359QG~LQ*HE*N381~CLP*000100023423*4*158*0**MC*2019352050298~NM1*QC*1*AMORIN*RUTH****MR*P722248~NM1*82*1*CADDALI*ESTRELLA*A***XX*1164974580~REF*EA*11259CA10ABD4066BF569B9CD1DAA618~DTM*232*20191009~DTM*233*20191009~DTM*036*20190531~SVC*HC:99214:25*134*0**0**1~DTM*472*20191009~CAS*CO*26*134~REF*6R*CPN1O0DAWZAA~LQ*HE*N30~SVC*HC:93000*24*0**0**1~DTM*472*20191009~CAS*CO*26*24~REF*6R*CPN16Z2QD2HI~LQ*HE*N30~CLP*000100023035*4*134*0**MC*2019352050289~NM1*QC*1*SOILEAU*JOSEPH****MR*O245736~NM1*82*1*LUCAS*PEGGI*S***XX*1366419582~REF*EA*03F7FD9557A44D60A1C3CB1E6868FC2D~DTM*232*20191001~DTM*233*20191001~SVC*HC:99214:25*134*0**0**1~DTM*472*20191001~CAS*PI*96*134~REF*6R*CPN19MNX6I72~LQ*HE*N56~CLP*000100026510*1*204*136.31*2*MC*2019351033751~NM1*QC*1*ANDREWS*HEIDI****MR*O787323~NM1*82*1*GRONEMEYER*LEANNE*R***XX*1659521045~REF*EA*B9B0B3C62ED74B0280D088E1F5197BD9~DTM*232*20191210~DTM*233*20191210~SVC*HC:99214:25*134*95.11**1~DTM*472*20191210~CAS*PR*3*2~CAS*CO*45*36.89~REF*6R*CPN9FLRO75PP~AMT*B6*97.11~LQ*HE*N381~LQ*HE*N381~SVC*HC:90471*35*19.46**1~DTM*472*20191210~CAS*CO*45*15.54~REF*6R*CPN9CRW0CSGT~AMT*B6*19.46~LQ*HE*N381~SVC*HC:90674*35*21.74**1~DTM*472*20191210~CAS*CO*45*13.26~REF*6R*CPN9NJVT61D0~AMT*B6*21.74~LQ*HE*N381~CLP*000100026355*1*160*105.55**MC*2019352064118~NM1*QC*1*APODACA*ALEX****MR*G175017~NM1*82*1*LUCAS*PEGGI*S***XX*1366419582~REF*EA*6EF07D4301D541C3A272B959A9FA5EF5~DTM*232*20191206~DTM*233*20191206~SVC*HC:99394*160*105.55**1~DTM*472*20191206~CAS*CO*45*54.45~REF*6R*CPN15C98OJZ1~AMT*B6*105.55~LQ*HE*N381~CLP*000100025808*1*75.93*57.33**MC*2019352063938~NM1*QC*1*ARAGON*NESTOR****MR*R427575~NM1*82*1*LUCAS*PEGGI*S***XX*1366419582~REF*EA*ABB98E619DC4474BB732B2AB3F860D4C~DTM*232*20191126~DTM*233*20191126~SVC*HC:20610:LT*61.93*51.25**1~DTM*472*20191126~CAS*CO*45*10.68~REF*6R*CPN1H9IDUEOT~AMT*B6*51.25~LQ*HE*N381~LQ*HE*N381~SVC*HC:J3301*14*6.08**4~DTM*472*20191126~CAS*CO*45*7.92~REF*6R*CPN1094SCSMY~AMT*B6*6.08~LQ*HE*N381~CLP*000100026706*1*134*95.11*2*MC*2019354050237~NM1*QC*1*ARCHULETA*VERONICA*E***MR*D411500~NM1*82*1*GRONEMEYER*LEANNE*R***XX*1659521045~REF*EA*3BACF654662340CD94D4180D374D36A8~DTM*232*20191212~DTM*233*20191212~SVC*HC:99214*134*95.11**1~DTM*472*20191212~CAS*PR*3*2~CAS*CO*45*36.89~REF*6R*CPOTS5VSE1QV~AMT*B6*97.11~LQ*HE*N381~LQ*HE*N381~CLP*000100026447*1*257*178.22**MC*2019352064109~NM1*QC*1*ARPAN*AZELIA*T***MR*Y992951~NM1*82*1*GRONEMEYER*LEANNE*R***XX*1659521045~REF*EA*7D08B41913874C61A8CD644B38597076~DTM*232*20191209~DTM*233*20191209~SVC*HC:99213:25:FP*90*81.55**1~DTM*472*20191209~CAS*CO*45*8.45~REF*6R*CPN1JRBQIOFB~AMT*B6*81.55~LQ*HE*N381~SVC*HC:96372:FP*32*15.67**1~DTM*472*20191209~CAS*CO*45*16.33~REF*6R*CPN169W9TI84~AMT*B6*15.67~LQ*HE*N381~SVC*HC:J1050:FP*135*81**150~DTM*472*20191209~CAS*CO*45*54~REF*6R*CPN1GK78NC72~AMT*B6*81~LQ*HE*N381~CLP*000100026339*1*149*105.53**MC*2019351033455~NM1*QC*1*AVILA*KRISTA*M***MR*K943511~NM1*82*1*SEARLES*DENISE*A***XX*1396971230~REF*EA*19488782B0764001A33196D0BB817D43~DTM*232*20191206~DTM*233*20191206~SVC*HC:99214:25*134*97.11**1~DTM*472*20191206~CAS*CO*45*36.89~REF*6R*CPN9BXI6N8VK~AMT*B6*97.11~LQ*HE*N381~SVC*HC:81025*15*8.42**1~DTM*472*20191206~CAS*CO*45*6.58~REF*6R*CPN95XABTCV2~AMT*B6*8.42~LQ*HE*N381~CLP*000100026627*1*1971*1290.31**MC*2019354050265~NM1*QC*1*BACA*DONOVAN*D***MR*U406657~NM1*82*1*GRONEMEYER*LEANNE*R***XX*1659521045~REF*EA*9E4218B56DCA40209AA050DF1358A3FB~DTM*232*20191211~DTM*233*20191211~SVC*HC:99214:25*134*97.11**1~DTM*472*20191211~CAS*CO*45*36.89~REF*6R*CPOTNDNWZSWV~AMT*B6*97.11~LQ*HE*N381~SVC*HC:96372*32*0**0**1~DTM*472*20191211~CAS*CO*109*32~REF*6R*CPOT0CKNLZRY~LQ*HE*N381~SVC*HC:J2315*1805*1193.2**380~DTM*472*20191211~CAS*CO*45*611.8~REF*6R*CPOT9ABZL9UY~AMT*B6*1193.2~LQ*HE*N381~CLP*000100026296*1*149*105.53**MC*2019351033548~NM1*QC*1*BANKSTON*AMANDA*M***MR*G892642~NM1*82*1*SEARLES*DENISE*A***XX*1396971230~REF*EA*AC6CAD73985E4643BCAC32AE41563FCC~DTM*232*20191205~DTM*233*20191205~SVC*HC:99214:25*134*97.11**1~DTM*472*20191205~CAS*CO*45*36.89~REF*6R*CPN98F0SPYDH~AMT*B6*97.11~LQ*HE*N381~SVC*HC:81025*15*8.42**1~DTM*472*20191205~CAS*CO*45*6.58~REF*6R*CPN95IG23F30~AMT*B6*8.42~LQ*HE*N381~CLP*000100026668*1*149*105.53**MC*2019354050223~NM1*QC*1*BANKSTON*AMANDA*M***MR*G892642~NM1*82*1*SEARLES*DENISE*A***XX*1396971230~REF*EA*A76F79BFDD764EA2BABE45A7417050E0~DTM*232*20191212~DTM*233*20191212~SVC*HC:99214:25*134*97.11**1~DTM*472*20191212~CAS*CO*45*36.89~REF*6R*CPOTS7YT3AX8~AMT*B6*97.11~LQ*HE*N381~SVC*HC:81025*15*8.42**1~DTM*472*20191212~CAS*CO*45*6.58~REF*6R*CPOTULFIXZOV~AMT*B6*8.42~LQ*HE*N381~CLP*000100026693*1*134*97.11**MC*2019354050256~NM1*QC*1*BLAZEK*HEVYN****MR*Y896938~NM1*82*1*GRONEMEYER*LEANNE*R***XX*1659521045~REF*EA*E92C4D30A2324CA0A5FC30A12C4C50F1~DTM*232*20191212~DTM*233*20191212~SVC*HC:99214*134*97.11**1~DTM*472*20191212~CAS*CO*45*36.89~REF*6R*CPOT4YVZBPR9~AMT*B6*97.11~LQ*HE*N381~CLP*000100026686*1*149*105.53**MC*2019354050143~NM1*QC*1*BOULIER*JEWEL*R***MR*W913486~NM1*82*1*SEARLES*DENISE*A***XX*1396971230~REF*EA*7E4A8644865F4CC98DE65A4297FE46D3~DTM*232*20191212~DTM*233*20191212~SVC*HC:99214:25*134*97.11**1~DTM*472*20191212~CAS*CO*45*36.89~REF*6R*CPOTRFZUBVN5~AMT*B6*97.11~LQ*HE*N381~SVC*HC:81025*15*8.42**1~DTM*472*20191212~CAS*CO*45*6.58~REF*6R*CPOT2JBPI909~AMT*B6*8.42~LQ*HE*N381~CLP*000100026346*1*134*97.11**MC*2019351033133~NM1*QC*1*BRODEUR*MICHAEL****MR*O634397~NM1*82*1*SEARLES*DENISE*A***XX*1396971230~REF*EA*D5C5EFB4A45542AE98B1A410B02BB87F~DTM*232*20191206~DTM*233*20191206~SVC*HC:99214*134*97.11**1~DTM*472*20191206~CAS*CO*45*36.89~REF*6R*CPN9HV0UDJ1M~AMT*B6*97.11~LQ*HE*N381~CLP*000100026704*1*134*97.11**MC*2019354050190~NM1*QC*1*BURACKER MARTINEZ*BRENDON*G***MR*Y807368~NM1*74*1*BURACKERMARTINE~NM1*82*1*GRONEMEYER*LEANNE*R***XX*1659521045~REF*EA*4EB576163D90443C9CFDE9A9C4875546~DTM*232*20191212~DTM*233*20191212~SVC*HC:99214*134*97.11**1~DTM*472*20191212~CAS*CO*45*36.89~REF*6R*CPOT366JGQ0A~AMT*B6*97.11~LQ*HE*N381~CLP*000100026179*1*2228*1434.5*2*MC*2019351033388~NM1*QC*1*PORTER*ASHLEY*C***MR*G299091~NM1*74*1*BURCH~NM1*82*1*GRONEMEYER*LEANNE*R***XX*1659521045~REF*EA*A92905AC2EB149A3B50F59AD41E18485~DTM*232*20191204~DTM*233*20191204~SVC*HC:99205:25*255*184.33**1~DTM*472*20191204~CAS*PR*3*2~CAS*CO*45*68.67~REF*6R*CPN9GFB983CA~AMT*B6*186.33~LQ*HE*N381~LQ*HE*N381~SVC*HC:99415*45*7.11**1~DTM*472*20191204~CAS*CO*45*37.89~REF*6R*CPN9U1NP6RU0~AMT*B6*7.11~LQ*HE*N381~SVC*HC:96372*32*0**0**1~DTM*472*20191204~CAS*CO*109*32~REF*6R*CPN9IQ7CHPPC~LQ*HE*N381~SVC*HC:J2315*1805*1193.2**380~DTM*472*20191204~CAS*CO*45*611.8~REF*6R*CPN90DNRB275~AMT*B6*1193.2~LQ*HE*N381~SVC*HC:H0049*36*10.92**1~DTM*472*20191204~CAS*CO*45*25.08~REF*6R*CPN94D60JU5C~AMT*B6*10.92~LQ*HE*N381~SVC*HC:G8431*40*30.52**1~DTM*472*20191204~CAS*CO*45*9.48~REF*6R*CPN9YKM57QWE~AMT*B6*30.52~LQ*HE*N381~SVC*HC:81025*15*8.42**1~DTM*472*20191204~CAS*CO*45*6.58~REF*6R*CPN9RHUA7IZ7~AMT*B6*8.42~LQ*HE*N381~CLP*000100026529*1*204*158.85*2*MC*2019352063944~NM1*QC*1*PORTER*ASHLEY*C***MR*G299091~NM1*74*1*BURCH~NM1*82*1*SEARLES*DENISE*A***XX*1396971230~REF*EA*4B53798103234F3B9DDE4D27730FEEC7~DTM*232*20191210~DTM*233*20191210~SVC*HC:99214:25:FP*134*117.65**1~DTM*472*20191210~CAS*PR*3*2~CAS*CO*45*14.35~REF*6R*CPN1R2NPZ4N8~AMT*B6*119.65~LQ*HE*N381~LQ*HE*N381~SVC*HC:90471:FP*35*19.46**1~DTM*472*20191210~CAS*CO*45*15.54~REF*6R*CPN16S0QEENY~AMT*B6*19.46~LQ*HE*N381~SVC*HC:90674:FP*35*21.74**1~DTM*472*20191210~CAS*CO*45*13.26~REF*6R*CPN197UP1VLI~AMT*B6*21.74~LQ*HE*N381~CLP*000100026565*1*105*72.23*2*MC*2019354050157~NM1*QC*1*PORTER*ASHLEY*C***MR*G299091~NM1*74*1*BURCH~NM1*82*1*GRONEMEYER*LEANNE*R***XX*1659521045~REF*EA*ADA1058B9BFC4D09AC0EAF37ED04B64B~DTM*232*20191211~DTM*233*20191211~SVC*HC:99213:25*90*63.81**1~DTM*472*20191211~CAS*PR*3*2~CAS*CO*45*24.19~REF*6R*CPOT3Q7HYWFH~AMT*B6*65.81~LQ*HE*N381~LQ*HE*N381~SVC*HC:81025*15*8.42**1~DTM*472*20191211~CAS*CO*45*6.58~REF*6R*CPOTHVN8B6KT~AMT*B6*8.42~LQ*HE*N381~CLP*000100026352*1*149*103.53*2*MC*2019351033233~NM1*QC*1*BUSTILLOS*DESIREE****MR*Y193127~NM1*82*1*LANE*DELLA*J***XX*1417151630~REF*EA*8B4F4E22CADB43F7A4ABD89BE847D872~DTM*232*20191206~DTM*233*20191206~SVC*HC:99214:25*134*95.11**1~DTM*472*20191206~CAS*PR*3*2~CAS*CO*45*36.89~REF*6R*CPN9YKW8OUYV~AMT*B6*97.11~LQ*HE*N381~LQ*HE*N381~SVC*HC:81025*15*8.42**1~DTM*472*20191206~CAS*CO*45*6.58~REF*6R*CPN90FSISBI2~AMT*B6*8.42~LQ*HE*N381~CLP*000100026401*1*134*97.11**MC*2019351033595~NM1*QC*1*BYERS*BRAXTON****MR*O055709~NM1*82*1*LUCAS*PEGGI*S***XX*1366419582~REF*EA*F3D6996EDEB94F4F83A4B82AD8C60D0C~DTM*232*20191206~DTM*233*20191206~SVC*HC:99214*134*97.11**1~DTM*472*20191206~CAS*CO*45*36.89~REF*6R*CPN97LYST3CA~AMT*B6*97.11~LQ*HE*N381~CLP*000100026334*1*54*39.39**MC*2019351033762~NM1*QC*1*CABELLO*ANNE*L***MR*J047769~NM1*82*1*CADDALI*ESTRELLA*A***XX*1164974580~REF*EA*EC254C71AEC6466BB8BAE027EB8C430A~DTM*232*20191206~DTM*233*20191206~SVC*HC:99212*54*39.39**1~DTM*472*20191206~CAS*CO*45*14.61~REF*6R*CPN99CTQZDRA~AMT*B6*39.39~LQ*HE*N381~CLP*000100026497*1*149*105.53**MC*2019351033678~NM1*QC*1*CALDERON*DAVINA*R***MR*J450070~NM1*82*1*HOOSHMAND-PARSI*KAYHOSROW****XX*1447291851~REF*EA*D89923D5E24D4F239F459CB913653412~DTM*232*20191210~DTM*233*20191210~SVC*HC:99214:25*134*97.11**1~DTM*472*20191210~CAS*CO*45*36.89~REF*6R*CPN97B09692M~AMT*B6*97.11~LQ*HE*N381~SVC*HC:81025*15*8.42**1~DTM*472*20191210~CAS*CO*45*6.58~REF*6R*CPN9KODPIAUA~AMT*B6*8.42~LQ*HE*N381~CLP*000100026365*1*134*97.11**MC*2019351033444~NM1*QC*1*CALKINS*CARISSA****MR*P086416~NM1*82*1*LUCAS*PEGGI*S***XX*1366419582~REF*EA*7277EB69D481493AB2D6F741FC2EF963~DTM*232*20191206~DTM*233*20191206~SVC*HC:99214*134*97.11**1~DTM*472*20191206~CAS*CO*45*36.89~REF*6R*CPN9M7SZHG86~AMT*B6*97.11~LQ*HE*N381~CLP*000100026635*1*134*95.11*2*MC*2019354050249~NM1*QC*1*CALLAHAN*STEPHANIE*M***MR*U682984~NM1*82*1*HOOSHMAND-PARSI*KAYHOSROW****XX*1447291851~REF*EA*ECF385D572F741958A8825A7952C5DB5~DTM*232*20191211~DTM*233*20191211~SVC*HC:99214*134*95.11**1~DTM*472*20191211~CAS*PR*3*2~CAS*CO*45*36.89~REF*6R*CPOTESANO3RC~AMT*B6*97.11~LQ*HE*N381~LQ*HE*N381~CLP*000100026396*1*90*65.81**MC*2019351033634~NM1*QC*1*CARBAJAL*MELISSA****MR*A287390~NM1*82*1*CADDALI*ESTRELLA*A***XX*1164974580~REF*EA*D5FEE37E692E4CD08218E48989FD2407~DTM*232*20191206~DTM*233*20191206~SVC*HC:99213*90*65.81**1~DTM*472*20191206~CAS*CO*45*24.19~REF*6R*CPN91LC8Q4KJ~AMT*B6*65.81~LQ*HE*N381~CLP*000100026540*1*90*65.81**MC*2019354050083~NM1*QC*1*CHATMAN*BRITTANY*C***MR*Y447314~NM1*82*1*SEARLES*DENISE*A***XX*1396971230~REF*EA*C29B46EEC6794D729AA5294F66E3BA7D~DTM*232*20191210~DTM*233*20191210~SVC*HC:99213*90*65.81**1~DTM*472*20191210~CAS*CO*45*24.19~REF*6R*CPOT2I7U8EOP~AMT*B6*65.81~LQ*HE*N381~CLP*000100026301*1*134*97.11**MC*2019351033185~NM1*QC*1*CHAVEZ*MELISSA****MR*J002962~NM1*82*1*SEARLES*DENISE*A***XX*1396971230~REF*EA*45062BC5ADA049A790CD83035F5EA6EC~DTM*232*20191205~DTM*233*20191205~SVC*HC:99214*134*97.11**1~DTM*472*20191205~CAS*CO*45*36.89~REF*6R*CPN9Q68EG5M2~AMT*B6*97.11~LQ*HE*N381~CLP*000100026405*1*90*65.81**MC*2019351033825~NM1*QC*1*COLEBURN*JENNIFER*M***MR*P379930~NM1*82*1*CADDALI*ESTRELLA*A***XX*1164974580~REF*EA*701E03CA298B4382AC13CA777FCD23E6~DTM*232*20191206~DTM*233*20191206~SVC*HC:99213*90*65.81**1~DTM*472*20191206~CAS*CO*45*24.19~REF*6R*CPN960B3E1UJ~AMT*B6*65.81~LQ*HE*N381~CLP*000100026576*1*330*182.02**MC*2019354050290~NM1*QC*1*COLLINS*JUSTIN*R***MR*P006156~NM1*82*1*KLAKER*JULIE*M***XX*1215134705~REF*EA*E25EFEA41B664CDAAF22DE56E340816E~DTM*232*20191211~DTM*233*20191211~SVC*HC:99204:25*205*149.59**1~DTM*472*20191211~CAS*CO*45*55.41~REF*6R*CPOTPXP8EK1V~AMT*B6*149.59~LQ*HE*N381~SVC*HC:99415*45*7.11**1~DTM*472*20191211~CAS*CO*45*37.89~REF*6R*CPOTUH0NB4WL~AMT*B6*7.11~LQ*HE*N381~SVC*HC:H0049*36*10.92**1~DTM*472*20191211~CAS*CO*45*25.08~REF*6R*CPOT0L35LHP7~AMT*B6*10.92~LQ*HE*N381~SVC*HC:G8510*40*11**1~DTM*472*20191211~CAS*CO*45*29~REF*6R*CPOTUAAQBADX~AMT*B6*11~LQ*HE*N381~SVC*HC:81002*4*3.4**1~DTM*472*20191211~CAS*CO*45*.6~REF*6R*CPOT24HSHFH1~AMT*B6*3.4~LQ*HE*N381~CLP*000100024726*2*23.15*7.76**MC*2019352063923~NM1*QC*1*CONGER*AMY*L***MR*G676635~NM1*82*1*HOOSHMAND-PARSI*KAYHOSROW****XX*1447291851~REF*EA*3D89E237BD5F40C59AFEBD5D0B320603~DTM*232*20191106~DTM*233*20191106~SVC*HC:93000*23.15*7.76**1~DTM*472*20191106~CAS*CO*45*1.65~CAS*OA*23*13.74~REF*6R*CPN1B76G1ZKC~AMT*B6*21.5~LQ*HE*MA125~LQ*HE*N381~CLP*000100026402*1*134*97.11**MC*2019351033276~NM1*QC*1*CRESPIN*GILBERT****MR*M707740~NM1*82*1*SEARLES*DENISE*A***XX*1396971230~REF*EA*64F13B89CBE9409B9180EBEC3F7C339B~DTM*232*20191206~DTM*233*20191206~SVC*HC:99214*134*97.11**1~DTM*472*20191206~CAS*CO*45*36.89~REF*6R*CPN96ODDMF61~AMT*B6*97.11~LQ*HE*N381~CLP*000100026440*1*149*105.53**MC*2019352063948~NM1*QC*1*CRUZ*MARIAH****MR*U875752~NM1*82*1*HOOSHMAND-PARSI*KAYHOSROW****XX*1447291851~REF*EA*B9378469613947E685B8F265C6D7D459~DTM*232*20191209~DTM*233*20191209~SVC*HC:99214:25*134*97.11**1~DTM*472*20191209~CAS*CO*45*36.89~REF*6R*CPN174DY9LT4~AMT*B6*97.11~LQ*HE*N381~SVC*HC:81025*15*8.42**1~DTM*472*20191209~CAS*CO*45*6.58~REF*6R*CPN1MFB5SISM~AMT*B6*8.42~LQ*HE*N381~CLP*000100026369*1*134*97.11**MC*2019351033535~NM1*QC*1*DEJOY*ANTHONY****MR*W988017~NM1*82*1*LUCAS*PEGGI*S***XX*1366419582~REF*EA*6FCF3B197B3140558F14BCEAD5708CC1~DTM*232*20191206~DTM*233*20191206~SVC*HC:99214*134*97.11**1~DTM*472*20191206~CAS*CO*45*36.89~REF*6R*CPN9PLBIU9K6~AMT*B6*97.11~LQ*HE*N381~CLP*000100026314*1*134*97.11**MC*2019351033334~NM1*QC*1*DURAN*ALVIN*R***MR*W176209~NM1*82*1*SEARLES*DENISE*A***XX*1396971230~REF*EA*F6274DC5E27C496CA118D38F89CD45AF~DTM*232*20191205~DTM*233*20191205~SVC*HC:99214*134*97.11**1~DTM*472*20191205~CAS*CO*45*36.89~REF*6R*CPN9I70XSCTT~AMT*B6*97.11~LQ*HE*N381~CLP*000100026582*1*80*71.25**MC*2019354050167~NM1*QC*1*DURAN*DANELLE****MR*J114866~NM1*82*1*LEWIS*HOLLY*G***XX*1295234128~REF*EA*A2272DF106174DECB7F739F8EAA1617A~DTM*232*20191211~DTM*233*20191211~SVC*HC:90834*80*71.25**1~DTM*472*20191211~CAS*CO*45*8.75~REF*6R*CPOTD6MMB5EG~AMT*B6*71.25~LQ*HE*N381~CLP*000100026484*1*134*97.11**MC*2019352064009~NM1*QC*1*DURAN*LUCIANO*K***MR*P804952~NM1*82*1*GRONEMEYER*LEANNE*R***XX*1659521045~REF*EA*EA70C9E59DA840B096ED7605116C727E~DTM*232*20191209~DTM*233*20191209~SVC*HC:99214*134*97.11**1~DTM*472*20191209~CAS*CO*45*36.89~REF*6R*CPN1O3C81VVM~AMT*B6*97.11~LQ*HE*N381~CLP*000100026361*1*134*97.11**MC*2019351033344~NM1*QC*1*EDMONDS*CHAD*W***MR*O652133~NM1*82*1*SEARLES*DENISE*A***XX*1396971230~REF*EA*F628963807F24EA4AECEC0991FC4C189~DTM*232*20191206~DTM*233*20191206~SVC*HC:99214*134*97.11**1~DTM*472*20191206~CAS*CO*45*36.89~REF*6R*CPN9LP2Z6462~AMT*B6*97.11~LQ*HE*N381~CLP*000100026604*1*149*105.53**MC*2019354050100~NM1*QC*1*EHLERS*DESIREE*F***MR*P131523~NM1*82*1*KLAKER*JULIE*M***XX*1215134705~REF*EA*8121E079391840A9A4BFC790C4D6C491~DTM*232*20191211~DTM*233*20191211~SVC*HC:99214:25*134*97.11**1~DTM*472*20191211~CAS*CO*45*36.89~REF*6R*CPOT2Z6USXQC~AMT*B6*97.11~LQ*HE*N381~SVC*HC:81025*15*8.42**1~DTM*472*20191211~CAS*CO*45*6.58~REF*6R*CPOTDUFMMT5A~AMT*B6*8.42~LQ*HE*N381~CLP*000100026390*1*115*104.26**MC*2019351033657~NM1*QC*1*ELLISON*TRACY****MR*Y263234~NM1*82*1*LEWIS*HOLLY*G***XX*1295234128~REF*EA*CACABE792FFF4F05A11D332687FEC506~DTM*232*20191206~DTM*233*20191206~SVC*HC:90837*115*104.26**1~DTM*472*20191206~CAS*CO*45*10.74~REF*6R*CPN9ZI97LJIH~AMT*B6*104.26~LQ*HE*N381~CLP*000100026350*1*149*105.53**MC*2019352063863~NM1*QC*1*ELZY*BETHANY****MR*U829312~NM1*82*1*SEARLES*DENISE*A***XX*1396971230~REF*EA*00C133581D8E411ABA076638EDC4E3A5~DTM*232*20191206~DTM*233*20191206~SVC*HC:99214:25*134*97.11**1~DTM*472*20191206~CAS*CO*45*36.89~REF*6R*CPN1GYH88GH9~AMT*B6*97.11~LQ*HE*N381~SVC*HC:81025*15*8.42**1~DTM*472*20191206~CAS*CO*45*6.58~REF*6R*CPN1WUQY7DBX~AMT*B6*8.42~LQ*HE*N381~CLP*000100026511*1*321*247.5**MC*2019354050114~NM1*QC*1*FERNANDEZ*CHARLES****MR*I154949~NM1*82*1*SEARLES*DENISE*A***XX*1396971230~REF*EA*FF06B952DF2B47CBAD6517C54C2AC897~DTM*232*20191210~DTM*233*20191210~SVC*HC:99204:FP*205*184.02**1~DTM*472*20191210~CAS*CO*45*20.98~REF*6R*CPOT1FLKB9NA~AMT*B6*184.02~LQ*HE*N381~SVC*HC:97602*40*32.96**1~DTM*472*20191210~CAS*CO*45*7.04~REF*6R*CPOT41PRSUGY~AMT*B6*32.96~LQ*HE*N381~SVC*HC:H0049*36*0**0**1~DTM*472*20191210~CAS*PI*97*36~REF*6R*CPOTZ8P8F2ZZ~LQ*HE*N20~LQ*HE*N381~SVC*HC:G8431*40*30.52**1~DTM*472*20191210~CAS*CO*45*9.48~REF*6R*CPOT42WZ2ISD~AMT*B6*30.52~LQ*HE*N381~CLP*000100026360*1*134*97.11**MC*2019351033704~NM1*QC*1*FERRIS*JOSHUA*R***MR*U655766~NM1*82*1*LANE*DELLA*J***XX*1417151630~REF*EA*76AF89C92B494B12A5E1E344305CB7F0~DTM*232*20191206~DTM*233*20191206~SVC*HC:99214*134*97.11**1~DTM*472*20191206~CAS*CO*45*36.89~REF*6R*CPN9EHMPDITH~AMT*B6*97.11~LQ*HE*N381~CLP*000100026292*1*90*65.81**MC*2019351033097~NM1*QC*1*FIORINI*CHRISTENA*E***MR*Y109693~NM1*82*1*CADDALI*ESTRELLA*A***XX*1164974580~REF*EA*F9CAAA6A1D52499BAD7FB396DCB25D7C~DTM*232*20191205~DTM*233*20191205~SVC*HC:99213*90*65.81**1~DTM*472*20191205~CAS*CO*45*24.19~REF*6R*CPN968J9JC5W~AMT*B6*65.81~LQ*HE*N381~CLP*000100026571*1*149*105.53**MC*2019352063856~NM1*QC*1*FIORINI*CHRISTENA*E***MR*Y109693~NM1*82*1*KLAKER*JULIE*M***XX*1215134705~REF*EA*CAEB12B1961D44EB803DB86EC29A7F16~DTM*232*20191211~DTM*233*20191211~SVC*HC:99214:25*134*97.11**1~DTM*472*20191211~CAS*CO*45*36.89~REF*6R*CPN1LLLBMSKS~AMT*B6*97.11~LQ*HE*N381~SVC*HC:81025*15*8.42**1~DTM*472*20191211~CAS*CO*45*6.58~REF*6R*CPN17XCMOUGL~AMT*B6*8.42~LQ*HE*N381~CLP*000100026611*1*90*65.81**MC*2019354050297~NM1*QC*1*FITZPATRICK*TINA****MR*M581665~NM1*82*1*SEARLES*DENISE*A***XX*1396971230~REF*EA*676F90E249484013AAEAD3B3E786310E~DTM*232*20191211~DTM*233*20191211~SVC*HC:99213*90*65.81**1~DTM*472*20191211~CAS*CO*45*24.19~REF*6R*CPOT1WO44FBD~AMT*B6*65.81~LQ*HE*N381~CLP*000100026522*1*134*97.11**MC*2019352064113~NM1*QC*1*FLYNT*ZOLA****MR*Q759937~NM1*82*1*SEARLES*DENISE*A***XX*1396971230~REF*EA*3A1C4D20A9CB4D7392CC3E75B8835B8E~DTM*232*20191210~DTM*233*20191210~SVC*HC:99214*134*97.11**1~DTM*472*20191210~CAS*CO*45*36.89~REF*6R*CPN15JOXYF47~AMT*B6*97.11~LQ*HE*N381~CLP*000100026596*1*134*97.11**MC*2019354050285~NM1*QC*1*FLYNT*ZOLA****MR*Q759937~NM1*82*1*KLAKER*JULIE*M***XX*1215134705~REF*EA*CD912E32D17348309CA79D5ABF3BB70E~DTM*232*20191211~DTM*233*20191211~SVC*HC:99214*134*97.11**1~DTM*472*20191211~CAS*CO*45*36.89~REF*6R*CPOTF1W9Y5T1~AMT*B6*97.11~LQ*HE*N381~CLP*000100026383*1*90*65.81**MC*2019351033522~NM1*QC*1*GARCIA*CARLY****MR*O305641~NM1*82*1*CADDALI*ESTRELLA*A***XX*1164974580~REF*EA*CA1E0342E56A40A39D515AD7B98FD732~DTM*232*20191206~DTM*233*20191206~SVC*HC:99213*90*65.81**1~DTM*472*20191206~CAS*CO*45*24.19~REF*6R*CPN9KOP7NPV9~AMT*B6*65.81~LQ*HE*N381~CLP*000100026568*1*134*97.11**MC*2019352064080~NM1*QC*1*GARCIA*DANIEL*R***MR*S702489~NM1*82*1*KLAKER*JULIE*M***XX*1215134705~REF*EA*45F4FBBB4D1043F1BA114E0E32F1D86B~DTM*232*20191211~DTM*233*20191211~SVC*HC:99214*134*97.11**1~DTM*472*20191211~CAS*CO*45*36.89~REF*6R*CPN1TP7YJM01~AMT*B6*97.11~LQ*HE*N381~CLP*000100026356*1*131*96.46**MC*2019352063999~NM1*QC*1*GARCIA*LOGAN****MR*G750198~NM1*82*1*LUCAS*PEGGI*S***XX*1366419582~REF*EA*61EACEFED6CD408484543557274AD080~DTM*232*20191206~DTM*233*20191206~SVC*HC:99393*131*96.46**1~DTM*472*20191206~CAS*CO*45*34.54~REF*6R*CPN15KJ8NFK0~AMT*B6*96.46~LQ*HE*N381~CLP*000100026444*1*134*97.11**MC*2019352063882~NM1*QC*1*GARCIA*MARIO****MR*D425963~NM1*82*1*LUCAS*PEGGI*S***XX*1366419582~REF*EA*D204897620CD41858ED2F447A00C40FE~DTM*232*20191209~DTM*233*20191209~SVC*HC:99214*134*97.11**1~DTM*472*20191209~CAS*CO*45*36.89~REF*6R*CPN13QRC8U60~AMT*B6*97.11~LQ*HE*N381~CLP*000100026385*1*90*65.81**MC*2019352064117~NM1*QC*1*GARCIA*SOPHIA****MR*O305642~NM1*82*1*CADDALI*ESTRELLA*A***XX*1164974580~REF*EA*EC2758B8C3EC4181B8C0016656ACF58C~DTM*232*20191206~DTM*233*20191206~SVC*HC:99213*90*65.81**1~DTM*472*20191206~CAS*CO*45*24.19~REF*6R*CPN1PJPQVWQ5~AMT*B6*65.81~LQ*HE*N381~CLP*000100026481*1*134*95.11*2*MC*2019351033324~NM1*QC*1*GARRISON*MARY****MR*Y524046~NM1*82*1*GRONEMEYER*LEANNE*R***XX*1659521045~REF*EA*C5333CEDFE014DA9A840BFA068279F92~DTM*232*20191209~DTM*233*20191209~SVC*HC:99214*134*95.11**1~DTM*472*20191209~CAS*PR*3*2~CAS*CO*45*36.89~REF*6R*CPN9LWIZQU8V~AMT*B6*97.11~LQ*HE*N381~LQ*HE*N381~CLP*000100026462*1*134*95.11*2*MC*2019352064020~NM1*QC*1*GERMAN*NEAL*D***MR*P523767~NM1*82*1*GRONEMEYER*LEANNE*R***XX*1659521045~REF*EA*76A0E3B03E5149EFAD0AD32D59A8C7A2~DTM*232*20191209~DTM*233*20191209~SVC*HC:99214*134*95.11**1~DTM*472*20191209~CAS*PR*3*2~CAS*CO*45*36.89~REF*6R*CPN1P16PCYFY~AMT*B6*97.11~LQ*HE*N381~LQ*HE*N381~CLP*000100026628*1*211*106.57*2*MC*2019354050234~NM1*QC*1*GOMEZ*CHARLEE****MR*Y224607~NM1*82*1*SEARLES*DENISE*A***XX*1396971230~REF*EA*73D631337A6E425E86F02BD032FD0B88~DTM*232*20191211~DTM*233*20191211~SVC*HC:99202:25*135*65.13**1~DTM*472*20191211~CAS*PR*3*2~CAS*CO*45*67.87~REF*6R*CPOTFIBKCCT5~AMT*B6*67.13~LQ*HE*N381~LQ*HE*N381~SVC*HC:H0049*36*10.92**1~DTM*472*20191211~CAS*CO*45*25.08~REF*6R*CPOT2DHR2H6U~AMT*B6*10.92~LQ*HE*N381~SVC*HC:G8431*40*30.52**1~DTM*472*20191211~CAS*CO*45*9.48~REF*6R*CPOTKG89TAVS~AMT*B6*30.52~LQ*HE*N381~CLP*000100026625*1*229.66*145.54**MC*2019354050279~NM1*QC*1*GOMEZ*ELIZABETH****MR*U370242~NM1*82*1*CADDALI*ESTRELLA*A***XX*1164974580~REF*EA*EF77E7A874CF47FDA5922C98A7284726~DTM*232*20191211~DTM*233*20191211~SVC*HC:99203:25*145*97.43**1~DTM*472*20191211~CAS*CO*45*47.57~REF*6R*CPOTQF34HG63~AMT*B6*97.43~LQ*HE*N381~SVC*HC:H0049*36*10.92**1~DTM*472*20191211~CAS*CO*45*25.08~REF*6R*CPOTEQU8Q8L9~AMT*B6*10.92~LQ*HE*N381~SVC*HC:G8431*40*30.52**1~DTM*472*20191211~CAS*CO*45*9.48~REF*6R*CPOT25TNRZBV~AMT*B6*30.52~LQ*HE*N381~SVC*HC:86580*8.66*6.67**1~DTM*472*20191211~CAS*CO*45*1.99~REF*6R*CPOTWXE2DGKS~AMT*B6*6.67~LQ*HE*N381~CLP*000100026358*1*90*65.81**MC*2019351033256~NM1*QC*1*GONZALES*JERRY****MR*M247465~NM1*82*1*SEARLES*DENISE*A***XX*1396971230~REF*EA*EC774B60223C428D872CB294F63F24D7~DTM*232*20191206~DTM*233*20191206~SVC*HC:99213*90*65.81**1~DTM*472*20191206~CAS*CO*45*24.19~REF*6R*CPN9XRUQ4GW6~AMT*B6*65.81~LQ*HE*N381~CLP*000100026389*1*401*52.2**MC*2019352063933~NM1*QC*1*GONZALES*MARY*L***MR*F639710~NM1*74*1*GONZALEZ~NM1*82*1*LUCAS*PEGGI*S***XX*1366419582~REF*EA*CD77AE59541747CD9C8FFC9776C20545~DTM*232*20191206~DTM*233*20191206~SVC*HC:99205*255*0**0**1~DTM*472*20191206~CAS*PI*97*255~REF*6R*CPN1LRCRTSKB~LQ*HE*N20~LQ*HE*N381~SVC*HC:90471*35*19.46**1~DTM*472*20191206~CAS*CO*45*15.54~REF*6R*CPN1BCSI6OUY~AMT*B6*19.46~LQ*HE*N381~SVC*HC:90674*35*21.74**1~DTM*472*20191206~CAS*CO*45*13.26~REF*6R*CPN1XJ25430I~AMT*B6*21.74~LQ*HE*N381~SVC*HC:H0049*36*0**0**1~DTM*472*20191206~CAS*PI*96*36~REF*6R*CPN1ZSM0W28F~LQ*HE*N30~LQ*HE*N381~SVC*HC:G8510*40*11**1~DTM*472*20191206~CAS*CO*45*29~REF*6R*CPN11M2L7DNF~AMT*B6*11~LQ*HE*N381~CLP*000100026717*1*90*65.81**MC*2019354050309~NM1*QC*1*GOODRICH*SAMANTHA*J***MR*Y525222~NM1*82*1*SEARLES*DENISE*A***XX*1396971230~REF*EA*52D1E1AA449A4C378033F0E75F74818F~DTM*232*20191213~DTM*233*20191213~SVC*HC:99213*90*65.81**1~DTM*472*20191213~CAS*CO*45*24.19~REF*6R*CPOTA494J8R5~AMT*B6*65.81~LQ*HE*N381~CLP*000100026656*1*2228*1436.5**MC*2019354050313~NM1*QC*1*GOODRICH*SAMANTHA*J***MR*Y525222~NM1*82*1*SEARLES*DENISE*A***XX*1396971230~REF*EA*2FBAD4171BE443B4BB17E5ED282A1E93~DTM*232*20191212~DTM*233*20191212~SVC*HC:99205:25*255*186.33**1~DTM*472*20191212~CAS*CO*45*68.67~REF*6R*CPOTKU2TJGE0~AMT*B6*186.33~LQ*HE*N381~SVC*HC:99415*45*7.11**1~DTM*472*20191212~CAS*CO*45*37.89~REF*6R*CPOTYZA815NN~AMT*B6*7.11~LQ*HE*N381~SVC*HC:96372*32*0**0**1~DTM*472*20191212~CAS*CO*109*32~REF*6R*CPOTW7TSO143~LQ*HE*N381~SVC*HC:J2315*1805*1193.2**380~DTM*472*20191212~CAS*CO*45*611.8~REF*6R*CPOTDW4PLWUQ~AMT*B6*1193.2~LQ*HE*N381~SVC*HC:H0049*36*10.92**1~DTM*472*20191212~CAS*CO*45*25.08~REF*6R*CPOTOJ44Q8I7~AMT*B6*10.92~LQ*HE*N381~SVC*HC:G8431*40*30.52**1~DTM*472*20191212~CAS*CO*45*9.48~REF*6R*CPOTQA0M7PUE~AMT*B6*30.52~LQ*HE*N381~SVC*HC:81025*15*8.42**1~DTM*472*20191212~CAS*CO*45*6.58~REF*6R*CPOT54D572F9~AMT*B6*8.42~LQ*HE*N381~CLP*000100026520*1*54*39.39**MC*2019352064069~NM1*QC*1*GRINER*MARCUS****MR*M608799~NM1*82*1*HOOSHMAND-PARSI*KAYHOSROW****XX*1447291851~REF*EA*054DF39FBE5E458EAF801A2DAE525BC6~DTM*232*20191210~DTM*233*20191210~SVC*HC:99212*54*39.39**1~DTM*472*20191210~CAS*CO*45*14.61~REF*6R*CPN1YJF278LG~AMT*B6*39.39~LQ*HE*N381~CLP*000100026426*1*180*129.99**MC*2019352064073~NM1*QC*1*GRINER*MARCUS****MR*M608799~NM1*82*1*HOOSHMAND-PARSI*KAYHOSROW****XX*1447291851~REF*EA*668EAA5284504490931F143EC3E27D99~DTM*232*20191209~DTM*233*20191209~SVC*HC:99215*180*129.99**1~DTM*472*20191209~CAS*CO*45*50.01~REF*6R*CPN1YS28QV3Y~AMT*B6*129.99~LQ*HE*N381~CLP*000100026287*1*2217*1411.96**MC*2019352063894~NM1*QC*1*HAIGH*ANDREW****MR*H880429~NM1*82*1*GRONEMEYER*LEANNE*R***XX*1659521045~REF*EA*5547B01E0C0545BC9C5929C85D497370~DTM*232*20191205~DTM*233*20191205~SVC*HC:99205:25*255*186.33**1~DTM*472*20191205~CAS*CO*45*68.67~REF*6R*CPN1BAGKB9YK~AMT*B6*186.33~LQ*HE*N381~SVC*HC:99415*45*7.11**1~DTM*472*20191205~CAS*CO*45*37.89~REF*6R*CPN1GUHVC7MU~AMT*B6*7.11~LQ*HE*N381~SVC*HC:96372*32*0**0**1~DTM*472*20191205~CAS*CO*109*32~REF*6R*CPN1D2HCL5PJ~LQ*HE*N381~SVC*HC:J2315*1805*1193.2**380~DTM*472*20191205~CAS*CO*45*611.8~REF*6R*CPN1TQ7RB8BO~AMT*B6*1193.2~LQ*HE*N381~SVC*HC:H0049*36*10.92**1~DTM*472*20191205~CAS*CO*45*25.08~REF*6R*CPN1BP4ISZIP~AMT*B6*10.92~LQ*HE*N381~SVC*HC:G8510*40*11**1~DTM*472*20191205~CAS*CO*45*29~REF*6R*CPN1CVS9LX56~AMT*B6*11~LQ*HE*N381~SVC*HC:81002*4*3.4**1~DTM*472*20191205~CAS*CO*45*.6~REF*6R*CPN1V3PDC5RI~AMT*B6*3.4~LQ*HE*N381~CLP*000100026347*1*134*97.11**MC*2019351033198~NM1*QC*1*HALL*KRISTINA*K***MR*S324169~NM1*82*1*LANE*DELLA*J***XX*1417151630~REF*EA*A043C25C6C794C149EBFA5086736573B~DTM*232*20191206~DTM*233*20191206~SVC*HC:99214*134*97.11**1~DTM*472*20191206~CAS*CO*45*36.89~REF*6R*CPN9R5DW4NBR~AMT*B6*97.11~LQ*HE*N381~CLP*000100026710*1*65*55.35**MC*2019354050105~NM1*QC*1*HARRIS*ANGELA****MR*J327161~NM1*82*1*LEWIS*HOLLY*G***XX*1295234128~REF*EA*F13EFD0305234EACBBC3A726C21BA87A~DTM*232*20191213~DTM*233*20191213~SVC*HC:90832*65*55.35**1~DTM*472*20191213~CAS*CO*45*9.65~REF*6R*CPOTUD9KSBYH~AMT*B6*55.35~LQ*HE*N381~CLP*000100026514*1*134*97.11**MC*2019352063912~NM1*QC*1*HEREDIA*NEISHA****MR*M350525~NM1*82*1*HOOSHMAND-PARSI*KAYHOSROW****XX*1447291851~REF*EA*6D4BF26F8FDE47D6B70D429BD49E8CD0~DTM*232*20191210~DTM*233*20191210~SVC*HC:99214*134*97.11**1~DTM*472*20191210~CAS*CO*45*36.89~REF*6R*CPN10IZ2JYZQ~AMT*B6*97.11~LQ*HE*N381~CLP*000100026637*1*134*97.11**MC*2019354050139~NM1*QC*1*HERRERA*CLAUDIA****MR*K156429~NM1*82*1*SEARLES*DENISE*A***XX*1396971230~REF*EA*0F8D27B370A54D4EABB99CE7DEFED7B9~DTM*232*20191211~DTM*233*20191211~SVC*HC:99214*134*97.11**1~DTM*472*20191211~CAS*CO*45*36.89~REF*6R*CPOT9QSG9S1P~AMT*B6*97.11~LQ*HE*N381~CLP*000100026689*1*134*97.11**MC*2019354050198~NM1*QC*1*HERRERA*JEREMY****MR*E258249~NM1*82*1*KLAKER*JULIE*M***XX*1215134705~REF*EA*CD74F6FCEACF417E95354CD4B940F587~DTM*232*20191212~DTM*233*20191212~SVC*HC:99214*134*97.11**1~DTM*472*20191212~CAS*CO*45*36.89~REF*6R*CPOTHNFOMQDG~AMT*B6*97.11~LQ*HE*N381~CLP*000100024479*1*180*172.75**MC*2019351033830~NM1*QC*1*MYERS*ANDREA*D***MR*S831312~NM1*74*1*HOPKINS~NM1*82*1*SEARLES*DENISE*A***XX*1396971230~REF*EA*94BD41B1CC1744C8BC81049102E9BEA3~DTM*232*20191101~DTM*233*20191101~SVC*HC:11982:FP*180*172.75**1~DTM*472*20191101~CAS*CO*45*7.25~REF*6R*CPN9QHA8PRIE~AMT*B6*172.75~LQ*HE*N381~CLP*000100026321*1*90*63.81*2*MC*2019351033151~NM1*QC*1*ICENHOUR*HILARY****MR*Y202266~NM1*82*1*CADDALI*ESTRELLA*A***XX*1164974580~REF*EA*4EB74A090DA14B60B2A7E641CC009D4E~DTM*232*20191205~DTM*233*20191205~SVC*HC:99213*90*63.81**1~DTM*472*20191205~CAS*PR*3*2~CAS*CO*45*24.19~REF*6R*CPN9RNWVDDOS~AMT*B6*65.81~LQ*HE*N381~LQ*HE*N381~CLP*000100026558*1*134*97.11**MC*2019352063928~NM1*QC*1*JAMON*MONTE TRECE****MR*G762319~NM1*82*1*GRONEMEYER*LEANNE*R***XX*1659521045~REF*EA*F94E891789024D4A9388688C10E3E96B~DTM*232*20191210~DTM*233*20191210~SVC*HC:99214*134*97.11**1~DTM*472*20191210~CAS*CO*45*36.89~REF*6R*CPN1DBR3CWWJ~AMT*B6*97.11~LQ*HE*N381~CLP*000100026671*1*391*223.78**MC*2019354050168~NM1*QC*1*JANES*RACHEL*E***MR*P296378~NM1*82*1*SEARLES*DENISE*A***XX*1396971230~REF*EA*347F56F35A5E4F8E8308BE2F40626192~DTM*232*20191212~DTM*233*20191212~SVC*HC:99205:25*255*186.33**1~DTM*472*20191212~CAS*CO*45*68.67~REF*6R*CPOT9RPKC17E~AMT*B6*186.33~LQ*HE*N381~SVC*HC:99415*45*7.11**1~DTM*472*20191212~CAS*CO*45*37.89~REF*6R*CPOTXJT8HN9R~AMT*B6*7.11~LQ*HE*N381~SVC*HC:H0049*36*10.92**1~DTM*472*20191212~CAS*CO*45*25.08~REF*6R*CPOTPDLAFFYR~AMT*B6*10.92~LQ*HE*N381~SVC*HC:G8510*40*11**1~DTM*472*20191212~CAS*CO*45*29~REF*6R*CPOTXPN0AZ2T~AMT*B6*11~LQ*HE*N381~SVC*HC:81025*15*8.42**1~DTM*472*20191212~CAS*CO*45*6.58~REF*6R*CPOTYJ5QXQBY~AMT*B6*8.42~LQ*HE*N381~CLP*000100026624*1*218.66*125.7**MC*2019354050251~NM1*QC*1*JOHNSON*NORA****MR*J694925~NM1*82*1*HOOSHMAND-PARSI*KAYHOSROW****XX*1447291851~REF*EA*C45DB55BB87B4941BA92A388D05B07C5~DTM*232*20191211~DTM*233*20191211~SVC*HC:99214:25*134*97.11**1~DTM*472*20191211~CAS*CO*45*36.89~REF*6R*CPOTI4574ROD~AMT*B6*97.11~LQ*HE*N381~SVC*HC:H0049*36*10.92**1~DTM*472*20191211~CAS*CO*45*25.08~REF*6R*CPOTI7SX2NTO~AMT*B6*10.92~LQ*HE*N381~SVC*HC:G8510*40*11**1~DTM*472*20191211~CAS*CO*45*29~REF*6R*CPOT25VOCHIQ~AMT*B6*11~LQ*HE*N381~SVC*HC:86580*8.66*6.67**1~DTM*472*20191211~CAS*CO*45*1.99~REF*6R*CPOTGAI4LQPC~AMT*B6*6.67~LQ*HE*N381~CLP*000100026091*1*149*105.53**MC*2019351033493~NM1*QC*1*JOHNSON*TIFFANY*S***MR*L497210~NM1*82*1*HOOSHMAND-PARSI*KAYHOSROW****XX*1447291851~REF*EA*AB60B9BAC7EF4817BC5743F64FE7D188~DTM*232*20191203~DTM*233*20191203~SVC*HC:99214:25*134*97.11**1~DTM*472*20191203~CAS*CO*45*36.89~REF*6R*CPN99ZFAZQ76~AMT*B6*97.11~LQ*HE*N381~SVC*HC:81025*15*8.42**1~DTM*472*20191203~CAS*CO*45*6.58~REF*6R*CPN9WOEM6MMB~AMT*B6*8.42~LQ*HE*N381~CLP*000100026541*1*149*105.53**MC*2019352063979~NM1*QC*1*JOHNSON*TIFFANY*S***MR*L497210~NM1*82*1*HOOSHMAND-PARSI*KAYHOSROW****XX*1447291851~REF*EA*E753EA0C281A4B8E847B0B4A0FC59977~DTM*232*20191210~DTM*233*20191210~SVC*HC:99214:25*134*97.11**1~DTM*472*20191210~CAS*CO*45*36.89~REF*6R*CPN19JG6NJFK~AMT*B6*97.11~LQ*HE*N381~SVC*HC:81025*15*8.42**1~DTM*472*20191210~CAS*CO*45*6.58~REF*6R*CPN1MG1QHNU5~AMT*B6*8.42~LQ*HE*N381~CLP*000100026550*1*221*136.87*2*MC*2019354050187~NM1*QC*1*JONES*EDWIN****MR*O753803~NM1*82*1*SEARLES*DENISE*A***XX*1396971230~REF*EA*4040F5B0C4264FA7B21441D6B1CB03D4~DTM*232*20191210~DTM*233*20191210~SVC*HC:99203:25*145*95.43**1~DTM*472*20191210~CAS*PR*3*2~CAS*CO*45*47.57~REF*6R*CPOT4PASPVVN~AMT*B6*97.43~LQ*HE*N381~LQ*HE*N381~SVC*HC:H0049*36*10.92**1~DTM*472*20191210~CAS*CO*45*25.08~REF*6R*CPOTYHORBGTQ~AMT*B6*10.92~LQ*HE*N381~SVC*HC:G8431*40*30.52**1~DTM*472*20191210~CAS*CO*45*9.48~REF*6R*CPOTZZ0FBFN6~AMT*B6*30.52~LQ*HE*N381~CLP*000100026699*1*134*97.11**MC*2019354050164~NM1*QC*1*KASAN*ANTONIO****MR*Y225629~NM1*82*1*GRONEMEYER*LEANNE*R***XX*1659521045~REF*EA*549638D660B14C9AB3D9A3CFE1FBA670~DTM*232*20191212~DTM*233*20191212~SVC*HC:99214*134*97.11**1~DTM*472*20191212~CAS*CO*45*36.89~REF*6R*CPOT0B8ICGET~AMT*B6*97.11~LQ*HE*N381~CLP*000100026219*1*140*104.92**MC*2019351033251~NM1*QC*1*KERK*ELI****MR*O837059~NM1*82*1*SEARLES*DENISE*A***XX*1396971230~REF*EA*6FD0195ADD2343F083E2FB155F544C9F~DTM*232*20191204~DTM*233*20191204~SVC*HC:99382*140*104.92**1~DTM*472*20191204~CAS*CO*45*35.08~REF*6R*CPN972P649TZ~AMT*B6*104.92~LQ*HE*N381~CLP*000100026382*1*135*67.13**MC*2019351033697~NM1*QC*1*KERK*GAVEN****MR*G980839~NM1*82*1*SEARLES*DENISE*A***XX*1396971230~REF*EA*14A1938A1C7B4071ACB72093BBEEC0DE~DTM*232*20191206~DTM*233*20191206~SVC*HC:99202*135*67.13**1~DTM*472*20191206~CAS*CO*45*67.87~REF*6R*CPN9H1CB3575~AMT*B6*67.13~LQ*HE*N381~CLP*000100026460*1*255*184.33*2*MC*2019352064015~NM1*QC*1*KLEPPERICH*MICHAELA****MR*Y719389~NM1*82*1*GRONEMEYER*LEANNE*R***XX*1659521045~REF*EA*E38B7BF3DB284EE1AC94490939A54C63~DTM*232*20191209~DTM*233*20191209~SVC*HC:99205*255*184.33**1~DTM*472*20191209~CAS*PR*3*2~CAS*CO*45*68.67~REF*6R*CPN13SGD1JCM~AMT*B6*186.33~LQ*HE*N381~LQ*HE*N381~CLP*000100026508*1*135*67.13**MC*2019352063942~NM1*QC*1*LAND*SETH****MR*P877990~NM1*82*1*SEARLES*DENISE*A***XX*1396971230~REF*EA*B2FA3396D6B94A4894223E5E1E12834C~DTM*232*20191210~DTM*233*20191210~SVC*HC:99202*135*67.13**1~DTM*472*20191210~CAS*CO*45*67.87~REF*6R*CPN14D4CGJNV~AMT*B6*67.13~LQ*HE*N381~CLP*000100026580*1*134*97.11**MC*2019354050240~NM1*QC*1*LARK*WILLIAM****MR*K533858~NM1*82*1*SEARLES*DENISE*A***XX*1396971230~REF*EA*75E243FDB59B402898837CD950C115FE~DTM*232*20191211~DTM*233*20191211~SVC*HC:99214*134*97.11**1~DTM*472*20191211~CAS*CO*45*36.89~REF*6R*CPOTW10XGMGK~AMT*B6*97.11~LQ*HE*N381~CLP*000100026475*1*149*103.53*2*MC*2019351033308~NM1*QC*1*LERMA*VERONICA****MR*P119230~NM1*82*1*LUCAS*PEGGI*S***XX*1366419582~REF*EA*BFB0225052604BC69C1FCFF645A0446D~DTM*232*20191209~DTM*233*20191209~SVC*HC:99214:25*134*95.11**1~DTM*472*20191209~CAS*PR*3*2~CAS*CO*45*36.89~REF*6R*CPN96GPX8N37~AMT*B6*97.11~LQ*HE*N381~LQ*HE*N381~SVC*HC:81025*15*8.42**1~DTM*472*20191209~CAS*CO*45*6.58~REF*6R*CPN9QINDSH5E~AMT*B6*8.42~LQ*HE*N381~CLP*000100026308*1*134*97.11**MC*2019351033477~NM1*QC*1*LONGORIA*JULIE*A***MR*D395679~NM1*82*1*SEARLES*DENISE*A***XX*1396971230~REF*EA*EC73F4CBC47149DCB4FFE7F77DA34D4F~DTM*232*20191205~DTM*233*20191205~SVC*HC:99214*134*97.11**1~DTM*472*20191205~CAS*CO*45*36.89~REF*6R*CPN9UG7JHWAY~AMT*B6*97.11~LQ*HE*N381~CLP*000100026415*1*134*97.11**MC*2019351033297~NM1*QC*1*LORETO*JOSHUA*R***MR*E192810~NM1*82*1*LUCAS*PEGGI*S***XX*1366419582~REF*EA*ADB5CDAD7C1649FCBE2087FAD4E7C30D~DTM*232*20191209~DTM*233*20191209~SVC*HC:99214*134*97.11**1~DTM*472*20191209~CAS*CO*45*36.89~REF*6R*CPN923BQ3CAW~AMT*B6*97.11~LQ*HE*N381~CLP*000100026518*1*210*119.03**MC*2019352064038~NM1*QC*1*LOVATO*JOHN****MR*C530359~NM1*82*1*GRONEMEYER*LEANNE*R***XX*1659521045~REF*EA*660A3492D26041EFAE6F397395DD0D63~DTM*232*20191210~DTM*233*20191210~SVC*HC:99214:25*134*97.11**1~DTM*472*20191210~CAS*CO*45*36.89~REF*6R*CPN1QD9S1FA4~AMT*B6*97.11~LQ*HE*N381~SVC*HC:H0049*36*10.92**1~DTM*472*20191210~CAS*CO*45*25.08~REF*6R*CPN1AR8AY1VN~AMT*B6*10.92~LQ*HE*N381~SVC*HC:G8510*40*11**1~DTM*472*20191210~CAS*CO*45*29~REF*6R*CPN158N9ZSJ7~AMT*B6*11~LQ*HE*N381~CLP*000100026431*1*204*136.31*2*MC*2019351033222~NM1*QC*1*LOVE*DORIS*J***MR*D733937~NM1*82*1*GRONEMEYER*LEANNE*R***XX*1659521045~REF*EA*554F5136EA004FD9A47781C31FBD37B7~DTM*232*20191209~DTM*233*20191209~SVC*HC:99214:25*134*95.11**1~DTM*472*20191209~CAS*PR*3*2~CAS*CO*45*36.89~REF*6R*CPN97I1AQR1F~AMT*B6*97.11~LQ*HE*N381~LQ*HE*N381~SVC*HC:90471*35*19.46**1~DTM*472*20191209~CAS*CO*45*15.54~REF*6R*CPN9DXJZ086A~AMT*B6*19.46~LQ*HE*N381~SVC*HC:90674*35*21.74**1~DTM*472*20191209~CAS*CO*45*13.26~REF*6R*CPN9OR7KM0RW~AMT*B6*21.74~LQ*HE*N381~CLP*000100026598*1*134*97.11**MC*2019354050119~NM1*QC*1*MADERAS*DANIELA****MR*Q134586~NM1*82*1*CADDALI*ESTRELLA*A***XX*1164974580~REF*EA*CC11E141F3D74E66860FD3DD203B6461~DTM*232*20191211~DTM*233*20191211~SVC*HC:99214*134*97.11**1~DTM*472*20191211~CAS*CO*45*36.89~REF*6R*CPOTEOG1LF24~AMT*B6*97.11~LQ*HE*N381~CLP*000100026521*1*164*110.41**MC*2019352064045~NM1*QC*1*MAES*ODEAN****MR*J060945~NM1*82*1*CADDALI*ESTRELLA*A***XX*1164974580~REF*EA*87B305555C4244F28241841567981924~DTM*232*20191210~DTM*233*20191210~SVC*HC:99213:25*90*65.81**1~DTM*472*20191210~CAS*CO*45*24.19~REF*6R*CPN1E4ONADPX~AMT*B6*65.81~LQ*HE*N381~SVC*HC:90471*35*19.46**1~DTM*472*20191210~CAS*CO*45*15.54~REF*6R*CPN1EOD949QJ~AMT*B6*19.46~LQ*HE*N381~SVC*HC:90674*35*21.74**1~DTM*472*20191210~CAS*CO*45*13.26~REF*6R*CPN126YNQ8QH~AMT*B6*21.74~LQ*HE*N381~SVC*HC:81002*4*3.4**1~DTM*472*20191210~CAS*CO*45*.6~REF*6R*CPN1SQEE3OT0~AMT*B6*3.4~LQ*HE*N381~CLP*000100026651*1*2167*1373.22*2*MC*2019354050257~NM1*QC*1*MANZANARES*DUANE*E***MR*Q083072~NM1*82*1*KLAKER*JULIE*M***XX*1215134705~REF*EA*2D92B9AC0DD04FF595D07A387AACB3F7~DTM*232*20191212~DTM*233*20191212~SVC*HC:99204:25*205*147.59**1~DTM*472*20191212~CAS*PR*3*2~CAS*CO*45*55.41~REF*6R*CPOTILM6BFOY~AMT*B6*149.59~LQ*HE*N381~LQ*HE*N381~SVC*HC:99415*45*7.11**1~DTM*472*20191212~CAS*CO*45*37.89~REF*6R*CPOTGDU3HL52~AMT*B6*7.11~LQ*HE*N381~SVC*HC:96372*32*0**0**1~DTM*472*20191212~CAS*CO*109*32~REF*6R*CPOT39W3EFNG~LQ*HE*N381~SVC*HC:J2315*1805*1193.2**380~DTM*472*20191212~CAS*CO*45*611.8~REF*6R*CPOTU0XXYXUD~AMT*B6*1193.2~LQ*HE*N381~SVC*HC:H0049*36*10.92**1~DTM*472*20191212~CAS*CO*45*25.08~REF*6R*CPOT7GLVI8AY~AMT*B6*10.92~LQ*HE*N381~SVC*HC:G8510*40*11**1~DTM*472*20191212~CAS*CO*45*29~REF*6R*CPOTWF4K5URP~AMT*B6*11~LQ*HE*N381~SVC*HC:81002*4*3.4**1~DTM*472*20191212~CAS*CO*45*.6~REF*6R*CPOTXC7DNIY3~AMT*B6*3.4~LQ*HE*N381~CLP*000100026432*1*134*97.11**MC*2019352064024~NM1*QC*1*MARQUEZ*JON****MR*S249531~NM1*82*1*LUCAS*PEGGI*S***XX*1366419582~REF*EA*CD567382BA2E4FF291B1817C9FBBA03F~DTM*232*20191209~DTM*233*20191209~SVC*HC:99214*134*97.11**1~DTM*472*20191209~CAS*CO*45*36.89~REF*6R*CPN1MQAPII2K~AMT*B6*97.11~LQ*HE*N381~CLP*000100026626*1*149*103.53*2*MC*2019354050227~NM1*QC*1*MARTINEZ*DANIELLE*L***MR*U458658~NM1*82*1*KLAKER*JULIE*M***XX*1215134705~REF*EA*45914E68B31C4B28BC1325BBE8D1A760~DTM*232*20191211~DTM*233*20191211~SVC*HC:99214:25*134*95.11**1~DTM*472*20191211~CAS*PR*3*2~CAS*CO*45*36.89~REF*6R*CPOTVTD2OPBH~AMT*B6*97.11~LQ*HE*N381~LQ*HE*N381~SVC*HC:81025*15*8.42**1~DTM*472*20191211~CAS*CO*45*6.58~REF*6R*CPOTFIMGU6KJ~AMT*B6*8.42~LQ*HE*N381~CLP*000100026458*1*90*65.81**MC*2019352064090~NM1*QC*1*MARTINEZ*DEBRA*A***MR*D395711~NM1*82*1*HOOSHMAND-PARSI*KAYHOSROW****XX*1447291851~REF*EA*E7E72D561A4840A3A895D106435ACD64~DTM*232*20191209~DTM*233*20191209~SVC*HC:99213*90*65.81**1~DTM*472*20191209~CAS*CO*45*24.19~REF*6R*CPN1BL2P72BY~AMT*B6*65.81~LQ*HE*N381~CLP*000100026667*1*134*97.11**MC*2019354050215~NM1*QC*1*MATAMOROS*RICHARD****MR*D789780~NM1*82*1*GRONEMEYER*LEANNE*R***XX*1659521045~REF*EA*0B69F9AAC6F84C308B4CDDE091D1BA80~DTM*232*20191212~DTM*233*20191212~SVC*HC:99214*134*97.11**1~DTM*472*20191212~CAS*CO*45*36.89~REF*6R*CPOTAMVE7X1N~AMT*B6*97.11~LQ*HE*N381~CLP*000100025868*1*134*97.11**MC*2019352064082~NM1*QC*1*MCBRIDE*JOHN****MR*M382015~NM1*82*1*LUCAS*PEGGI*S***XX*1366419582~REF*EA*434745EC950848A1841E518FE6214E5C~DTM*232*20191127~DTM*233*20191127~SVC*HC:99214*134*97.11**1~DTM*472*20191127~CAS*CO*45*36.89~REF*6R*CPN1U1D3RHL9~AMT*B6*97.11~LQ*HE*N381~CLP*000100026425*1*90*65.81**MC*2019352064084~NM1*QC*1*MCGARVY*CHARLES*E***MR*O963904~NM1*82*1*LUCAS*PEGGI*S***XX*1366419582~REF*EA*5B69F0C1A7F94B82B2871C618B5C6247~DTM*232*20191209~DTM*233*20191209~SVC*HC:99213*90*65.81**1~DTM*472*20191209~CAS*CO*45*24.19~REF*6R*CPN1RBL2D7JM~AMT*B6*65.81~LQ*HE*N381~CLP*000100026640*1*90*65.81**MC*2019354050269~NM1*QC*1*MENGES*AMY*J***MR*Q984196~NM1*82*1*HOOSHMAND-PARSI*KAYHOSROW****XX*1447291851~REF*EA*EC725D17D625470FB7B12201B202BF75~DTM*232*20191211~DTM*233*20191211~SVC*HC:99213*90*65.81**1~DTM*472*20191211~CAS*CO*45*24.19~REF*6R*CPOT6L9FUJWC~AMT*B6*65.81~LQ*HE*N381~CLP*000100026593*1*374.15*253.73**MC*2019354050272~NM1*QC*1*MERCADO*ROBERT****MR*D360665~NM1*82*1*HOOSHMAND-PARSI*KAYHOSROW****XX*1447291851~REF*EA*511F85711B15411E88DDF8205C549F3C~DTM*232*20191211~DTM*233*20191211~SVC*HC:99204:25*205*149.59**1~DTM*472*20191211~CAS*CO*45*55.41~REF*6R*CPOTY54488OI~AMT*B6*149.59~LQ*HE*N381~SVC*HC:93000*23.15*21.5**1~DTM*472*20191211~CAS*CO*45*1.65~REF*6R*CPOTY2DRD2QC~AMT*B6*21.5~LQ*HE*N381~SVC*HC:90471*35*19.46**1~DTM*472*20191211~CAS*CO*45*15.54~REF*6R*CPOTHA4CX0C3~AMT*B6*19.46~LQ*HE*N381~SVC*HC:90674*35*21.74**1~DTM*472*20191211~CAS*CO*45*13.26~REF*6R*CPOT10YAXD9C~AMT*B6*21.74~LQ*HE*N381~SVC*HC:H0049*36*10.92**1~DTM*472*20191211~CAS*CO*45*25.08~REF*6R*CPOT0BF6C580~AMT*B6*10.92~LQ*HE*N381~SVC*HC:G8431*40*30.52**1~DTM*472*20191211~CAS*CO*45*9.48~REF*6R*CPOTL20QROSU~AMT*B6*30.52~LQ*HE*N381~CLP*000100026606*1*65*55.35**MC*2019354050275~NM1*QC*1*MERCADO*ROBERT****MR*D360665~NM1*82*1*LEWIS*HOLLY*G***XX*1295234128~REF*EA*20E821DD8F0A45CA8E335DCE8A0C9FFD~DTM*232*20191211~DTM*233*20191211~SVC*HC:90832*65*55.35**1~DTM*472*20191211~CAS*CO*45*9.65~REF*6R*CPOT5WPWXO6A~AMT*B6*55.35~LQ*HE*N381~CLP*000100026395*1*281*191.03**MC*2019352064099~NM1*QC*1*MILLAGE*TRACIE****MR*O286769~NM1*82*1*SEARLES*DENISE*A***XX*1396971230~REF*EA*A42E72C5D6214804A76AE1CA86B2141C~DTM*232*20191206~DTM*233*20191206~SVC*HC:99204:25*205*149.59**1~DTM*472*20191206~CAS*CO*45*55.41~REF*6R*CPN1ZXARBIOU~AMT*B6*149.59~LQ*HE*N381~SVC*HC:H0049*36*10.92**1~DTM*472*20191206~CAS*CO*45*25.08~REF*6R*CPN15H9DIBIY~AMT*B6*10.92~LQ*HE*N381~SVC*HC:G8431*40*30.52**1~DTM*472*20191206~CAS*CO*45*9.48~REF*6R*CPN11VK02P43~AMT*B6*30.52~LQ*HE*N381~CLP*000100026344*1*134*97.11**MC*2019351033167~NM1*QC*1*MITCHELL*JORDAN*K***MR*P498565~NM1*82*1*LANE*DELLA*J***XX*1417151630~REF*EA*6F8473EA0E824CB5BE709F01C2C41D65~DTM*232*20191206~DTM*233*20191206~SVC*HC:99214*134*97.11**1~DTM*472*20191206~CAS*CO*45*36.89~REF*6R*CPN92DOWWIZX~AMT*B6*97.11~LQ*HE*N381~CLP*000100026281*1*149*105.53**MC*2019351033565~NM1*QC*1*MONSON*SAVANNAH*R***MR*U391305~NM1*82*1*SEARLES*DENISE*A***XX*1396971230~REF*EA*B02E2DAACD794B03ADD598FD7957CE3E~DTM*232*20191205~DTM*233*20191205~SVC*HC:99214:25*134*97.11**1~DTM*472*20191205~CAS*CO*45*36.89~REF*6R*CPN9P72VIH56~AMT*B6*97.11~LQ*HE*N381~SVC*HC:81025*15*8.42**1~DTM*472*20191205~CAS*CO*45*6.58~REF*6R*CPN99CWVKN7S~AMT*B6*8.42~LQ*HE*N381~CLP*000100026373*1*90*65.81**MC*2019351033588~NM1*QC*1*MONSON*SAVANNAH*R***MR*U391305~NM1*82*1*CADDALI*ESTRELLA*A***XX*1164974580~REF*EA*835706B3D1C0420883B41C9E2B5740CC~DTM*232*20191206~DTM*233*20191206~SVC*HC:99213*90*65.81**1~DTM*472*20191206~CAS*CO*45*24.19~REF*6R*CPN95BR69RCC~AMT*B6*65.81~LQ*HE*N381~CLP*000100026304*1*90*63.81*2*MC*2019351033433~NM1*QC*1*MONTOYA*GERALDINE****MR*F588453~NM1*82*1*CADDALI*ESTRELLA*A***XX*1164974580~REF*EA*34F2A891E45B4B70B169695ADB8E4BE3~DTM*232*20191205~DTM*233*20191205~SVC*HC:99213*90*63.81**1~DTM*472*20191205~CAS*PR*3*2~CAS*CO*45*24.19~REF*6R*CPN947BC6P1E~AMT*B6*65.81~LQ*HE*N381~LQ*HE*N381~CLP*000100026592*1*90*65.81**MC*2019354050135~NM1*QC*1*MOORE*LISSA*M***MR*L243184~NM1*82*1*CADDALI*ESTRELLA*A***XX*1164974580~REF*EA*6754922EFB63498EA4255C488CAC72E5~DTM*232*20191211~DTM*233*20191211~SVC*HC:99213*90*65.81**1~DTM*472*20191211~CAS*CO*45*24.19~REF*6R*CPOT51HBKYZK~AMT*B6*65.81~LQ*HE*N381~CLP*000100026567*1*281*128.25*2*MC*2019354050261~NM1*QC*1*MUNOZ*RAY****MR*G163056~NM1*82*1*SEARLES*DENISE*A***XX*1396971230~REF*EA*FF0F171A1CE141D89F32B4406D07F0F5~DTM*232*20191211~DTM*233*20191211~SVC*HC:99202:25*135*65.13**1~DTM*472*20191211~CAS*PR*3*2~CAS*CO*45*67.87~REF*6R*CPOTXMH5B5SO~AMT*B6*67.13~LQ*HE*N381~LQ*HE*N381~SVC*HC:90471*35*19.46**1~DTM*472*20191211~CAS*CO*45*15.54~REF*6R*CPOTU2WWLKZN~AMT*B6*19.46~LQ*HE*N381~SVC*HC:90674*35*21.74**1~DTM*472*20191211~CAS*CO*45*13.26~REF*6R*CPOTH0OALR85~AMT*B6*21.74~LQ*HE*N381~SVC*HC:H0049*36*10.92**1~DTM*472*20191211~CAS*CO*45*25.08~REF*6R*CPOTFUDPLQID~AMT*B6*10.92~LQ*HE*N381~SVC*HC:G8510*40*11**1~DTM*472*20191211~CAS*CO*45*29~REF*6R*CPOTMEYOREVK~AMT*B6*11~LQ*HE*N381~CLP*000100026523*1*90*65.81**MC*2019352064005~NM1*QC*1*NAGL*SAVANNAH*N***MR*T692109~NM1*82*1*HOOSHMAND-PARSI*KAYHOSROW****XX*1447291851~REF*EA*43294BAD00D149A2BCE67530B4B01CF1~DTM*232*20191210~DTM*233*20191210~SVC*HC:99213*90*65.81**1~DTM*472*20191210~CAS*CO*45*24.19~REF*6R*CPN1V4R3YX7M~AMT*B6*65.81~LQ*HE*N381~CLP*000100026435*1*105*74.23**MC*2019354050205~NM1*QC*1*NAGL*SAVANNAH*N***MR*T692109~NM1*82*1*LUCAS*PEGGI*S***XX*1366419582~REF*EA*176439939F78442F85137A98E018CB6D~DTM*232*20191209~DTM*233*20191209~SVC*HC:99213:25*90*65.81**1~DTM*472*20191209~CAS*CO*45*24.19~REF*6R*CPOTSHF8CABK~AMT*B6*65.81~LQ*HE*N381~SVC*HC:81025*15*8.42**1~DTM*472*20191209~CAS*CO*45*6.58~REF*6R*CPOTH1J2POAQ~AMT*B6*8.42~LQ*HE*N381~CLP*000100026569*1*90*63.81*2*MC*2019354050220~NM1*QC*1*OHRDORF*JIMMI*L***MR*Y840687~NM1*82*1*CADDALI*ESTRELLA*A***XX*1164974580~REF*EA*63364E0540724315BC677D2CC5A3E599~DTM*232*20191211~DTM*233*20191211~SVC*HC:99213*90*63.81**1~DTM*472*20191211~CAS*PR*3*2~CAS*CO*45*24.19~REF*6R*CPOT9RCOAA2T~AMT*B6*65.81~LQ*HE*N381~LQ*HE*N381~CLP*000100026404*1*54*49.18**MC*2019352064026~NM1*QC*1*OLDHAM*KATHERINE*C***MR*P451572~NM1*82*1*CADDALI*ESTRELLA*A***XX*1164974580~REF*EA*69B13C8433B04CAD93B688B988095F95~DTM*232*20191206~DTM*233*20191206~SVC*HC:99212:FP*54*49.18**1~DTM*472*20191206~CAS*CO*45*4.82~REF*6R*CPN1FPYTKMH5~AMT*B6*49.18~LQ*HE*N381~CLP*000100026467*1*134*97.11**MC*2019352064052~NM1*QC*1*ORTIZ*EMILY****MR*L289179~NM1*82*1*GRONEMEYER*LEANNE*R***XX*1659521045~REF*EA*372AC51AE9C34015AC1B1E75A6E64B4C~DTM*232*20191209~DTM*233*20191209~SVC*HC:99214*134*97.11**1~DTM*472*20191209~CAS*CO*45*36.89~REF*6R*CPN1YUVRHMU8~AMT*B6*97.11~LQ*HE*N381~CLP*000100026538*1*90*65.81**MC*2019352064036~NM1*QC*1*PADILLA*LAURA*C***MR*Y008082~NM1*82*1*CADDALI*ESTRELLA*A***XX*1164974580~REF*EA*000D4E608A6E4ED28C6C7ABC3ED679C5~DTM*232*20191210~DTM*233*20191210~SVC*HC:99213*90*65.81**1~DTM*472*20191210~CAS*CO*45*24.19~REF*6R*CPN15E34HOSH~AMT*B6*65.81~LQ*HE*N381~CLP*000100026696*1*90*63.81*2*MC*2019351033735~NM1*QC*1*PAULSEN*STACY****MR*W216187~NM1*82*1*HOOSHMAND-PARSI*KAYHOSROW****XX*1447291851~REF*EA*F497DC25DACA458CBD89A0D20DF48A9C~DTM*232*20191212~DTM*233*20191212~SVC*HC:99213*90*63.81**1~DTM*472*20191212~CAS*PR*3*2~CAS*CO*45*24.19~REF*6R*CPN9SGA1SD4A~AMT*B6*65.81~LQ*HE*N381~LQ*HE*N381~CLP*000100026417*1*210*138.55**MC*2019352064029~NM1*QC*1*PERRY*TASHA*A***MR*P635535~NM1*82*1*GRONEMEYER*LEANNE*R***XX*1659521045~REF*EA*CBDDB189FB0F45D9AB868C00554CFDD0~DTM*232*20191209~DTM*233*20191209~SVC*HC:99214:25*134*97.11**1~DTM*472*20191209~CAS*CO*45*36.89~REF*6R*CPN18MMHP0UM~AMT*B6*97.11~LQ*HE*N381~SVC*HC:H0049*36*10.92**1~DTM*472*20191209~CAS*CO*45*25.08~REF*6R*CPN13TQ9P7XL~AMT*B6*10.92~LQ*HE*N381~SVC*HC:G8431*40*30.52**1~DTM*472*20191209~CAS*CO*45*9.48~REF*6R*CPN1H325XAW6~AMT*B6*30.52~LQ*HE*N381~CLP*000100026377*1*149*105.53**MC*2019352063988~NM1*QC*1*QUINTANA*DANIELLE*A***MR*N559116~NM1*82*1*LANE*DELLA*J***XX*1417151630~REF*EA*2010A83FF9CE4C23880C08ED50974238~DTM*232*20191206~DTM*233*20191206~SVC*HC:99214:25*134*97.11**1~DTM*472*20191206~CAS*CO*45*36.89~REF*6R*CPN1E2K9EZWT~AMT*B6*97.11~LQ*HE*N381~SVC*HC:81025*15*8.42**1~DTM*472*20191206~CAS*CO*45*6.58~REF*6R*CPN1GHI7KNS4~AMT*B6*8.42~LQ*HE*N381~CLP*000100026677*1*149*105.53**MC*2019354050194~NM1*QC*1*QUINTANA*DANIELLE*A***MR*N559116~NM1*82*1*SEARLES*DENISE*A***XX*1396971230~REF*EA*C09777AA39F04DE0A67AC84FF6EA4818~DTM*232*20191212~DTM*233*20191212~SVC*HC:99214:25*134*97.11**1~DTM*472*20191212~CAS*CO*45*36.89~REF*6R*CPOTGU67MC2W~AMT*B6*97.11~LQ*HE*N381~SVC*HC:81025*15*8.42**1~DTM*472*20191212~CAS*CO*45*6.58~REF*6R*CPOTVWENDRSJ~AMT*B6*8.42~LQ*HE*N381~CLP*000100026659*1*134*97.11**MC*2019354050277~NM1*QC*1*QUINTANA*JUSTIN*J***MR*G182005~NM1*82*1*GRONEMEYER*LEANNE*R***XX*1659521045~REF*EA*337082DCDB364452A20F0EBB218D382A~DTM*232*20191212~DTM*233*20191212~SVC*HC:99214*134*97.11**1~DTM*472*20191212~CAS*CO*45*36.89~REF*6R*CPOTBAK45BCK~AMT*B6*97.11~LQ*HE*N381~CLP*000100026353*1*134*97.11**MC*2019351033837~NM1*QC*1*RATHBUN*AARON*W***MR*P304001~NM1*82*1*SEARLES*DENISE*A***XX*1396971230~REF*EA*6C6C34116D304F059CF57FA40B3DA423~DTM*232*20191206~DTM*233*20191206~SVC*HC:99214*134*97.11**1~DTM*472*20191206~CAS*CO*45*36.89~REF*6R*CPN9KVZGPPGM~AMT*B6*97.11~LQ*HE*N381~CLP*000100026449*1*134*95.11*2*MC*2019352063873~NM1*QC*1*RICHARDSON*REBECCA****MR*E158290~NM1*82*1*GRONEMEYER*LEANNE*R***XX*1659521045~REF*EA*6E6FCE5FC7BF468FB80BF61089940B12~DTM*232*20191209~DTM*233*20191209~SVC*HC:99214*134*95.11**1~DTM*472*20191209~CAS*PR*3*2~CAS*CO*45*36.89~REF*6R*CPN1YCN7OFCZ~AMT*B6*97.11~LQ*HE*N381~LQ*HE*N381~CLP*000100026531*1*350*239.59**MC*2019354050213~NM1*QC*1*RODRIGUEZ*ADREENA*M***MR*P905929~NM1*82*1*GRONEMEYER*LEANNE*R***XX*1659521045~REF*EA*1057945DC3E44FF88C7D61A5E5BE6F17~DTM*232*20191210~DTM*233*20191210~SVC*HC:99205:25*255*186.33**1~DTM*472*20191210~CAS*CO*45*68.67~REF*6R*CPOT3XGAQFCS~AMT*B6*186.33~LQ*HE*N381~SVC*HC:H0049*36*10.92**1~DTM*472*20191210~CAS*CO*45*25.08~REF*6R*CPOTJDGAMEXZ~AMT*B6*10.92~LQ*HE*N381~SVC*HC:G8431*40*30.52**1~DTM*472*20191210~CAS*CO*45*9.48~REF*6R*CPOTUQEINXOH~AMT*B6*30.52~LQ*HE*N381~SVC*HC:81025*15*8.42**1~DTM*472*20191210~CAS*CO*45*6.58~REF*6R*CPOT4TO0YZ55~AMT*B6*8.42~LQ*HE*N381~SVC*HC:81002*4*3.4**1~DTM*472*20191210~CAS*CO*45*.6~REF*6R*CPOTD001311W~AMT*B6*3.4~LQ*HE*N381~CLP*000100026372*1*134*97.11**MC*2019351033267~NM1*QC*1*ROYBAL*CELESTINA*A***MR*I238627~NM1*82*1*LUCAS*PEGGI*S***XX*1366419582~REF*EA*5C09EBB70EF2436C93E770D31AEA6DF4~DTM*232*20191206~DTM*233*20191206~SVC*HC:99214*134*97.11**1~DTM*472*20191206~CAS*CO*45*36.89~REF*6R*CPN90MLVY8CN~AMT*B6*97.11~LQ*HE*N381~CLP*000100026479*1*157.15*116.61*2*MC*2019352064033~NM1*QC*1*RUCKER*CHERYL****MR*G923122~NM1*82*1*HOOSHMAND-PARSI*KAYHOSROW****XX*1447291851~REF*EA*D398002A5D5D47D3861D82AE8BAFEC1B~DTM*232*20191209~DTM*233*20191209~SVC*HC:99214:25*134*95.11**1~DTM*472*20191209~CAS*PR*3*2~CAS*CO*45*36.89~REF*6R*CPN1958FZ1YT~AMT*B6*97.11~LQ*HE*N381~LQ*HE*N381~SVC*HC:93000*23.15*21.5**1~DTM*472*20191209~CAS*CO*45*1.65~REF*6R*CPN10J8YDP7M~AMT*B6*21.5~LQ*HE*N381~CLP*000100026364*1*134*97.11**MC*2019351033780~NM1*QC*1*SAIS*PHILIP*R***MR*T398012~NM1*82*1*LANE*DELLA*J***XX*1417151630~REF*EA*41696D19BC894B47A727CA999F834932~DTM*232*20191206~DTM*233*20191206~SVC*HC:99214*134*97.11**1~DTM*472*20191206~CAS*CO*45*36.89~REF*6R*CPN9XWTREX4D~AMT*B6*97.11~LQ*HE*N381~CLP*000100026573*1*65*55.35**MC*2019352064076~NM1*QC*1*SALAZAR*TAZIO****MR*N789226~NM1*82*1*LEWIS*HOLLY*G***XX*1295234128~REF*EA*70EC5D0BAF2C4364975274746FCACCA7~DTM*232*20191211~DTM*233*20191211~SVC*HC:90832*65*55.35**1~DTM*472*20191211~CAS*CO*45*9.65~REF*6R*CPN1KHL8E4RK~AMT*B6*55.35~LQ*HE*N381~CLP*000100026581*1*391*243.3**MC*2019354050152~NM1*QC*1*SAMSON*CARA*M***MR*Y649542~NM1*82*1*GRONEMEYER*LEANNE*R***XX*1659521045~REF*EA*E7F093A1CC0F4AC2B7F846231120CACF~DTM*232*20191211~DTM*233*20191211~SVC*HC:99205:25*255*186.33**1~DTM*472*20191211~CAS*CO*45*68.67~REF*6R*CPOTTTNNKUSS~AMT*B6*186.33~LQ*HE*N381~SVC*HC:99415*45*7.11**1~DTM*472*20191211~CAS*CO*45*37.89~REF*6R*CPOTQY56RS0C~AMT*B6*7.11~LQ*HE*N381~SVC*HC:H0049*36*10.92**1~DTM*472*20191211~CAS*CO*45*25.08~REF*6R*CPOTGPXAQYA8~AMT*B6*10.92~LQ*HE*N381~SVC*HC:G8431*40*30.52**1~DTM*472*20191211~CAS*CO*45*9.48~REF*6R*CPOTOSEF3MUP~AMT*B6*30.52~LQ*HE*N381~SVC*HC:81025*15*8.42**1~DTM*472*20191211~CAS*CO*45*6.58~REF*6R*CPOTIVALH6QY~AMT*B6*8.42~LQ*HE*N381~CLP*000100026516*1*149*103.53*2*MC*2019354050124~NM1*QC*1*SANCHEZ*YVONNE*A***MR*J289148~NM1*82*1*HOOSHMAND-PARSI*KAYHOSROW****XX*1447291851~REF*EA*13AD304929EE463A901BA91019C8E9C7~DTM*232*20191210~DTM*233*20191210~SVC*HC:99214:25*134*95.11**1~DTM*472*20191210~CAS*PR*3*2~CAS*CO*45*36.89~REF*6R*CPOTBIHQDUXT~AMT*B6*97.11~LQ*HE*N381~LQ*HE*N381~SVC*HC:81025*15*8.42**1~DTM*472*20191210~CAS*CO*45*6.58~REF*6R*CPOTFX8PU338~AMT*B6*8.42~LQ*HE*N381~CLP*000100026342*1*134*95.11*2*MC*2019351033118~NM1*QC*1*SANDERS*JERMYN*B***MR*P711797~NM1*82*1*CADDALI*ESTRELLA*A***XX*1164974580~REF*EA*D92C70A220B04C48BFBA427B05D99698~DTM*232*20191206~DTM*233*20191206~SVC*HC:99214*134*95.11**1~DTM*472*20191206~CAS*PR*3*2~CAS*CO*45*36.89~REF*6R*CPN9COOQMJ1K~AMT*B6*97.11~LQ*HE*N381~LQ*HE*N381~CLP*000100026526*1*165*105.82*2*MC*2019351033543~NM1*QC*1*SANDOVAL*JULIA****MR*Y177297~NM1*82*1*CADDALI*ESTRELLA*A***XX*1164974580~REF*EA*3EF4FF6FFD224A6F8677BC0802E4C16B~DTM*232*20191210~DTM*233*20191210~SVC*HC:99395*165*105.82**1~DTM*472*20191210~CAS*PR*3*2~CAS*CO*45*57.18~REF*6R*CPN9C023NNTX~AMT*B6*107.82~LQ*HE*N381~LQ*HE*N381~CLP*000100026666*1*180*129.99**MC*2019354050150~NM1*QC*1*SANDOVAL*WAYNE****MR*N882963~NM1*82*1*KLAKER*JULIE*M***XX*1215134705~REF*EA*B6C486EEF2C642D383DBC27ADFA16875~DTM*232*20191212~DTM*233*20191212~SVC*HC:99215*180*129.99**1~DTM*472*20191212~CAS*CO*45*50.01~REF*6R*CPOTMPIJD5R3~AMT*B6*129.99~LQ*HE*N381~CLP*000100026525*1*95*84.26**MC*2019352064105~NM1*QC*1*SCAMAN*SABRINA****MR*Y355037~NM1*82*1*GRONEMEYER*LEANNE*R***XX*1659521045~REF*EA*D2C0401239FD4591A74C004F1C4E7404~DTM*232*20191210~DTM*233*20191210~SVC*HC:11750*95*84.26**1~DTM*472*20191210~CAS*CO*45*10.74~REF*6R*CPN1WKYZNN9Y~AMT*B6*84.26~LQ*HE*N381~CLP*000100026363*1*166*87.73**MC*2019352064061~NM1*QC*1*SCHLUETER*ERIC*A***MR*O612197~NM1*82*1*CADDALI*ESTRELLA*A***XX*1164974580~REF*EA*038F7B8B28354BA68F8120AF30190F04~DTM*232*20191206~DTM*233*20191206~SVC*HC:99213:25*90*65.81**1~DTM*472*20191206~CAS*CO*45*24.19~REF*6R*CPN1CECJ3TCN~AMT*B6*65.81~LQ*HE*N381~SVC*HC:H0049*36*10.92**1~DTM*472*20191206~CAS*CO*45*25.08~REF*6R*CPN1U5YXDSTV~AMT*B6*10.92~LQ*HE*N381~SVC*HC:G8510*40*11**1~DTM*472*20191206~CAS*CO*45*29~REF*6R*CPN14K9U1CGD~AMT*B6*11~LQ*HE*N381~CLP*000100026423*1*134*97.11**MC*2019352063929~NM1*QC*1*SCHUDAR*JOHN*R***MR*Y988342~NM1*82*1*LUCAS*PEGGI*S***XX*1366419582~REF*EA*7B61290A8EEB4498B53309E4F03A0F14~DTM*232*20191209~DTM*233*20191209~SVC*HC:99214*134*97.11**1~DTM*472*20191209~CAS*CO*45*36.89~REF*6R*CPN1K6HK03DJ~AMT*B6*97.11~LQ*HE*N381~CLP*000100026669*1*134*97.11**MC*2019354050232~NM1*QC*1*SENA*LINDA*J***MR*Y430799~NM1*82*1*HOOSHMAND-PARSI*KAYHOSROW****XX*1447291851~REF*EA*B6B3169EF3F745CC8CF06D19C6B96779~DTM*232*20191212~DTM*233*20191212~SVC*HC:99214*134*97.11**1~DTM*472*20191212~CAS*CO*45*36.89~REF*6R*CPOTS2G54OEW~AMT*B6*97.11~LQ*HE*N381~CLP*000100026478*1*210*119.03**MC*2019352063964~NM1*QC*1*SNEAD*EIRRACE*A***MR*Y161982~NM1*82*1*GRONEMEYER*LEANNE*R***XX*1659521045~REF*EA*BE3089F4827A4648B3EA7B9A7898A183~DTM*232*20191209~DTM*233*20191209~SVC*HC:99214:25*134*97.11**1~DTM*472*20191209~CAS*CO*45*36.89~REF*6R*CPN17WJKAIKC~AMT*B6*97.11~LQ*HE*N381~SVC*HC:H0049*36*10.92**1~DTM*472*20191209~CAS*CO*45*25.08~REF*6R*CPN13W06OJT7~AMT*B6*10.92~LQ*HE*N381~SVC*HC:G8510*40*11**1~DTM*472*20191209~CAS*CO*45*29~REF*6R*CPN1C0JWBMGO~AMT*B6*11~LQ*HE*N381~CLP*000100026456*1*134*97.11**MC*2019354050160~NM1*QC*1*SOSA*KENDRA*E***MR*R268169~NM1*82*1*CADDALI*ESTRELLA*A***XX*1164974580~REF*EA*8702B02DD6F54321911FE4756B1078FB~DTM*232*20191209~DTM*233*20191209~SVC*HC:99214*134*97.11**1~DTM*472*20191209~CAS*CO*45*36.89~REF*6R*CPOTOFOZL0X8~AMT*B6*97.11~LQ*HE*N381~CLP*000100026459*1*149*105.53**MC*2019352063996~NM1*QC*1*TANKSLEY*DAYSHA*A***MR*O203621~NM1*82*1*LUCAS*PEGGI*S***XX*1366419582~REF*EA*FCF92AF4395E4BE8ABB02A37F40EA975~DTM*232*20191209~DTM*233*20191209~SVC*HC:99214:25*134*97.11**1~DTM*472*20191209~CAS*CO*45*36.89~REF*6R*CPN1Z1VQ2HGY~AMT*B6*97.11~LQ*HE*N381~SVC*HC:81025*15*8.42**1~DTM*472*20191209~CAS*CO*45*6.58~REF*6R*CPN1GFIVCLRQ~AMT*B6*8.42~LQ*HE*N381~CLP*000100026374*1*134*95.11*2*MC*2019354050263~NM1*QC*1*THOMPSON*JOANN****MR*P818616~NM1*82*1*SEARLES*DENISE*A***XX*1396971230~REF*EA*7780353960E94D23B686DF13ACC4FF62~DTM*232*20191206~DTM*233*20191206~SVC*HC:99214:25*134*95.11**1~DTM*472*20191206~CAS*PR*3*2~CAS*CO*45*36.89~REF*6R*CPOT28XVMU1Z~AMT*B6*97.11~LQ*HE*N381~LQ*HE*N381~CLP*000100026305*1*134*97.11**MC*2019351033862~NM1*QC*1*TOMLINSON*SEAN*B***MR*O382609~NM1*82*1*SEARLES*DENISE*A***XX*1396971230~REF*EA*C9BE5A507BE74387A46C204A23403AD0~DTM*232*20191205~DTM*233*20191205~SVC*HC:99214*134*97.11**1~DTM*472*20191205~CAS*CO*45*36.89~REF*6R*CPN9W90EDMZD~AMT*B6*97.11~LQ*HE*N381~CLP*000100026700*1*134*97.11**MC*2019354050283~NM1*QC*1*TOMLINSON*SEAN*B***MR*O382609~NM1*82*1*SEARLES*DENISE*A***XX*1396971230~REF*EA*907A3EF7485B49CD876A0C5B213AAFED~DTM*232*20191212~DTM*233*20191212~SVC*HC:99214*134*97.11**1~DTM*472*20191212~CAS*CO*45*36.89~REF*6R*CPOTXHIPAWA4~AMT*B6*97.11~LQ*HE*N381~CLP*000100026309*1*138*100.51**MC*2019351033850~NM1*QC*1*TORBETT*JERRY*R***MR*N890040~NM1*82*1*HOOSHMAND-PARSI*KAYHOSROW****XX*1447291851~REF*EA*E04DE0494B8F469FA0A7A4E6FE31757E~DTM*232*20191205~DTM*233*20191205~SVC*HC:99214:25*134*97.11**1~DTM*472*20191205~CAS*CO*45*36.89~REF*6R*CPN9WC767VBW~AMT*B6*97.11~LQ*HE*N381~SVC*HC:81002*4*3.4**1~DTM*472*20191205~CAS*CO*45*.6~REF*6R*CPN9Y579J92S~AMT*B6*3.4~LQ*HE*N381~CLP*000100026504*1*54*39.39**MC*2019352063919~NM1*QC*1*TRIMBLE*TYLER*L***MR*S298876~NM1*82*1*CADDALI*ESTRELLA*A***XX*1164974580~REF*EA*FBE020942A714477AE31445BA0CA605D~DTM*232*20191210~DTM*233*20191210~SVC*HC:99212*54*39.39**1~DTM*472*20191210~CAS*CO*45*14.61~REF*6R*CPN1M1UMCRCO~AMT*B6*39.39~LQ*HE*N381~CLP*000100026512*1*134*95.11*2*MC*2019352063861~NM1*QC*1*TRUJILLO*DEMII*D***MR*T130472~NM1*82*1*GRONEMEYER*LEANNE*R***XX*1659521045~REF*EA*A446EF879366445A96770736E5D746AB~DTM*232*20191210~DTM*233*20191210~SVC*HC:99214*134*95.11**1~DTM*472*20191210~CAS*PR*3*2~CAS*CO*45*36.89~REF*6R*CPN1XG5D95NN~AMT*B6*97.11~LQ*HE*N381~LQ*HE*N381~CLP*000100026533*1*134*97.11**MC*2019352063955~NM1*QC*1*ULIBARRI*STEPHANIE*R***MR*W341555~NM1*82*1*HOOSHMAND-PARSI*KAYHOSROW****XX*1447291851~REF*EA*C509C44CD9424177A58084F6AA3DC45E~DTM*232*20191210~DTM*233*20191210~SVC*HC:99214*134*97.11**1~DTM*472*20191210~CAS*CO*45*36.89~REF*6R*CPN1WYHCDB4Y~AMT*B6*97.11~LQ*HE*N381~CLP*000100026618*1*134*97.11**MC*2019354050183~NM1*QC*1*ULIBARRI*STEPHANIE*R***MR*W341555~NM1*82*1*CADDALI*ESTRELLA*A***XX*1164974580~REF*EA*D4207EB9DAC44564AA1C9D3270476E9E~DTM*232*20191211~DTM*233*20191211~SVC*HC:99214*134*97.11**1~DTM*472*20191211~CAS*CO*45*36.89~REF*6R*CPOT0GZZBXAL~AMT*B6*97.11~LQ*HE*N381~CLP*000100026594*1*1975*1293.71**MC*2019354050192~NM1*QC*1*URIE*NATHAN*J***MR*Y183401~NM1*82*1*GRONEMEYER*LEANNE*R***XX*1659521045~REF*EA*5EC99EEFE52344C296E4B5D1FDCBA41F~DTM*232*20191211~DTM*233*20191211~SVC*HC:99214:25*134*97.11**1~DTM*472*20191211~CAS*CO*45*36.89~REF*6R*CPOTCM735BVT~AMT*B6*97.11~LQ*HE*N381~SVC*HC:96372*32*0**0**1~DTM*472*20191211~CAS*CO*109*32~REF*6R*CPOT67V1KQA7~LQ*HE*N381~SVC*HC:J2315*1805*1193.2**380~DTM*472*20191211~CAS*CO*45*611.8~REF*6R*CPOTIFUS7SNT~AMT*B6*1193.2~LQ*HE*N381~SVC*HC:81002*4*3.4**1~DTM*472*20191211~CAS*CO*45*.6~REF*6R*CPOTEADTI22S~AMT*B6*3.4~LQ*HE*N381~CLP*000100026316*1*134*97.11**MC*2019351033373~NM1*QC*1*VALLEJOS*RANDY*L***MR*Y264890~NM1*82*1*HOOSHMAND-PARSI*KAYHOSROW****XX*1447291851~REF*EA*25CF29AB847446C998AA49C21855B21F~DTM*232*20191205~DTM*233*20191205~SVC*HC:99214*134*97.11**1~DTM*472*20191205~CAS*CO*45*36.89~REF*6R*CPN952U9JUYX~AMT*B6*97.11~LQ*HE*N381~CLP*000100026312*1*1986*1298.73**MC*2019351033282~NM1*QC*1*VIGIL*LETHICIA****MR*Y291117~NM1*82*1*SEARLES*DENISE*A***XX*1396971230~REF*EA*7D7C86AA2BBD40579EBF9E303D97BEA6~DTM*232*20191205~DTM*233*20191205~SVC*HC:99214:25*134*97.11**1~DTM*472*20191205~CAS*CO*45*36.89~REF*6R*CPN9QM4XUHTU~AMT*B6*97.11~LQ*HE*N381~SVC*HC:96372*32*0**0**1~DTM*472*20191205~CAS*CO*109*32~REF*6R*CPN9JIW4FS7A~LQ*HE*N381~SVC*HC:J2315*1805*1193.2**380~DTM*472*20191205~CAS*CO*45*611.8~REF*6R*CPN95VQAZIKJ~AMT*B6*1193.2~LQ*HE*N381~SVC*HC:81025*15*8.42**1~DTM*472*20191205~CAS*CO*45*6.58~REF*6R*CPN9FFR2KQ93~AMT*B6*8.42~LQ*HE*N381~CLP*000100026664*1*90*63.81*2*MC*2019354050171~NM1*QC*1*VIGIL*ROBERT*L***MR*K682507~NM1*82*1*CADDALI*ESTRELLA*A***XX*1164974580~REF*EA*5B6C2325DA81404BA7F615D988482F13~DTM*232*20191212~DTM*233*20191212~SVC*HC:99213*90*63.81**1~DTM*472*20191212~CAS*PR*3*2~CAS*CO*45*24.19~REF*6R*CPOTXKEUQU1C~AMT*B6*65.81~LQ*HE*N381~LQ*HE*N381~CLP*000100026436*1*134*97.11**MC*2019352064017~NM1*QC*1*VILLASENOR*MIQUEILA*C***MR*K174349~NM1*82*1*HOOSHMAND-PARSI*KAYHOSROW****XX*1447291851~REF*EA*34ECA74B0D7147C094E5FA59CC91881F~DTM*232*20191209~DTM*233*20191209~SVC*HC:99214*134*97.11**1~DTM*472*20191209~CAS*CO*45*36.89~REF*6R*CPN1I3VOQDS5~AMT*B6*97.11~LQ*HE*N381~CLP*000100026338*1*134*95.11*2*MC*2019351033722~NM1*QC*1*WAL*ISAAC*P***MR*Y614489~NM1*82*1*LANE*DELLA*J***XX*1417151630~REF*EA*443C014E884C465188425398FD840874~DTM*232*20191206~DTM*233*20191206~SVC*HC:99214*134*95.11**1~DTM*472*20191206~CAS*PR*3*2~CAS*CO*45*36.89~REF*6R*CPN9J7YCNR2V~AMT*B6*97.11~LQ*HE*N381~LQ*HE*N381~CLP*000100026562*1*134*97.11**MC*2019352064095~NM1*QC*1*WILLIAMS*KRYSTAL****MR*P744738~NM1*82*1*CADDALI*ESTRELLA*A***XX*1164974580~REF*EA*8E9E7B8EFC1A4B158E29BF5612DCBEEE~DTM*232*20191211~DTM*233*20191211~SVC*HC:99214*134*97.11**1~DTM*472*20191211~CAS*CO*45*36.89~REF*6R*CPN1WVSNGV1G~AMT*B6*97.11~LQ*HE*N381~CLP*000100026433*1*149*105.53**MC*2019352064065~NM1*QC*1*WINEGARD*ERIN*E***MR*U514872~NM1*82*1*LUCAS*PEGGI*S***XX*1366419582~REF*EA*6EAE6EC41DC740D68B389BCCF1451A59~DTM*232*20191209~DTM*233*20191209~SVC*HC:99214:25*134*97.11**1~DTM*472*20191209~CAS*CO*45*36.89~REF*6R*CPN1CUVA7YWY~AMT*B6*97.11~LQ*HE*N381~SVC*HC:81025*15*8.42**1~DTM*472*20191209~CAS*CO*45*6.58~REF*6R*CPN177Q8O9SQ~AMT*B6*8.42~LQ*HE*N381~CLP*000100026713*1*134*97.11**MC*2019354050243~NM1*QC*1*WINEGARD*ERIN*E***MR*U514872~NM1*82*1*LUCAS*PEGGI*S***XX*1366419582~REF*EA*C2692D36819948E7A9E2EFDB5543B552~DTM*232*20191213~DTM*233*20191213~SVC*HC:99214*134*97.11**1~DTM*472*20191213~CAS*CO*45*36.89~REF*6R*CPOTBEURSGMC~AMT*B6*97.11~LQ*HE*N381~CLP*000100026597*1*90*65.81**MC*2019354050247~NM1*QC*1*WINEGARD*ERIN*E***MR*U514872~NM1*82*1*CADDALI*ESTRELLA*A***XX*1164974580~REF*EA*A88DF3CEF7CC4105877336DCB89A16EA~DTM*232*20191211~DTM*233*20191211~SVC*HC:99213*90*65.81**1~DTM*472*20191211~CAS*CO*45*24.19~REF*6R*CPOTJWW5L5JP~AMT*B6*65.81~LQ*HE*N381~CLP*000100023097*1*149*105.53**MC*2019351033797~NM1*QC*1*WYATT*SERENITY*L***MR*P779049~NM1*82*1*KLAKER*JULIE*M***XX*1215134705~REF*EA*622336CBC2FC4A8B85A2E3E39F631385~DTM*232*20191002~DTM*233*20191002~SVC*HC:99214:25*134*97.11**1~DTM*472*20191002~CAS*CO*45*36.89~REF*6R*CPN9487PSZFC~AMT*B6*97.11~LQ*HE*N381~SVC*HC:81025*15*8.42**1~DTM*472*20191002~CAS*CO*45*6.58~REF*6R*CPN9QB8CKON6~AMT*B6*8.42~LQ*HE*N381~CLP*000100026466*1*149*103.53*2*MC*2019351033815~NM1*QC*1*WYATT*SERENITY*L***MR*P779049~NM1*82*1*LUCAS*PEGGI*S***XX*1366419582~REF*EA*420C875F64A74BE9850E42DEBA8155B5~DTM*232*20191209~DTM*233*20191209~SVC*HC:99214:25*134*95.11**1~DTM*472*20191209~CAS*PR*3*2~CAS*CO*45*36.89~REF*6R*CPN9KDTJUBVD~AMT*B6*97.11~LQ*HE*N381~LQ*HE*N381~SVC*HC:81025*15*8.42**1~DTM*472*20191209~CAS*CO*45*6.58~REF*6R*CPN9LBCVRWCG~AMT*B6*8.42~LQ*HE*N381~CLP*000100026473*1*90*65.81**MC*2019352063889~NM1*QC*1*YALOTZ*SHANE*W***MR*M883525~NM1*82*1*HOOSHMAND-PARSI*KAYHOSROW****XX*1447291851~REF*EA*D9D8ED3190A24BBF82A145D3FFE5CEB2~DTM*232*20191209~DTM*233*20191209~SVC*HC:99213*90*65.81**1~DTM*472*20191209~CAS*CO*45*24.19~REF*6R*CPN13B270B7C~AMT*B6*65.81~LQ*HE*N381~CLP*000100023235*1*90*63.81*2*MC*2019354050176~NM1*QC*1*ARMSTRONG YOUNGBLOOD*CASSIDY****MR*Y096253~NM1*74*1*YOUNGBLOOD**R~NM1*82*1*KLAKER*JULIE*M***XX*1215134705~REF*EA*123650F2D6C54451976FF44B841BAA57~DTM*232*20191004~DTM*233*20191004~SVC*HC:99213*90*63.81**1~DTM*472*20191004~CAS*PR*3*2~CAS*CO*45*24.19~REF*6R*CPOTUTZDJYM0~AMT*B6*65.81~LQ*HE*N381~LQ*HE*N381~CLP*000100024447*1*105*63.81*2*MC*2019354050180~NM1*QC*1*ARMSTRONG YOUNGBLOOD*CASSIDY****MR*Y096253~NM1*74*1*YOUNGBLOOD**R~NM1*82*1*KLAKER*JULIE*M***XX*1215134705~REF*EA*BC811DD4C47F4260AB16D971E6857F85~DTM*232*20191101~DTM*233*20191101~SVC*HC:99213:25*90*63.81**1~DTM*472*20191101~CAS*PR*3*2~CAS*CO*45*24.19~REF*6R*CPOT1I9G5KJF~AMT*B6*65.81~LQ*HE*N381~LQ*HE*N381~SVC*HC:81025*15*0**0**1~DTM*472*20191101~CAS*PI*16*15~REF*6R*CPOTIFATTPWR~LQ*HE*N56~LQ*HE*N381~CLP*000100026492*1*54*39.39**MC*2019352063879~NM1*QC*1*ZAMORA*DAVID*E***MR*C225604~NM1*82*1*CADDALI*ESTRELLA*A***XX*1164974580~REF*EA*36CB4A5F0F3C40129DBD9FAA62A92F0C~DTM*232*20191210~DTM*233*20191210~SVC*HC:99212*54*39.39**1~DTM*472*20191210~CAS*CO*45*14.61~REF*6R*CPN1VIJDC49R~AMT*B6*39.39~LQ*HE*N381~CLP*000100024768*4*134*0**MC*2019352064089~NM1*QC*1*CORDOVA ALMUINA*JUAN****MR*Y121841~NM1*74*1*CORDOVAALMUINA~NM1*82*1*HOOSHMAND-PARSI*KAYHOSROW****XX*1447291851~REF*EA*6593DA41A845436A90BD21A7735AA884~DTM*232*20191106~DTM*233*20191106~SVC*HC:99214*134*0**0**1~DTM*472*20191106~CAS*PI*96*134~REF*6R*CPN16NY0BPEX~LQ*HE*N30~LQ*HE*MA92~CLP*000100025004*4*134*0**MC*2019352064003~NM1*QC*1*GARZA*PATRICIA****MR*Y090236~NM1*82*1*HOOSHMAND-PARSI*KAYHOSROW****XX*1447291851~REF*EA*772AB936484E42C7A8664FF6309D431E~DTM*232*20191111~DTM*233*20191111~SVC*HC:99214*134*0**0**1~DTM*472*20191111~CAS*PI*167*134~REF*6R*CPN1J9U4SF8T~LQ*HE*MA63~LQ*HE*MA92~LQ*HE*N56~CLP*000100024801*4*8*0**MC*2019352063973~NM1*QC*1*HAMPTON*SANDY****MR*O853843~NM1*82*1*CADDALI*ESTRELLA*A***XX*1164974580~REF*EA*E5140952F0FE4026BAC8C1797BFD0A0A~DTM*232*20191106~DTM*233*20191106~SVC*HC:96127*8*0**0**1~DTM*472*20191106~CAS*PI*16*8~REF*6R*CPN1SH6215AB~LQ*HE*MA92~CLP*000100024479*4*90*0**MC*2019351023845~NM1*QC*1*HOPKINS*ANDREA*D***MR*S831312~NM1*82*1*SEARLES*DENISE*A***XX*1396971230~DTM*232*20191101~DTM*233*20191101~SVC*HC:99213:FP*90*0**0**1~DTM*472*20191101~CAS*PI*16*90~LQ*HE*M47~CLP*000100026388*4*90*0**MC*2019351033369~NM1*QC*1*KLIPFEL*SHARON*L***MR*B029833~NM1*82*1*CADDALI*ESTRELLA*A***XX*1164974580~REF*EA*39B7CBB680194623B520FD6F1209471D~DTM*232*20191206~DTM*233*20191206~SVC*HC:99213*90*0**0**1~DTM*472*20191206~CAS*PI*16*90~REF*6R*CPN9Y93HXELU~LQ*HE*MA92~LQ*HE*MA92~LQ*HE*N56~CLP*000100024711*4*134*0**MC*2019352064108~NM1*QC*1*RIOS*JUAN*J***MR*G056188~NM1*82*1*HOOSHMAND-PARSI*KAYHOSROW****XX*1447291851~REF*EA*F7CD08A854F046EFB39444B65E7FFF6B~DTM*232*20191105~DTM*233*20191105~SVC*HC:99214:25*134*0**0**1~DTM*472*20191105~CAS*PI*96*134~REF*6R*CPN116YBV4D4~LQ*HE*N30~LQ*HE*MA92~CLP*000100025079*4*134*0**MC*2019352064060~NM1*QC*1*TRUJILLO*YOLANDA*M***MR*J869832~NM1*82*1*CADDALI*ESTRELLA*A***XX*1164974580~REF*EA*1E48906A54994697A4CFA3398F878865~DTM*232*20191112~DTM*233*20191112~SVC*HC:99214*134*0**0**1~DTM*472*20191112~CAS*PI*96*134~REF*6R*CPN11QJCH4DK~LQ*HE*N30~LQ*HE*MA92~CLP*000100024479*22*-90*-81.55**MC*2019310093931~NM1*QC*1*MYERS*ANDREA*D***MR*S831312~NM1*74*1*HOPKINS~NM1*82*1*SEARLES*DENISE*A***XX*1396971230~REF*EA*6204B50AB89E4166BCB5014EFDD874B3~DTM*232*20191101~DTM*233*20191101~SVC*HC:99213:FP*-90*-81.55**1~DTM*472*20191101~CAS*CO*45*-8.45~REF*6R*CPCHQ0O1Z8UV~AMT*B6*81.55~LQ*HE*N381~CLP*000100024479*4*90*0**MC*5919351012274~NM1*QC*1*MYERS*ANDREA*D***MR*S831312~NM1*74*1*HOPKINS~NM1*82*1*SEARLES*DENISE*A***XX*1396971230~REF*EA*6204B50AB89E4166BCB5014EFDD874B3~DTM*232*20191101~DTM*233*20191101~SVC*HC:99213:FP*90*0**1~DTM*472*20191101~CAS*CO*129*90~REF*6R*CPCHQ0O1Z8UV~LQ*HE*N59~PLB*1508250911*20191231*CS:0000372289141*-81.55*CS:0000372289141*81.55~SE*3251*000010013~GE*1*100016668~IEA*1*100016668~