ISA*00*          *00*          *ZZ*COMEDASSISTPROG*ZZ*6769489        *200106*0231*^*00501*300000497*0*P*:~GS*HP*COMEDASSISTPROG*6769489*20200106*023133*300000497*X*005010X221A1~ST*835*000010013~BPR*I*15386.73*C*ACH*CCP*01*075911603*DA*00000004556640373*1811725341**01*102000076*DA*2838835219*20200106~TRN*1*000860556*1811725341~REF*EV*1508250911~DTM*405*20200103~N1*PR*CO_TXIX*XV*7912900843~N3*P.O. BOX 30~N4*DENVER*CO*80201~PER*CX*MEDICAID PROVIDER SERVICES*TE*8442352387~PER*BL*MEDICAID PROVIDER SERVICES*TE*8442352387~N1*PE*HEALTH SOLUTIONS MED CENTER*XX*1508250911~REF*TJ*841158933~LX*1~CLP*000100026004*2*134*9.79**MC*2019362008752~NM1*QC*1*AVILA*ROBERT*B***MR*F251953~NM1*82*1*HOOSHMAND-PARSI*KAYHOSROW****XX*1447291851~REF*EA*C188D3D1BA9C4626BE8BAB551E081E87~DTM*232*20191202~DTM*233*20191202~SVC*HC:99214*134*9.79**1~DTM*472*20191202~CAS*CO*45*124.21~REF*6R*CPNTITT0HK2I~AMT*B6*9.79~LQ*HE*N381~LQ*HE*N381~CLP*000100025871*2*90*12.94**MC*2019365002762~NM1*QC*1*BEAN*LYNN*M***MR*K046430~NM1*82*1*CADDALI*ESTRELLA*A***XX*1164974580~REF*EA*C87478EEC246456C8EC551A71FAF6B8B~DTM*232*20191127~DTM*233*20191127~SVC*HC:99213*90*12.94**1~DTM*472*20191127~CAS*CO*45*77.06~REF*6R*CPNDVFVCZPE2~AMT*B6*12.94~LQ*HE*N381~LQ*HE*N381~CLP*000100026152*2*54*3.07**MC*2019365002788~NM1*QC*1*BERKSTRESSER*MELINDA*J***MR*J167021~NM1*82*1*HOOSHMAND-PARSI*KAYHOSROW****XX*1447291851~REF*EA*54E5D61B767B48A09B41AF79F1D8528A~DTM*232*20191203~DTM*233*20191203~SVC*HC:99212*54*3.07**1~DTM*472*20191203~CAS*CO*45*50.93~REF*6R*CPNDJ18BJZTZ~AMT*B6*3.07~LQ*HE*N381~LQ*HE*N381~CLP*000100025867*2*54*7.87**MC*2019365002772~NM1*QC*1*COOK*DAVID*T***MR*M267307~NM1*82*1*CADDALI*ESTRELLA*A***XX*1164974580~REF*EA*7501F1E71B5141A1BA1EB0F607D2D36D~DTM*232*20191127~DTM*233*20191127~SVC*HC:99212*54*7.87**1~DTM*472*20191127~CAS*CO*45*46.13~REF*6R*CPNDC2GY1Q74~AMT*B6*7.87~LQ*HE*N381~LQ*HE*N381~CLP*000100026290*2*157*12.94**MC*2020002004045~NM1*QC*1*CRUZ*JUDIE****MR*A427822~NM1*82*1*CADDALI*ESTRELLA*A***XX*1164974580~REF*EA*A145FA8627F74052948A5AE367779521~DTM*232*20191205~DTM*233*20191205~SVC*HC:99213:25*90*12.94**1~DTM*472*20191205~CAS*CO*45*77.06~REF*6R*CPN9LIJOVIFZ~AMT*B6*12.94~LQ*HE*N381~LQ*HE*N381~SVC*HC:G0008*32*0**0**1~DTM*472*20191205~CAS*PI*16*32~REF*6R*CPN9TBVK5EH9~LQ*HE*N381~SVC*HC:90674*35*0**1~DTM*472*20191205~CAS*CO*45*35~REF*6R*CPN98Z9HNTJK~LQ*HE*N381~CLP*000100026394*2*90*12.94**MC*2020002004042~NM1*QC*1*DOYLE*JAMES****MR*P777747~NM1*82*1*CADDALI*ESTRELLA*A***XX*1164974580~REF*EA*6D31DC5E69754F879BBA5E8AD74853D9~DTM*232*20191206~DTM*233*20191206~SVC*HC:99213*90*12.94**1~DTM*472*20191206~CAS*CO*45*77.06~REF*6R*CPN93AYEXX20~AMT*B6*12.94~LQ*HE*N381~LQ*HE*N381~CLP*000100025875*2*90*6.14**MC*2019365002770~NM1*QC*1*DURAN*DAVID*R***MR*O993476~NM1*82*1*HOOSHMAND-PARSI*KAYHOSROW****XX*1447291851~REF*EA*2FC55E190BDF4FB7BFA4996655A831BD~DTM*232*20191127~DTM*233*20191127~SVC*HC:99213*90*6.14**1~DTM*472*20191127~CAS*CO*45*83.86~REF*6R*CPND0Y7HJFJD~AMT*B6*6.14~LQ*HE*N381~LQ*HE*N381~CLP*000100026193*2*134*18.93**MC*2019365002780~NM1*QC*1*ENCINA*MARTA****MR*I139437~NM1*82*1*LUCAS*PEGGI*S***XX*1366419582~REF*EA*8221911949284884A84DB9609A53DD0B~DTM*232*20191204~DTM*233*20191204~SVC*HC:99214*134*18.93**1~DTM*472*20191204~CAS*CO*45*115.07~REF*6R*CPNDWIDISNL8~AMT*B6*18.93~LQ*HE*N381~LQ*HE*N381~CLP*000100025933*2*134*9.79**MC*2019362008747~NM1*QC*1*FELLNER*CYNTHIA*D***MR*G408163~NM1*82*1*HOOSHMAND-PARSI*KAYHOSROW****XX*1447291851~REF*EA*A024287176BA4A1B9C8C7D5D34A0C9B8~DTM*232*20191127~DTM*233*20191127~SVC*HC:99214*134*9.79**1~DTM*472*20191127~CAS*CO*45*124.21~REF*6R*CPNT8Z3LZQXP~AMT*B6*9.79~LQ*HE*N381~LQ*HE*N381~CLP*000100026076*2*90*12.94**MC*2019365002778~NM1*QC*1*GARCIA*PAMELA****MR*P170101~NM1*82*1*CADDALI*ESTRELLA*A***XX*1164974580~REF*EA*7F0A4A6238024537AD938D3BD1E57A28~DTM*232*20191203~DTM*233*20191203~SVC*HC:99213*90*12.94**1~DTM*472*20191203~CAS*CO*45*77.06~REF*6R*CPND53AU5QQM~AMT*B6*12.94~LQ*HE*N381~LQ*HE*N381~CLP*000100026046*2*134*18.93**MC*2019362008751~NM1*QC*1*JOHNSON*JAIME*M***MR*M613609~NM1*82*1*CADDALI*ESTRELLA*A***XX*1164974580~REF*EA*1076EB57168B4ACD80500EA66B3226DB~DTM*232*20191203~DTM*233*20191203~SVC*HC:99214*134*18.93**1~DTM*472*20191203~CAS*CO*45*115.07~REF*6R*CPNTM4PHA0FG~AMT*B6*18.93~LQ*HE*N381~LQ*HE*N381~CLP*000100025947*2*201*18.93**MC*2019362008748~NM1*QC*1*LASATER*MARVIN*R***MR*M712013~NM1*82*1*GRONEMEYER*LEANNE*R***XX*1659521045~REF*EA*8C0CC6AB30C24C5CA688A88DC91E9657~DTM*232*20191127~DTM*233*20191127~SVC*HC:99214:25*134*18.93**1~DTM*472*20191127~CAS*CO*45*115.07~REF*6R*CPNT4RB29R3L~AMT*B6*18.93~LQ*HE*N381~LQ*HE*N381~SVC*HC:G0008*32*0**0**1~DTM*472*20191127~CAS*PI*16*32~REF*6R*CPNTP16BDBR4~LQ*HE*N381~LQ*HE*N56~SVC*HC:90674*35*0**1~DTM*472*20191127~CAS*CO*45*35~REF*6R*CPNTY3CBDJR3~LQ*HE*N381~CLP*000100025889*2*90*6.14**MC*2019365002776~NM1*QC*1*MAJOR*MARION*J***MR*O960190~NM1*82*1*HOOSHMAND-PARSI*KAYHOSROW****XX*1447291851~REF*EA*0EC2BD7EE0AE47B4A89A5F2B1340D057~DTM*232*20191127~DTM*233*20191127~SVC*HC:99213*90*6.14**1~DTM*472*20191127~CAS*CO*45*83.86~REF*6R*CPND4UNV9O1D~AMT*B6*6.14~LQ*HE*N381~LQ*HE*N381~CLP*000100026092*2*134*8.15**MC*2019365002754~NM1*QC*1*MARRONE*JOHN*H***MR*G491256~NM1*82*1*ROBERTS*BRAD*A***XX*1538435698~REF*EA*25149C4B76F04F53A28D9B3BCE321785~DTM*232*20191203~DTM*233*20191203~SVC*HC:99214*134*8.15**1~DTM*472*20191203~CAS*CO*45*125.85~REF*6R*CPNDLB6WCI9Y~AMT*B6*8.15~LQ*HE*N381~LQ*HE*N381~CLP*000100025843*2*382*42.23**MC*2019362008754~NM1*QC*1*MONTOYA*CHRISTOPH*P***MR*P301103~NM1*82*1*GRONEMEYER*LEANNE*R***XX*1659521045~REF*EA*CF47ECDF2EFC49E39FDFA7B65E66C5AE~DTM*232*20191126~DTM*233*20191126~SVC*HC:99205:25*255*35.99**1~DTM*472*20191126~CAS*CO*45*219.01~REF*6R*CPNTTCBHA4IM~AMT*B6*35.99~LQ*HE*N381~LQ*HE*N381~SVC*HC:G0008*32*0**1~DTM*472*20191126~CAS*OA*P22*32~REF*6R*CPNTXHKEKLKT~LQ*HE*MA125~SVC*HC:90674*35*0**1~DTM*472*20191126~CAS*CO*45*35~REF*6R*CPNT4T9UVD7U~LQ*HE*N381~SVC*HC:G0444*20*0**1~DTM*472*20191126~CAS*CO*45*20~REF*6R*CPNTV7OBBTLP~SVC*HC:G0396*40*6.24**1~DTM*472*20191126~CAS*OA*P22*33.76~REF*6R*CPNTGDSR06YH~AMT*B6*6.24~LQ*HE*MA125~CLP*000100025984*2*134*18.93**MC*2019362008741~NM1*QC*1*SOUSIE*KATHLEEN*A***MR*G599543~NM1*82*1*GRONEMEYER*LEANNE*R***XX*1659521045~REF*EA*E1A9C2022F484B00ABA3BAA4F877740A~DTM*232*20191202~DTM*233*20191202~SVC*HC:99214*134*18.93**1~DTM*472*20191202~CAS*CO*45*115.07~REF*6R*CPNTPPMOFZDX~AMT*B6*18.93~LQ*HE*N381~LQ*HE*N381~CLP*000100026324*2*90*12.94**MC*2020002004044~NM1*QC*1*SWETKY*VICTOR****MR*N729768~NM1*82*1*CADDALI*ESTRELLA*A***XX*1164974580~REF*EA*450C0880D9104FF7882D03520C33BD3F~DTM*232*20191205~DTM*233*20191205~SVC*HC:99213*90*12.94**1~DTM*472*20191205~CAS*CO*45*77.06~REF*6R*CPN92C9RX4RS~AMT*B6*12.94~LQ*HE*N381~LQ*HE*N381~CLP*000100026231*2*134*9.79**MC*2019365002757~NM1*QC*1*THOMAS*SIDNEY****MR*B976371~NM1*82*1*HOOSHMAND-PARSI*KAYHOSROW****XX*1447291851~REF*EA*817762FEA6CD4A219F679877D22B1124~DTM*232*20191204~DTM*233*20191204~SVC*HC:99214*134*9.79**1~DTM*472*20191204~CAS*CO*45*124.21~REF*6R*CPNDX2JI2M7A~AMT*B6*9.79~LQ*HE*N381~LQ*HE*N381~CLP*000100027048*1*149*105.53**MC*2020002041356~NM1*QC*1*BANKSTON*AMANDA*M***MR*G892642~NM1*82*1*SEARLES*DENISE*A***XX*1396971230~REF*EA*9D9E383262B24701B93EF7733E0696ED~DTM*232*20191219~DTM*233*20191219~SVC*HC:99214:25*134*97.11**1~DTM*472*20191219~CAS*CO*45*36.89~REF*6R*CPKEPWHCH6GS~AMT*B6*97.11~LQ*HE*N381~SVC*HC:81025*15*8.42**1~DTM*472*20191219~CAS*CO*45*6.58~REF*6R*CPKEROI829VZ~AMT*B6*8.42~LQ*HE*N381~CLP*000100026986*1*105*74.23**MC*2020002041012~NM1*QC*1*BARRILLEAUX*TARRA*L***MR*Y686591~NM1*82*1*CADDALI*ESTRELLA*A***XX*1164974580~REF*EA*7B63595FFA124E459B5E21A4E4CCDE79~DTM*232*20191218~DTM*233*20191218~SVC*HC:99213:25*90*65.81**1~DTM*472*20191218~CAS*CO*45*24.19~REF*6R*CPKEID2ZG46Z~AMT*B6*65.81~LQ*HE*N381~SVC*HC:81025*15*8.42**1~DTM*472*20191218~CAS*CO*45*6.58~REF*6R*CPKEIKMONQC3~AMT*B6*8.42~LQ*HE*N381~CLP*000100027148*1*134*95.11*2*MC*2020002041556~NM1*QC*1*BENAVIDEZ*KHRISTEN*D***MR*Y418586~NM1*82*1*GRONEMEYER*LEANNE*R***XX*1659521045~REF*EA*9B195029AA15442CBC4B8E962E019047~DTM*232*20191223~DTM*233*20191223~SVC*HC:99214*134*95.11**1~DTM*472*20191223~CAS*PR*3*2~CAS*CO*45*36.89~REF*6R*CPKE2F4U073W~AMT*B6*97.11~LQ*HE*N381~LQ*HE*N381~CLP*000100026865*1*134*97.11**MC*2020001016722~NM1*QC*1*BLAZEK*HEVYN****MR*Y896938~NM1*82*1*GRONEMEYER*LEANNE*R***XX*1659521045~REF*EA*9ED7E8D0C52F4164A88EA99458B9A280~DTM*232*20191217~DTM*233*20191217~SVC*HC:99214*134*97.11**1~DTM*472*20191217~CAS*CO*45*36.89~REF*6R*CPKM181EQLOC~AMT*B6*97.11~LQ*HE*N381~CLP*000100026879*1*149*105.53**MC*2020002041425~NM1*QC*1*CALDERON*DAVINA*R***MR*J450070~NM1*82*1*HOOSHMAND-PARSI*KAYHOSROW****XX*1447291851~REF*EA*767A773E93EC428294661B09C677B029~DTM*232*20191217~DTM*233*20191217~SVC*HC:99214:25*134*97.11**1~DTM*472*20191217~CAS*CO*45*36.89~REF*6R*CPKEBGF5ZGO9~AMT*B6*97.11~LQ*HE*N381~SVC*HC:81025*15*8.42**1~DTM*472*20191217~CAS*CO*45*6.58~REF*6R*CPKEZIM7U8LW~AMT*B6*8.42~LQ*HE*N381~CLP*000100027166*1*134*97.11**MC*2020002041331~NM1*QC*1*CASACK*JACOB****MR*Y190717~NM1*82*1*LUCAS*PEGGI*S***XX*1366419582~REF*EA*AE3E15ACBA6D48089E6C733A18B2D71D~DTM*232*20191223~DTM*233*20191223~SVC*HC:99214*134*97.11**1~DTM*472*20191223~CAS*CO*45*36.89~REF*6R*CPKE390T4NCP~AMT*B6*97.11~LQ*HE*N381~CLP*000100026889*1*134*97.11**MC*2020001016723~NM1*QC*1*CASAUS*TRACY*A***MR*K186814~NM1*82*1*HOOSHMAND-PARSI*KAYHOSROW****XX*1447291851~REF*EA*BA4FB4DA66FB4B0AAAF622807C8A7D50~DTM*232*20191217~DTM*233*20191217~SVC*HC:99214*134*97.11**1~DTM*472*20191217~CAS*CO*45*36.89~REF*6R*CPKMT7PBBUW9~AMT*B6*97.11~LQ*HE*N381~CLP*000100026868*1*391*243.3**MC*2020001016708~NM1*QC*1*CHAVEZ*CELINA*A***MR*I557323~NM1*82*1*LUCAS*PEGGI*S***XX*1366419582~REF*EA*D1ADB15D16B04054AB577480C71DF315~DTM*232*20191217~DTM*233*20191217~SVC*HC:99205:25*255*186.33**1~DTM*472*20191217~CAS*CO*45*68.67~REF*6R*CPKMGH2ZPVSE~AMT*B6*186.33~LQ*HE*N381~SVC*HC:99415*45*7.11**1~DTM*472*20191217~CAS*CO*45*37.89~REF*6R*CPKM79D551RX~AMT*B6*7.11~LQ*HE*N381~SVC*HC:H0049*36*10.92**1~DTM*472*20191217~CAS*CO*45*25.08~REF*6R*CPKME92RVF7J~AMT*B6*10.92~LQ*HE*N381~SVC*HC:G8431*40*30.52**1~DTM*472*20191217~CAS*CO*45*9.48~REF*6R*CPKMD0SRR7KG~AMT*B6*30.52~LQ*HE*N381~SVC*HC:81025*15*8.42**1~DTM*472*20191217~CAS*CO*45*6.58~REF*6R*CPKMMSWAZP1C~AMT*B6*8.42~LQ*HE*N381~CLP*000100026955*1*134*97.11**MC*2020002041271~NM1*QC*1*CHAVEZ*CELINA*A***MR*I557323~NM1*82*1*KLAKER*JULIE*M***XX*1215134705~REF*EA*84D1042B5A6F43A194C3801EFF90E34E~DTM*232*20191218~DTM*233*20191218~SVC*HC:99214*134*97.11**1~DTM*472*20191218~CAS*CO*45*36.89~REF*6R*CPKEYNAB2FCN~AMT*B6*97.11~LQ*HE*N381~CLP*000100027091*1*90*65.81**MC*2020002041243~NM1*QC*1*CHAVEZ*CLAYTON*J***MR*H783417~NM1*82*1*CADDALI*ESTRELLA*A***XX*1164974580~REF*EA*3AF4370BAC3840498F6DB858DE1B1F1B~DTM*232*20191220~DTM*233*20191220~SVC*HC:99213*90*65.81**1~DTM*472*20191220~CAS*CO*45*24.19~REF*6R*CPKEM2IDJZR4~AMT*B6*65.81~LQ*HE*N381~CLP*000100026845*1*90*65.81**MC*2020001016730~NM1*QC*1*CHAVEZ*DALTON****MR*Q846049~NM1*82*1*HOOSHMAND-PARSI*KAYHOSROW****XX*1447291851~REF*EA*414AE33E51EA45A58D97021073272FFE~DTM*232*20191217~DTM*233*20191217~SVC*HC:99213*90*65.81**1~DTM*472*20191217~CAS*CO*45*24.19~REF*6R*CPKM3EBOV7YY~AMT*B6*65.81~LQ*HE*N381~CLP*000100027075*1*134*97.11**MC*2020002041024~NM1*QC*1*CHAVEZ*MELISSA****MR*J002962~NM1*82*1*SEARLES*DENISE*A***XX*1396971230~REF*EA*63A4598699CD42F399F5A4187F964718~DTM*232*20191219~DTM*233*20191219~SVC*HC:99214*134*97.11**1~DTM*472*20191219~CAS*CO*45*36.89~REF*6R*CPKEJDWMT9VT~AMT*B6*97.11~LQ*HE*N381~CLP*000100026967*1*210*117.03*2*MC*2020002041469~NM1*QC*1*COFFEE*TALITHA*F***MR*M798889~NM1*82*1*SEARLES*DENISE*A***XX*1396971230~REF*EA*4CFEAC64323B435E9FF0C330002030AC~DTM*232*20191218~DTM*233*20191218~SVC*HC:99214:25*134*95.11**1~DTM*472*20191218~CAS*PR*3*2~CAS*CO*45*36.89~REF*6R*CPKEDDG45YEO~AMT*B6*97.11~LQ*HE*N381~LQ*HE*N381~SVC*HC:H0049*36*10.92**1~DTM*472*20191218~CAS*CO*45*25.08~REF*6R*CPKE1RE735XJ~AMT*B6*10.92~LQ*HE*N381~SVC*HC:G8510*40*11**1~DTM*472*20191218~CAS*CO*45*29~REF*6R*CPKENL10V7R1~AMT*B6*11~LQ*HE*N381~CLP*000100027069*1*90*63.81*2*MC*2020002041345~NM1*QC*1*CORDOVA*ANITA*L***MR*E237003~NM1*82*1*HOOSHMAND-PARSI*KAYHOSROW****XX*1447291851~REF*EA*B7792F68BFE641FEB7A3BFC6E85EC717~DTM*232*20191219~DTM*233*20191219~SVC*HC:99213*90*63.81**1~DTM*472*20191219~CAS*PR*3*2~CAS*CO*45*24.19~REF*6R*CPKEP8QP0GPC~AMT*B6*65.81~LQ*HE*N381~LQ*HE*N381~CLP*000100027179*1*134*97.11**MC*2020002041058~NM1*QC*1*CORDOVA*JAMES****MR*A394790~NM1*82*1*GRONEMEYER*LEANNE*R***XX*1659521045~REF*EA*FF13E5EDE09D42658E3F02A7547C5ACA~DTM*232*20191223~DTM*233*20191223~SVC*HC:99214*134*97.11**1~DTM*472*20191223~CAS*CO*45*36.89~REF*6R*CPKEGZP06RGR~AMT*B6*97.11~LQ*HE*N381~CLP*000100026453*1*149*103.53*2*MC*2020002041033~NM1*QC*1*CRAMER*CHELSEA*C***MR*G314138~NM1*82*1*LUCAS*PEGGI*S***XX*1366419582~REF*EA*127ADAAF22AC40F7B80CA064036849E8~DTM*232*20191209~DTM*233*20191209~SVC*HC:99214:25*134*95.11**1~DTM*472*20191209~CAS*PR*3*2~CAS*CO*45*36.89~REF*6R*CPKE552X9PM9~AMT*B6*97.11~LQ*HE*N381~LQ*HE*N381~SVC*HC:81025*15*8.42**1~DTM*472*20191209~CAS*CO*45*6.58~REF*6R*CPKEK3U7CWUP~AMT*B6*8.42~LQ*HE*N381~CLP*000100027132*1*134*97.11**MC*2020002041116~NM1*QC*1*CRESPIN*GILBERT****MR*M707740~NM1*82*1*SEARLES*DENISE*A***XX*1396971230~REF*EA*AFD1ADF2C90D4A23AB0F2D052A6004C3~DTM*232*20191220~DTM*233*20191220~SVC*HC:99214*134*97.11**1~DTM*472*20191220~CAS*CO*45*36.89~REF*6R*CPKEP6OHE6QM~AMT*B6*97.11~LQ*HE*N381~CLP*000100027047*1*54*39.39**MC*2020002041485~NM1*QC*1*DOUGLAS*AMANDA****MR*J877181~NM1*82*1*CADDALI*ESTRELLA*A***XX*1164974580~REF*EA*C16E57B2066744E09A2079EB184596EC~DTM*232*20191219~DTM*233*20191219~SVC*HC:99212*54*39.39**1~DTM*472*20191219~CAS*CO*45*14.61~REF*6R*CPKET1XRD1B4~AMT*B6*39.39~LQ*HE*N381~CLP*000100026759*1*134*95.11*2*MC*2020001016716~NM1*QC*1*DURAN*CLIFFORD*R***MR*P500498~NM1*82*1*LUCAS*PEGGI*S***XX*1366419582~REF*EA*70F6F5ECD9B849478FCADC0775D99750~DTM*232*20191213~DTM*233*20191213~SVC*HC:99214*134*95.11**1~DTM*472*20191213~CAS*PR*3*2~CAS*CO*45*36.89~REF*6R*CPKM3E52HNY4~AMT*B6*97.11~LQ*HE*N381~LQ*HE*N381~CLP*000100026922*1*149*105.53**MC*2020001016694~NM1*QC*1*EHLERS*DESIREE*F***MR*P131523~NM1*82*1*KLAKER*JULIE*M***XX*1215134705~REF*EA*F92D61EE0BF047A4B3BE7C6F6D78545E~DTM*232*20191218~DTM*233*20191218~SVC*HC:99214:25*134*97.11**1~DTM*472*20191218~CAS*CO*45*36.89~REF*6R*CPKMF40QIJJ6~AMT*B6*97.11~LQ*HE*N381~SVC*HC:81025*15*8.42**1~DTM*472*20191218~CAS*CO*45*6.58~REF*6R*CPKM3CQMA64X~AMT*B6*8.42~LQ*HE*N381~CLP*000100026926*1*134*97.11**MC*2020001016731~NM1*QC*1*ESQUIBEL*JASON*K***MR*Y927579~NM1*82*1*LANE*DELLA*J***XX*1417151630~REF*EA*4FE20C74BCD54856814ABD862DB01FB6~DTM*232*20191218~DTM*233*20191218~SVC*HC:99214*134*97.11**1~DTM*472*20191218~CAS*CO*45*36.89~REF*6R*CPKMBW15I6BN~AMT*B6*97.11~LQ*HE*N381~CLP*000100026965*1*54*39.39**MC*2020002041222~NM1*QC*1*EURIOSTE*RICHARD****MR*H551756~NM1*82*1*CADDALI*ESTRELLA*A***XX*1164974580~REF*EA*0A15EC43CFED46758EE6F97D6B4ECC73~DTM*232*20191218~DTM*233*20191218~SVC*HC:99212*54*39.39**1~DTM*472*20191218~CAS*CO*45*14.61~REF*6R*CPKEBELJ7T5C~AMT*B6*39.39~LQ*HE*N381~CLP*000100026969*1*157.15*118.61**MC*2020002041490~NM1*QC*1*FERNANDEZ*RICO*J***MR*P485087~NM1*82*1*CADDALI*ESTRELLA*A***XX*1164974580~REF*EA*B8FD07C74EA7409BAB163C1B8FC16A2C~DTM*232*20191218~DTM*233*20191218~SVC*HC:99214:25*134*97.11**1~DTM*472*20191218~CAS*CO*45*36.89~REF*6R*CPKEQK77CDNI~AMT*B6*97.11~LQ*HE*N381~SVC*HC:93000*23.15*21.5**1~DTM*472*20191218~CAS*CO*45*1.65~REF*6R*CPKEU7D0Z0RM~AMT*B6*21.5~LQ*HE*N381~CLP*000100026932*1*134*97.11**MC*2020001016736~NM1*QC*1*FITZPATRICK*TINA****MR*M581665~NM1*82*1*SEARLES*DENISE*A***XX*1396971230~REF*EA*DC7E846F30C94478A697C301A3065C11~DTM*232*20191218~DTM*233*20191218~SVC*HC:99214*134*97.11**1~DTM*472*20191218~CAS*CO*45*36.89~REF*6R*CPKMCC89V04G~AMT*B6*97.11~LQ*HE*N381~CLP*000100027024*1*149*105.53**MC*2020002041616~NM1*QC*1*FITZPATRICK*TINA****MR*M581665~NM1*82*1*SEARLES*DENISE*A***XX*1396971230~REF*EA*4CAB8E4FF1644A16B0CC582E9B80A7BB~DTM*232*20191219~DTM*233*20191219~SVC*HC:99214:25*134*97.11**1~DTM*472*20191219~CAS*CO*45*36.89~REF*6R*CPKEPQAZGSKI~AMT*B6*97.11~LQ*HE*N381~SVC*HC:81025*15*8.42**1~DTM*472*20191219~CAS*CO*45*6.58~REF*6R*CPKEXHMU4CCM~AMT*B6*8.42~LQ*HE*N381~CLP*000100026961*1*149*105.53**MC*2020002041603~NM1*QC*1*FLYNT*ZOLA****MR*Q759937~NM1*82*1*KLAKER*JULIE*M***XX*1215134705~REF*EA*A30A0BDA9C884E0D95C14E73C7C424CC~DTM*232*20191218~DTM*233*20191218~SVC*HC:99214:25*134*97.11**1~DTM*472*20191218~CAS*CO*45*36.89~REF*6R*CPKEROHRSD6H~AMT*B6*97.11~LQ*HE*N381~SVC*HC:81025*15*8.42**1~DTM*472*20191218~CAS*CO*45*6.58~REF*6R*CPKE3UVNIZ1J~AMT*B6*8.42~LQ*HE*N381~CLP*000100027063*1*65*55.35**MC*2020002041078~NM1*QC*1*FRASER*WILLIAM****MR*P773944~NM1*82*1*LEWIS*HOLLY*G***XX*1295234128~REF*EA*F7C483750B24484B97AC7439A4BADDE1~DTM*232*20191219~DTM*233*20191219~SVC*HC:90832*65*55.35**1~DTM*472*20191219~CAS*CO*45*9.65~REF*6R*CPKESWH5ARH1~AMT*B6*55.35~LQ*HE*N381~CLP*000100026862*1*90*65.81**MC*2020001016696~NM1*QC*1*GALLEGOS*ANNETTE****MR*O775073~NM1*82*1*GRONEMEYER*LEANNE*R***XX*1659521045~REF*EA*3FEB427486634A63B24D4A87C9F4D532~DTM*232*20191217~DTM*233*20191217~SVC*HC:99213*90*65.81**1~DTM*472*20191217~CAS*CO*45*24.19~REF*6R*CPKMTWSI8FMY~AMT*B6*65.81~LQ*HE*N381~CLP*000100027109*1*134*97.11**MC*2020002041290~NM1*QC*1*GARCIA*LOGAN****MR*G750198~NM1*82*1*LUCAS*PEGGI*S***XX*1366419582~REF*EA*C604C1F55FCF46D7830D7ABC50257BDA~DTM*232*20191220~DTM*233*20191220~SVC*HC:99214*134*97.11**1~DTM*472*20191220~CAS*CO*45*36.89~REF*6R*CPKEY1TS3GUE~AMT*B6*97.11~LQ*HE*N381~CLP*000100027120*1*54*39.39**MC*2020002041610~NM1*QC*1*GARCIA*SOPHIA****MR*O305642~NM1*82*1*CADDALI*ESTRELLA*A***XX*1164974580~REF*EA*FD7DDEDD533549D39791C2509E5B673E~DTM*232*20191220~DTM*233*20191220~SVC*HC:99212*54*39.39**1~DTM*472*20191220~CAS*CO*45*14.61~REF*6R*CPKEGD9J81IA~AMT*B6*39.39~LQ*HE*N381~CLP*000100027035*1*65*55.35**MC*2020002041418~NM1*QC*1*GOMEZ*CHARLEE****MR*Y224607~NM1*82*1*LEWIS*HOLLY*G***XX*1295234128~REF*EA*2C02910FB4FC4870A26AC3360D44785F~DTM*232*20191219~DTM*233*20191219~SVC*HC:90832*65*55.35**1~DTM*472*20191219~CAS*CO*45*9.65~REF*6R*CPKENBALYJAJ~AMT*B6*55.35~LQ*HE*N381~CLP*000100026850*1*127*94.93*2*MC*2020001016737~NM1*QC*1*GONZALEZ*DANIELLE*L***MR*P267459~NM1*82*1*CADDALI*ESTRELLA*A***XX*1164974580~REF*EA*3357929D50E045D389B85BBA944A1C1C~DTM*232*20191217~DTM*233*20191217~SVC*HC:99213:25*90*63.81**1~DTM*472*20191217~CAS*PR*3*2~CAS*CO*45*24.19~REF*6R*CPKM4STO081T~AMT*B6*65.81~LQ*HE*N381~LQ*HE*N381~SVC*HC:94010*37*31.12**1~DTM*472*20191217~CAS*CO*45*5.88~REF*6R*CPKMIUEDZH00~AMT*B6*31.12~LQ*HE*N381~CLP*000100027172*1*134*97.11**MC*2020002041585~NM1*QC*1*GOW*LAYLA****MR*O314223~NM1*82*1*GRONEMEYER*LEANNE*R***XX*1659521045~REF*EA*EC3FE4E771F544C0B140B7C3745A11D7~DTM*232*20191223~DTM*233*20191223~SVC*HC:99214*134*97.11**1~DTM*472*20191223~CAS*CO*45*36.89~REF*6R*CPKE5K2IFESS~AMT*B6*97.11~LQ*HE*N381~CLP*000100026866*1*134*97.11**MC*2020001016724~NM1*QC*1*GRINER*MARCUS****MR*M608799~NM1*82*1*HOOSHMAND-PARSI*KAYHOSROW****XX*1447291851~REF*EA*AAB3176C935F4489A87EB5A430A23B62~DTM*232*20191217~DTM*233*20191217~SVC*HC:99214*134*97.11**1~DTM*472*20191217~CAS*CO*45*36.89~REF*6R*CPKMCPGM3QX2~AMT*B6*97.11~LQ*HE*N381~CLP*000100026994*1*90*65.81**MC*2020002041459~NM1*QC*1*GRINER*MARCUS****MR*M608799~NM1*82*1*HOOSHMAND-PARSI*KAYHOSROW****XX*1447291851~REF*EA*CC8497B3BFA14BEA9B4BD87DE2194043~DTM*232*20191218~DTM*233*20191218~SVC*HC:99213*90*65.81**1~DTM*472*20191218~CAS*CO*45*24.19~REF*6R*CPKEVPTV7J2W~AMT*B6*65.81~LQ*HE*N381~CLP*000100027100*1*90*65.81**MC*2020002041633~NM1*QC*1*GUZMAN*MYRISA*R***MR*Y821833~NM1*82*1*CADDALI*ESTRELLA*A***XX*1164974580~REF*EA*73EE3A8084324165A5B501F1F7F5A053~DTM*232*20191220~DTM*233*20191220~SVC*HC:99213*90*65.81**1~DTM*472*20191220~CAS*CO*45*24.19~REF*6R*CPKEND9JQJ2A~AMT*B6*65.81~LQ*HE*N381~CLP*000100027029*1*90*65.81**MC*2020002041050~NM1*QC*1*HAIGH*ANDREW****MR*H880429~NM1*82*1*GRONEMEYER*LEANNE*R***XX*1659521045~REF*EA*C646CA75DA9A4C30A7028037D745ABD1~DTM*232*20191219~DTM*233*20191219~SVC*HC:99213*90*65.81**1~DTM*472*20191219~CAS*CO*45*24.19~REF*6R*CPKEF0ISVTCR~AMT*B6*65.81~LQ*HE*N381~CLP*000100026970*1*1927*1257.01*2*MC*2020002041316~NM1*QC*1*HALING*PATRICK*J***MR*T780060~NM1*82*1*GRONEMEYER*LEANNE*R***XX*1659521045~REF*EA*1B3C44ED2D0E44F98590AD8AEA2A7500~DTM*232*20191218~DTM*233*20191218~SVC*HC:99213:25*90*63.81**1~DTM*472*20191218~CAS*PR*3*2~CAS*CO*45*24.19~REF*6R*CPKE8KVFRR7C~AMT*B6*65.81~LQ*HE*N381~LQ*HE*N381~SVC*HC:96372*32*0**0**1~DTM*472*20191218~CAS*CO*109*32~REF*6R*CPKEHR82DWAU~LQ*HE*N381~SVC*HC:J2315*1805*1193.2**380~DTM*472*20191218~CAS*CO*45*611.8~REF*6R*CPKETA3PEQD5~AMT*B6*1193.2~LQ*HE*N381~CLP*000100027167*1*90*65.81**MC*2020002041064~NM1*QC*1*HEREDIA*NEISHA****MR*M350525~NM1*82*1*LUCAS*PEGGI*S***XX*1366419582~REF*EA*67F7E68897F944C2B27557DA5A3A51BB~DTM*232*20191223~DTM*233*20191223~SVC*HC:99213*90*65.81**1~DTM*472*20191223~CAS*CO*45*24.19~REF*6R*CPKE9L3KCWEB~AMT*B6*65.81~LQ*HE*N381~CLP*000100026918*1*345*107.82**MC*2020001016701~NM1*QC*1*HERRERA*CLAUDIA****MR*K156429~NM1*82*1*SEARLES*DENISE*A***XX*1396971230~REF*EA*3A4051E9321448DC8E83458D481B362F~DTM*232*20191218~DTM*233*20191218~SVC*HC:99395:25*165*107.82**1~DTM*472*20191218~CAS*CO*45*57.18~REF*6R*CPKM80VC32AK~AMT*B6*107.82~LQ*HE*N381~SVC*HC:99215*180*0**0**1~DTM*472*20191218~CAS*PI*16*180~REF*6R*CPKMF1SHC74E~LQ*HE*N10~LQ*HE*N56~LQ*HE*N381~CLP*000100027098*1*134*97.11**MC*2020002040991~NM1*QC*1*HERRERA*CLORINDA*E***MR*C652229~NM1*82*1*LUCAS*PEGGI*S***XX*1366419582~REF*EA*7CD4229F409D4379BF2245AF56D9ADC0~DTM*232*20191220~DTM*233*20191220~SVC*HC:99214*134*97.11**1~DTM*472*20191220~CAS*CO*45*36.89~REF*6R*CPKE99I48EWZ~AMT*B6*97.11~LQ*HE*N381~CLP*000100026915*1*148*96.78**MC*2020001016695~NM1*QC*1*JACKSON*JULISSA*R***MR*P315853~NM1*82*1*CADDALI*ESTRELLA*A***XX*1164974580~REF*EA*8DD78089771D4ECEAF9384435DFA210F~DTM*232*20191218~DTM*233*20191218~SVC*HC:99392*148*96.78**1~DTM*472*20191218~CAS*CO*45*51.22~REF*6R*CPKMQS4I7KFQ~AMT*B6*96.78~LQ*HE*N381~CLP*000100026941*1*134*95.11*2*MC*2020001016719~NM1*QC*1*JEX*LOUISE****MR*B117513~NM1*82*1*LANE*DELLA*J***XX*1417151630~REF*EA*27D2D0CD3BBE4A06A92324144A0B8934~DTM*232*20191218~DTM*233*20191218~SVC*HC:99214*134*95.11**1~DTM*472*20191218~CAS*PR*3*2~CAS*CO*45*36.89~REF*6R*CPKMO73WYI65~AMT*B6*97.11~LQ*HE*N381~LQ*HE*N381~CLP*000100027154*1*134*97.11**MC*2020002041309~NM1*QC*1*JOHNSON*GEORGE*W***MR*O540732~NM1*82*1*GRONEMEYER*LEANNE*R***XX*1659521045~REF*EA*A5CEC999D7534F6B9D0DE6C638E6258B~DTM*232*20191223~DTM*233*20191223~SVC*HC:99214*134*97.11**1~DTM*472*20191223~CAS*CO*45*36.89~REF*6R*CPKE8NP8ZBQI~AMT*B6*97.11~LQ*HE*N381~CLP*000100026735*1*221*119.35**MC*2020001016700~NM1*QC*1*JOHNSON*LAQAN****MR*P723961~NM1*82*1*CADDALI*ESTRELLA*A***XX*1164974580~REF*EA*A634CBF34A524063A5947121DB45474E~DTM*232*20191213~DTM*233*20191213~SVC*HC:99203:25*145*97.43**1~DTM*472*20191213~CAS*CO*45*47.57~REF*6R*CPKM1YD5ODSM~AMT*B6*97.43~LQ*HE*N381~SVC*HC:H0049*36*10.92**1~DTM*472*20191213~CAS*CO*45*25.08~REF*6R*CPKMXRC4SAYL~AMT*B6*10.92~LQ*HE*N381~SVC*HC:G8510*40*11**1~DTM*472*20191213~CAS*CO*45*29~REF*6R*CPKMNSQMQO2A~AMT*B6*11~LQ*HE*N381~CLP*000100026897*1*204*136.31*2*MC*2020001016692~NM1*QC*1*JOHNSON*MARK*A***MR*P242576~NM1*82*1*GRONEMEYER*LEANNE*R***XX*1659521045~REF*EA*35C4185D17364085A7AEC2B9FFA7721C~DTM*232*20191217~DTM*233*20191217~SVC*HC:99214:25*134*95.11**1~DTM*472*20191217~CAS*PR*3*2~CAS*CO*45*36.89~REF*6R*CPKMBTVXG4YW~AMT*B6*97.11~LQ*HE*N381~LQ*HE*N381~SVC*HC:90471*35*19.46**1~DTM*472*20191217~CAS*CO*45*15.54~REF*6R*CPKM7F1RIT7A~AMT*B6*19.46~LQ*HE*N381~SVC*HC:90674*35*21.74**1~DTM*472*20191217~CAS*CO*45*13.26~REF*6R*CPKMU51689GO~AMT*B6*21.74~LQ*HE*N381~CLP*000100026935*1*1986*1298.73**MC*2020001016721~NM1*QC*1*JOHNSON*NORA****MR*J694925~NM1*82*1*KLAKER*JULIE*M***XX*1215134705~REF*EA*F2A2865258294627AA2B8F59904AA131~DTM*232*20191218~DTM*233*20191218~SVC*HC:99214:25*134*97.11**1~DTM*472*20191218~CAS*CO*45*36.89~REF*6R*CPKMIUGDZ5U3~AMT*B6*97.11~LQ*HE*N381~SVC*HC:96372*32*0**0**1~DTM*472*20191218~CAS*CO*109*32~REF*6R*CPKMDR4V44LX~LQ*HE*N381~SVC*HC:J2315*1805*1193.2**380~DTM*472*20191218~CAS*CO*45*611.8~REF*6R*CPKMRHMHFAQK~AMT*B6*1193.2~LQ*HE*N381~SVC*HC:81025*15*8.42**1~DTM*472*20191218~CAS*CO*45*6.58~REF*6R*CPKM80YXTQFT~AMT*B6*8.42~LQ*HE*N381~CLP*000100027131*1*134*97.11**MC*2020002041442~NM1*QC*1*JOHNSON*NORA****MR*J694925~NM1*82*1*LUCAS*PEGGI*S***XX*1366419582~REF*EA*87AB0328581940F18CC3BA8E3F510A47~DTM*232*20191220~DTM*233*20191220~SVC*HC:99214*134*97.11**1~DTM*472*20191220~CAS*CO*45*36.89~REF*6R*CPKE1DLW84ZK~AMT*B6*97.11~LQ*HE*N381~CLP*000100026900*1*149*105.53**MC*2020001016707~NM1*QC*1*JOHNSON*TIFFANY*S***MR*L497210~NM1*82*1*HOOSHMAND-PARSI*KAYHOSROW****XX*1447291851~REF*EA*B764F7FF45AF4574AFB21767446CC7AE~DTM*232*20191217~DTM*233*20191217~SVC*HC:99214:25*134*97.11**1~DTM*472*20191217~CAS*CO*45*36.89~REF*6R*CPKMMD1SSI8A~AMT*B6*97.11~LQ*HE*N381~SVC*HC:81025*15*8.42**1~DTM*472*20191217~CAS*CO*45*6.58~REF*6R*CPKMR1L48ZT3~AMT*B6*8.42~LQ*HE*N381~CLP*000100026940*1*245*114.94**MC*2020002041192~NM1*QC*1*KLIPFEL*SHARON*L***MR*B029833~NM1*82*1*CADDALI*ESTRELLA*A***XX*1164974580~REF*EA*10D1D0153D7145C4BB0B3F5551B0F150~DTM*232*20191218~DTM*233*20191218~SVC*HC:99396:25*175*114.94**1~DTM*472*20191218~CAS*CO*45*60.06~REF*6R*CPKEYQ9Q54S0~AMT*B6*114.94~LQ*HE*N381~SVC*HC:90471*35*0**0**1~DTM*472*20191218~CAS*PI*16*35~REF*6R*CPKEQIQJQBMY~LQ*HE*MA92~LQ*HE*MA92~LQ*HE*N56~SVC*HC:90674*35*0**0**1~DTM*472*20191218~CAS*PI*16*35~REF*6R*CPKE38XDV0C6~LQ*HE*MA92~LQ*HE*MA92~LQ*HE*N56~CLP*000100027105*1*90*65.81**MC*2020002041089~NM1*QC*1*LANE*CHARLES*J***MR*I606849~NM1*82*1*CADDALI*ESTRELLA*A***XX*1164974580~REF*EA*99CBA1320D1E402D9584299FEBF172AB~DTM*232*20191220~DTM*233*20191220~SVC*HC:99213*90*65.81**1~DTM*472*20191220~CAS*CO*45*24.19~REF*6R*CPKEOFFGB742~AMT*B6*65.81~LQ*HE*N381~CLP*000100027002*1*149*103.53*2*MC*2020002041140~NM1*QC*1*LERMA*VERONICA****MR*P119230~NM1*82*1*KLAKER*JULIE*M***XX*1215134705~REF*EA*7705215ABF5B40AD9698D8364EE58F3C~DTM*232*20191218~DTM*233*20191218~SVC*HC:99214:25*134*95.11**1~DTM*472*20191218~CAS*PR*3*2~CAS*CO*45*36.89~REF*6R*CPKEQQLU6L05~AMT*B6*97.11~LQ*HE*N381~LQ*HE*N381~SVC*HC:81025*15*8.42**1~DTM*472*20191218~CAS*CO*45*6.58~REF*6R*CPKEGR83DGNB~AMT*B6*8.42~LQ*HE*N381~CLP*000100026894*1*90*65.81**MC*2020001016687~NM1*QC*1*LINDSAY SANDERS*SHABREA*D***MR*Q818873~NM1*74*1*LINDSAYSANDERS~NM1*82*1*CADDALI*ESTRELLA*A***XX*1164974580~REF*EA*C3F1926662C6495190E78CB5F7ADFA1D~DTM*232*20191217~DTM*233*20191217~SVC*HC:99213*90*65.81**1~DTM*472*20191217~CAS*CO*45*24.19~REF*6R*CPKMAKKG5DWT~AMT*B6*65.81~LQ*HE*N381~CLP*000100027152*1*134*97.11**MC*2020002041128~NM1*QC*1*LORETO*JOSHUA*R***MR*E192810~NM1*82*1*LUCAS*PEGGI*S***XX*1366419582~REF*EA*2EEDB26BD64F42BCAC4069548DA3EADD~DTM*232*20191223~DTM*233*20191223~SVC*HC:99214*134*97.11**1~DTM*472*20191223~CAS*CO*45*36.89~REF*6R*CPKEWK821QKM~AMT*B6*97.11~LQ*HE*N381~CLP*000100027056*1*134*97.11**MC*2020002041547~NM1*QC*1*MAEZ*DANIEL*E***MR*B173664~NM1*82*1*SEARLES*DENISE*A***XX*1396971230~REF*EA*5098E16EFEB6415AB43FA5D5EA997F57~DTM*232*20191219~DTM*233*20191219~SVC*HC:99214*134*97.11**1~DTM*472*20191219~CAS*CO*45*36.89~REF*6R*CPKEK7F2K7VJ~AMT*B6*97.11~LQ*HE*N381~CLP*000100027000*1*149*103.53*2*MC*2020002041571~NM1*QC*1*MAGANA*CARLA*R***MR*M671813~NM1*82*1*KLAKER*JULIE*M***XX*1215134705~REF*EA*FA25FEBB6ECD432890C529062199F60D~DTM*232*20191218~DTM*233*20191218~SVC*HC:99214:25*134*95.11**1~DTM*472*20191218~CAS*PR*3*2~CAS*CO*45*36.89~REF*6R*CPKE0F59UG2G~AMT*B6*97.11~LQ*HE*N381~LQ*HE*N381~SVC*HC:81025*15*8.42**1~DTM*472*20191218~CAS*CO*45*6.58~REF*6R*CPKECMBYCGRN~AMT*B6*8.42~LQ*HE*N381~CLP*000100026876*1*134*97.11**MC*2020001016713~NM1*QC*1*MARQUEZ*JON****MR*S249531~NM1*82*1*LUCAS*PEGGI*S***XX*1366419582~REF*EA*6B18A865D1784688B78A9B1918547839~DTM*232*20191217~DTM*233*20191217~SVC*HC:99214*134*97.11**1~DTM*472*20191217~CAS*CO*45*36.89~REF*6R*CPKMP99QEBMM~AMT*B6*97.11~LQ*HE*N381~CLP*000100026960*1*149*105.53**MC*2020002041208~NM1*QC*1*MARTIN*SABRINA*L***MR*Y030235~NM1*82*1*GRONEMEYER*LEANNE*R***XX*1659521045~REF*EA*3952301215184324BD76842DB07DB13A~DTM*232*20191218~DTM*233*20191218~SVC*HC:99214:25*134*97.11**1~DTM*472*20191218~CAS*CO*45*36.89~REF*6R*CPKEADCV7QZ8~AMT*B6*97.11~LQ*HE*N381~SVC*HC:81025*15*8.42**1~DTM*472*20191218~CAS*CO*45*6.58~REF*6R*CPKE3YTUPXIO~AMT*B6*8.42~LQ*HE*N381~CLP*000100026991*1*105*72.23*2*MC*2020002041404~NM1*QC*1*MARTINEZ*DANIELLE*L***MR*U458658~NM1*82*1*KLAKER*JULIE*M***XX*1215134705~REF*EA*4CACC11146B44A818C6EE99AD216E5CF~DTM*232*20191218~DTM*233*20191218~SVC*HC:99213:25*90*63.81**1~DTM*472*20191218~CAS*PR*3*2~CAS*CO*45*24.19~REF*6R*CPKEF5O1ZZOU~AMT*B6*65.81~LQ*HE*N381~LQ*HE*N381~SVC*HC:81025*15*8.42**1~DTM*472*20191218~CAS*CO*45*6.58~REF*6R*CPKEAU334KO9~AMT*B6*8.42~LQ*HE*N381~CLP*000100026956*1*134*97.11**MC*2020002041520~NM1*QC*1*MARTINEZ*DEBRA*A***MR*D395711~NM1*82*1*LANE*DELLA*J***XX*1417151630~REF*EA*02463F148984494BB6F24AABAE3E50E4~DTM*232*20191218~DTM*233*20191218~SVC*HC:99214*134*97.11**1~DTM*472*20191218~CAS*CO*45*36.89~REF*6R*CPKEJ3DUJM4W~AMT*B6*97.11~LQ*HE*N381~CLP*000100027066*1*134*97.11**MC*2020002041530~NM1*QC*1*MAURO*RONDA*L***MR*U480140~NM1*82*1*KLAKER*JULIE*M***XX*1215134705~REF*EA*14D626AAA73C42FDBA4ADE137FE2B9F0~DTM*232*20191219~DTM*233*20191219~SVC*HC:99214*134*97.11**1~DTM*472*20191219~CAS*CO*45*36.89~REF*6R*CPKEZCDXSXTT~AMT*B6*97.11~LQ*HE*N381~CLP*000100026929*1*134*97.11**MC*2020001016710~NM1*QC*1*MEDINA*EDWARD*R***MR*O654584~NM1*82*1*LANE*DELLA*J***XX*1417151630~REF*EA*4FC2C54EEFD947C3BABB3057071A5C24~DTM*232*20191218~DTM*233*20191218~SVC*HC:99214*134*97.11**1~DTM*472*20191218~CAS*CO*45*36.89~REF*6R*CPKMJO40ZAYC~AMT*B6*97.11~LQ*HE*N381~CLP*000100026839*1*152*21.07**MC*2020001016727~NM1*QC*1*MILNE*JAYSON*M***MR*O696036~NM1*82*1*GRONEMEYER*LEANNE*R***XX*1659521045~REF*EA*F29351525DB34C0A964B9B8D658CD907~DTM*232*20191217~DTM*233*20191217~SVC*HC:17110*152*21.07**1~DTM*472*20191217~CAS*CO*45*130.93~REF*6R*CPKMX42LJRZ6~AMT*B6*21.07~LQ*HE*N381~CLP*000100027040*1*54*39.39**MC*2020002041390~NM1*QC*1*MONSON*SAVANNAH*R***MR*U391305~NM1*82*1*CADDALI*ESTRELLA*A***XX*1164974580~REF*EA*334690B616A94819ABFAA9A05483B15A~DTM*232*20191219~DTM*233*20191219~SVC*HC:99212*54*39.39**1~DTM*472*20191219~CAS*CO*45*14.61~REF*6R*CPKED1S5CB8Z~AMT*B6*39.39~LQ*HE*N381~CLP*000100027106*1*65*55.35**MC*2020002041541~NM1*QC*1*MOSS*JEREMY****MR*L880571~NM1*82*1*LEWIS*HOLLY*G***XX*1295234128~REF*EA*94CD6E238B87466A80792C4D933C60FE~DTM*232*20191220~DTM*233*20191220~SVC*HC:90832*65*55.35**1~DTM*472*20191220~CAS*CO*45*9.65~REF*6R*CPKEAZCTVEYM~AMT*B6*55.35~LQ*HE*N381~CLP*000100026901*1*256*169.43*2*MC*2020001016729~NM1*QC*1*MUNIZ*SHARON*M***MR*J463636~NM1*82*1*GRONEMEYER*LEANNE*R***XX*1659521045~REF*EA*D88D08AEC98841AAA5207C009828B3E1~DTM*232*20191217~DTM*233*20191217~SVC*HC:99215:25*180*127.99**1~DTM*472*20191217~CAS*PR*3*2~CAS*CO*45*50.01~REF*6R*CPKMUILBQE0N~AMT*B6*129.99~LQ*HE*N381~LQ*HE*N381~SVC*HC:H0049*36*10.92**1~DTM*472*20191217~CAS*CO*45*25.08~REF*6R*CPKMJ8P3EMQQ~AMT*B6*10.92~LQ*HE*N381~SVC*HC:G8431*40*30.52**1~DTM*472*20191217~CAS*CO*45*9.48~REF*6R*CPKMF8OOJ04P~AMT*B6*30.52~LQ*HE*N381~CLP*000100026855*1*227.15*157.81*2*MC*2020001016725~NM1*QC*1*NORIEGA*JUDY*L***MR*I831249~NM1*82*1*GRONEMEYER*LEANNE*R***XX*1659521045~REF*EA*48E03FEC09BF4D1F83F7B6F94AF5A845~DTM*232*20191217~DTM*233*20191217~SVC*HC:99214:25*134*95.11**1~DTM*472*20191217~CAS*PR*3*2~CAS*CO*45*36.89~REF*6R*CPKMPCLXRZS9~AMT*B6*97.11~LQ*HE*N381~LQ*HE*N381~SVC*HC:93000:76*23.15*21.5**1~DTM*472*20191217~CAS*CO*45*1.65~REF*6R*CPKMUBXF799G~AMT*B6*21.5~LQ*HE*N381~SVC*HC:90471*35*19.46**1~DTM*472*20191217~CAS*CO*45*15.54~REF*6R*CPKMDK0DY7OB~AMT*B6*19.46~LQ*HE*N381~SVC*HC:90674*35*21.74**1~DTM*472*20191217~CAS*CO*45*13.26~REF*6R*CPKMU0JUELPJ~AMT*B6*21.74~LQ*HE*N381~CLP*000100027027*1*134*95.11*2*MC*2020002041182~NM1*QC*1*ORNELAS*MICHAEL*A***MR*Q985383~NM1*82*1*SEARLES*DENISE*A***XX*1396971230~REF*EA*923AE7C8037B4DF595B3C8D004E6D317~DTM*232*20191219~DTM*233*20191219~SVC*HC:99214*134*95.11**1~DTM*472*20191219~CAS*PR*3*2~CAS*CO*45*36.89~REF*6R*CPKEP3NHWH4G~AMT*B6*97.11~LQ*HE*N381~LQ*HE*N381~CLP*000100026976*1*149*105.53**MC*2020002041375~NM1*QC*1*PADILLA*LAURA*C***MR*Y008082~NM1*82*1*KLAKER*JULIE*M***XX*1215134705~REF*EA*D875E687C1BE4B9394BA8E97B52D9693~DTM*232*20191218~DTM*233*20191218~SVC*HC:99214:25*134*97.11**1~DTM*472*20191218~CAS*CO*45*36.89~REF*6R*CPKE6O79RF2Y~AMT*B6*97.11~LQ*HE*N381~SVC*HC:81025*15*8.42**1~DTM*472*20191218~CAS*CO*45*6.58~REF*6R*CPKEK97GO0E4~AMT*B6*8.42~LQ*HE*N381~CLP*000100026954*1*149*105.53**MC*2020002041253~NM1*QC*1*QUINTANA*DANIELLE*A***MR*N559116~NM1*82*1*LANE*DELLA*J***XX*1417151630~REF*EA*303504A2E38D4DC8B36DC357C0007420~DTM*232*20191218~DTM*233*20191218~SVC*HC:99214:25*134*97.11**1~DTM*472*20191218~CAS*CO*45*36.89~REF*6R*CPKEFYB1ABCP~AMT*B6*97.11~LQ*HE*N381~SVC*HC:81025*15*8.42**1~DTM*472*20191218~CAS*CO*45*6.58~REF*6R*CPKE1SIV3CW2~AMT*B6*8.42~LQ*HE*N381~CLP*000100026908*1*134*97.11**MC*2020001016702~NM1*QC*1*RAY*DENNIS*G***MR*G702068~NM1*82*1*GRONEMEYER*LEANNE*R***XX*1659521045~REF*EA*65413EA8BAEA44E8A5C4112294EEC0E8~DTM*232*20191217~DTM*233*20191217~SVC*HC:99214*134*97.11**1~DTM*472*20191217~CAS*CO*45*36.89~REF*6R*CPKMRPUP4WFG~AMT*B6*97.11~LQ*HE*N381~CLP*000100026962*1*54*39.39**MC*2020002041501~NM1*QC*1*RAYAS*JAVIER****MR*I638636~NM1*82*1*CADDALI*ESTRELLA*A***XX*1164974580~REF*EA*54C8E09441304F62A22991DA6607FD9D~DTM*232*20191218~DTM*233*20191218~SVC*HC:99212*54*39.39**1~DTM*472*20191218~CAS*CO*45*14.61~REF*6R*CPKEL29U0YXS~AMT*B6*39.39~LQ*HE*N381~CLP*000100026907*1*309*212.05**MC*2020001016706~NM1*QC*1*REED*EDWIN****MR*J895555~NM1*82*1*SEARLES*DENISE*A***XX*1396971230~REF*EA*9F6257D2800E435EBC41A6786671F1CF~DTM*232*20191217~DTM*233*20191217~SVC*HC:99396:25*175*114.94**1~DTM*472*20191217~CAS*CO*45*60.06~REF*6R*CPKM8M9AT4OG~AMT*B6*114.94~LQ*HE*N381~SVC*HC:99214*134*97.11**1~DTM*472*20191217~CAS*CO*45*36.89~REF*6R*CPKM38NFVY6T~AMT*B6*97.11~LQ*HE*N381~CLP*000100026725*1*299*105.82*2*MC*2020001016715~NM1*QC*1*RIVERA*JANNETTE****MR*Y173829~NM1*82*1*SEARLES*DENISE*A***XX*1396971230~REF*EA*E2D9D2CB5B6641EAAE711D024EB33580~DTM*232*20191213~DTM*233*20191213~SVC*HC:99395:25*165*105.82**1~DTM*472*20191213~CAS*PR*3*2~CAS*CO*45*57.18~REF*6R*CPKMK32X19GU~AMT*B6*107.82~LQ*HE*N381~LQ*HE*N381~SVC*HC:99214*134*0**0**1~DTM*472*20191213~CAS*PI*16*134~REF*6R*CPKMHFRDBCGF~LQ*HE*N10~LQ*HE*N56~LQ*HE*N381~CLP*000100026999*1*138*100.51**MC*2020002041299~NM1*QC*1*RIVERA*MANUEL*J***MR*I331935~NM1*82*1*LUCAS*PEGGI*S***XX*1366419582~REF*EA*0170B113C3B14197935097EAEFF656D1~DTM*232*20191218~DTM*233*20191218~SVC*HC:99214:25*134*97.11**1~DTM*472*20191218~CAS*CO*45*36.89~REF*6R*CPKE5M4OAIPM~AMT*B6*97.11~LQ*HE*N381~SVC*HC:81002*4*3.4**1~DTM*472*20191218~CAS*CO*45*.6~REF*6R*CPKE06U0Q90X~AMT*B6*3.4~LQ*HE*N381~CLP*000100026942*1*105*72.23*2*MC*2020002040974~NM1*QC*1*ROBIN*RONDI*L***MR*L564167~NM1*82*1*GRONEMEYER*LEANNE*R***XX*1659521045~REF*EA*F8AA7AEA7147415695DB0044AFD2EDFA~DTM*232*20191218~DTM*233*20191218~SVC*HC:99213:25*90*63.81**1~DTM*472*20191218~CAS*PR*3*2~CAS*CO*45*24.19~REF*6R*CPKEHWQSX7JK~AMT*B6*65.81~LQ*HE*N381~LQ*HE*N381~SVC*HC:81025*15*8.42**1~DTM*472*20191218~CAS*CO*45*6.58~REF*6R*CPKE5G5OQ41C~AMT*B6*8.42~LQ*HE*N381~CLP*000100026937*1*1975*1293.71**MC*2020001016728~NM1*QC*1*RODRIGUEZ*JOSEPH****MR*S525880~NM1*82*1*KLAKER*JULIE*M***XX*1215134705~REF*EA*CECD39AB83F84686AFC74DF8DBB33280~DTM*232*20191218~DTM*233*20191218~SVC*HC:99214:25*134*97.11**1~DTM*472*20191218~CAS*CO*45*36.89~REF*6R*CPKMCTSZI1CM~AMT*B6*97.11~LQ*HE*N381~SVC*HC:96372*32*0**0**1~DTM*472*20191218~CAS*CO*109*32~REF*6R*CPKMVHP3PKZY~LQ*HE*N381~SVC*HC:J2315*1805*1193.2**380~DTM*472*20191218~CAS*CO*45*611.8~REF*6R*CPKMFWZXVUWP~AMT*B6*1193.2~LQ*HE*N381~SVC*HC:81002*4*3.4**1~DTM*472*20191218~CAS*CO*45*.6~REF*6R*CPKM0VYJJIQR~AMT*B6*3.4~LQ*HE*N381~CLP*000100027013*1*134*97.11**MC*2020002041111~NM1*QC*1*ROPER*PAISLEY*J***MR*P628184~NM1*82*1*GRONEMEYER*LEANNE*R***XX*1659521045~REF*EA*034E710D912B4065B956FAC96A255CA5~DTM*232*20191218~DTM*233*20191218~SVC*HC:99214*134*97.11**1~DTM*472*20191218~CAS*CO*45*36.89~REF*6R*CPKECO0X86JV~AMT*B6*97.11~LQ*HE*N381~CLP*000100027012*1*134*97.11**MC*2020002041515~NM1*QC*1*ROPER*SHALONE*A***MR*P628185~NM1*82*1*GRONEMEYER*LEANNE*R***XX*1659521045~REF*EA*D1242C4A7F014AA99301A678AAF56BDC~DTM*232*20191218~DTM*233*20191218~SVC*HC:99214*134*97.11**1~DTM*472*20191218~CAS*CO*45*36.89~REF*6R*CPKEYEYEOHRD~AMT*B6*97.11~LQ*HE*N381~CLP*000100027184*1*134*97.11**MC*2020002041594~NM1*QC*1*SAIS*MICHAEL*E***MR*N765754~NM1*82*1*LUCAS*PEGGI*S***XX*1366419582~REF*EA*67B34EA6A3D841D58E0E2ABF80E56ECD~DTM*232*20191223~DTM*233*20191223~SVC*HC:99214*134*97.11**1~DTM*472*20191223~CAS*CO*45*36.89~REF*6R*CPKEL67Z31JG~AMT*B6*97.11~LQ*HE*N381~CLP*000100026943*1*134*97.11**MC*2020001016726~NM1*QC*1*SALAZAR*TAZIO****MR*N789226~NM1*82*1*LUCAS*PEGGI*S***XX*1366419582~REF*EA*222D315730AD40518AD6FDD26B1A544B~DTM*232*20191218~DTM*233*20191218~SVC*HC:99214*134*97.11**1~DTM*472*20191218~CAS*CO*45*36.89~REF*6R*CPKMJ8VWG878~AMT*B6*97.11~LQ*HE*N381~CLP*000100026883*1*134*97.11**MC*2020002041172~NM1*QC*1*SAMSON*CARA*M***MR*Y649542~NM1*82*1*LUCAS*PEGGI*S***XX*1366419582~REF*EA*65C208BB4FF74177BF955E03C9526DCA~DTM*232*20191217~DTM*233*20191217~SVC*HC:99214*134*97.11**1~DTM*472*20191217~CAS*CO*45*36.89~REF*6R*CPKECJV8VSME~AMT*B6*97.11~LQ*HE*N381~CLP*000100027094*1*134*97.11**MC*2020002041176~NM1*QC*1*SAMSON*CARA*M***MR*Y649542~NM1*82*1*KLAKER*JULIE*M***XX*1215134705~REF*EA*2D928C4E9F7E487AB6FC7F1FFACE5B7C~DTM*232*20191220~DTM*233*20191220~SVC*HC:99214*134*97.11**1~DTM*472*20191220~CAS*CO*45*36.89~REF*6R*CPKEET0K0NFE~AMT*B6*97.11~LQ*HE*N381~CLP*000100027005*1*134*97.11**MC*2020002041238~NM1*QC*1*SANCHEZ*ARON****MR*O342310~NM1*82*1*GRONEMEYER*LEANNE*R***XX*1659521045~REF*EA*5081D825D01040C1AD0908AEB3DA47FA~DTM*232*20191218~DTM*233*20191218~SVC*HC:99214*134*97.11**1~DTM*472*20191218~CAS*CO*45*36.89~REF*6R*CPKE75HSGOVB~AMT*B6*97.11~LQ*HE*N381~CLP*000100026920*1*149*105.53**MC*2020001016732~NM1*QC*1*SANCHEZ*LEANNA*A***MR*L179099~NM1*82*1*LANE*DELLA*J***XX*1417151630~REF*EA*358AFF9D11FC474D80BFB2B612792C32~DTM*232*20191218~DTM*233*20191218~SVC*HC:99214:25*134*97.11**1~DTM*472*20191218~CAS*CO*45*36.89~REF*6R*CPKMPFXWQVCJ~AMT*B6*97.11~LQ*HE*N381~SVC*HC:81025*15*8.42**1~DTM*472*20191218~CAS*CO*45*6.58~REF*6R*CPKMBWOY24D3~AMT*B6*8.42~LQ*HE*N381~CLP*000100026870*1*134*97.11**MC*2020001016717~NM1*QC*1*SANCHEZ*RANDY****MR*Y196130~NM1*82*1*GRONEMEYER*LEANNE*R***XX*1659521045~REF*EA*9A8550310FB249DAB8962A59B5E99579~DTM*232*20191217~DTM*233*20191217~SVC*HC:99214*134*97.11**1~DTM*472*20191217~CAS*CO*45*36.89~REF*6R*CPKMTAQRCBXM~AMT*B6*97.11~LQ*HE*N381~CLP*000100027009*1*134*97.11**MC*2020002041628~NM1*QC*1*SANCHEZ*URIEL****MR*G987836~NM1*82*1*GRONEMEYER*LEANNE*R***XX*1659521045~REF*EA*6145A90C7D254FCC92ECD4BA080BD11C~DTM*232*20191218~DTM*233*20191218~SVC*HC:99214*134*97.11**1~DTM*472*20191218~CAS*CO*45*36.89~REF*6R*CPKENTCXG0BP~AMT*B6*97.11~LQ*HE*N381~CLP*000100026893*1*149*105.26*.27*MC*2020001016698~NM1*QC*1*SANCHEZ*YVONNE*A***MR*J289148~NM1*82*1*HOOSHMAND-PARSI*KAYHOSROW****XX*1447291851~REF*EA*26459831A2094E999F69CCCAF1C55537~DTM*232*20191217~DTM*233*20191217~SVC*HC:99214:25*134*96.84**1~DTM*472*20191217~CAS*PR*3*.27~CAS*CO*45*36.89~REF*6R*CPKMD2O71DPN~AMT*B6*97.11~LQ*HE*N381~LQ*HE*N381~SVC*HC:81025*15*8.42**1~DTM*472*20191217~CAS*CO*45*6.58~REF*6R*CPKMDWR7BH6T~AMT*B6*8.42~LQ*HE*N381~CLP*000100027004*1*54*39.39**MC*2020002041003~NM1*QC*1*SANDOVAL*ANDREA*B***MR*V055164~NM1*82*1*SEARLES*DENISE*A***XX*1396971230~REF*EA*0296B65E02E844A6921730B86A12F6D6~DTM*232*20191218~DTM*233*20191218~SVC*HC:99212*54*39.39**1~DTM*472*20191218~CAS*CO*45*14.61~REF*6R*CPKEGJTNCMWG~AMT*B6*39.39~LQ*HE*N381~CLP*000100026884*1*991*981.49**MC*2020001016714~NM1*QC*1*SANDOVAL*JULIA****MR*Y177297~NM1*82*1*CADDALI*ESTRELLA*A***XX*1164974580~REF*EA*19CBEF6DE40944BC8B327CE1F4CD5AE8~DTM*232*20191217~DTM*233*20191217~SVC*HC:11981:FP*156*153.07**1~DTM*472*20191217~CAS*CO*45*2.93~REF*6R*CPKMWR6NG531~AMT*B6*153.07~LQ*HE*N381~LQ*HE*N381~SVC*HC:J7307:FP*820*820**1~DTM*472*20191217~REF*6R*CPKMUG4964ZK~AMT*B6*820~SVC*HC:81025:FP*15*8.42**1~DTM*472*20191217~CAS*CO*45*6.58~REF*6R*CPKMW6GE9UNY~AMT*B6*8.42~LQ*HE*N381~CLP*000100026958*1*134*97.11**MC*2020002041160~NM1*QC*1*SANDOVAL*WAYNE****MR*N882963~NM1*82*1*KLAKER*JULIE*M***XX*1215134705~REF*EA*3745F3991C4D4E93A1B19E3FD1F0E7BA~DTM*232*20191218~DTM*233*20191218~SVC*HC:99214*134*97.11**1~DTM*472*20191218~CAS*CO*45*36.89~REF*6R*CPKE801P6DP0~AMT*B6*97.11~LQ*HE*N381~CLP*000100026856*1*2016*1297.42**MC*2020001016711~NM1*QC*1*SKINNER*KENNETH****MR*Y129808~NM1*82*1*HOOSHMAND-PARSI*KAYHOSROW****XX*1447291851~REF*EA*9568B09B9AA447B284E7777E9F2D7A80~DTM*232*20191217~DTM*233*20191217~SVC*HC:99214:25*134*97.11**1~DTM*472*20191217~CAS*CO*45*36.89~REF*6R*CPKMKFCLXLDZ~AMT*B6*97.11~LQ*HE*N381~SVC*HC:99415*45*7.11**1~DTM*472*20191217~CAS*CO*45*37.89~REF*6R*CPKMGOFROXO1~AMT*B6*7.11~LQ*HE*N381~SVC*HC:96372*32*0**0**1~DTM*472*20191217~CAS*CO*109*32~REF*6R*CPKMYH5QZGME~LQ*HE*N381~SVC*HC:J2315*1805*1193.2**380~DTM*472*20191217~CAS*CO*45*611.8~REF*6R*CPKM4PN7N7IK~AMT*B6*1193.2~LQ*HE*N381~CLP*000100026617*1*134*97.11**MC*2020002041508~NM1*QC*1*STRAIT*LORRAINE****MR*Y360507~NM1*82*1*GRONEMEYER*LEANNE*R***XX*1659521045~REF*EA*2B9D3DA54328492EAA1D0CD8F25A5852~DTM*232*20191211~DTM*233*20191211~SVC*HC:99214*134*97.11**1~DTM*472*20191211~CAS*CO*45*36.89~REF*6R*CPKE0YP0DU04~AMT*B6*97.11~LQ*HE*N381~CLP*000100027074*1*134*97.11**MC*2020002041563~NM1*QC*1*TOMLINSON*SEAN*B***MR*O382609~NM1*82*1*SEARLES*DENISE*A***XX*1396971230~REF*EA*F514BAF8AC864C5EB8A07707B0B861E5~DTM*232*20191219~DTM*233*20191219~SVC*HC:99214*134*97.11**1~DTM*472*20191219~CAS*CO*45*36.89~REF*6R*CPKEPIBX8331~AMT*B6*97.11~LQ*HE*N381~CLP*000100026927*1*149*105.53**MC*2020001016712~NM1*QC*1*TUCKER*JUDY*L***MR*W894116~NM1*82*1*LANE*DELLA*J***XX*1417151630~REF*EA*0BAE3C6EAEBD472187C798228D337E7F~DTM*232*20191218~DTM*233*20191218~SVC*HC:99214:25*134*97.11**1~DTM*472*20191218~CAS*CO*45*36.89~REF*6R*CPKMTZITQEFN~AMT*B6*97.11~LQ*HE*N381~SVC*HC:81025*15*8.42**1~DTM*472*20191218~CAS*CO*45*6.58~REF*6R*CPKMT35VCZO9~AMT*B6*8.42~LQ*HE*N381~CLP*000100026939*1*134*97.11**MC*2020001016718~NM1*QC*1*TURNER*DAVID*R***MR*P547112~NM1*82*1*CADDALI*ESTRELLA*A***XX*1164974580~REF*EA*53F07098030749E68C9889F87DE8D96A~DTM*232*20191218~DTM*233*20191218~SVC*HC:99214*134*97.11**1~DTM*472*20191218~CAS*CO*45*36.89~REF*6R*CPKMPBIO00ZV~AMT*B6*97.11~LQ*HE*N381~CLP*000100026906*1*134*97.11**MC*2020001016735~NM1*QC*1*TYLER*JASON****MR*G053350~NM1*82*1*GRONEMEYER*LEANNE*R***XX*1659521045~REF*EA*E6819981F3C04F1F8C04132CB3070C16~DTM*232*20191217~DTM*233*20191217~SVC*HC:99214*134*97.11**1~DTM*472*20191217~CAS*CO*45*36.89~REF*6R*CPKMCHA0XVDB~AMT*B6*97.11~LQ*HE*N381~CLP*000100026989*1*134*97.11**MC*2020002041228~NM1*QC*1*ULIBARRI*STEPHANIE*R***MR*W341555~NM1*82*1*KLAKER*JULIE*M***XX*1215134705~REF*EA*395706822F1F40AF9E887914FB2BA53A~DTM*232*20191218~DTM*233*20191218~SVC*HC:99214*134*97.11**1~DTM*472*20191218~CAS*CO*45*36.89~REF*6R*CPKEQFF8G5K1~AMT*B6*97.11~LQ*HE*N381~CLP*000100026844*1*153*108.93**MC*2020001016720~NM1*QC*1*WINEGARD*ERIN*E***MR*U514872~NM1*82*1*LUCAS*PEGGI*S***XX*1366419582~REF*EA*3E4644C063114707B167D101B93DB53C~DTM*232*20191217~DTM*233*20191217~SVC*HC:99214:25*134*97.11**1~DTM*472*20191217~CAS*CO*45*36.89~REF*6R*CPKMVZBT4T84~AMT*B6*97.11~LQ*HE*N381~SVC*HC:81025*15*8.42**1~DTM*472*20191217~CAS*CO*45*6.58~REF*6R*CPKMBZHQUKIA~AMT*B6*8.42~LQ*HE*N381~SVC*HC:81002*4*3.4**1~DTM*472*20191217~CAS*CO*45*.6~REF*6R*CPKMFO469IAY~AMT*B6*3.4~LQ*HE*N381~CLP*000100027101*1*134*97.11**MC*2020002041422~NM1*QC*1*WINEGARD*ERIN*E***MR*U514872~NM1*82*1*LUCAS*PEGGI*S***XX*1366419582~REF*EA*77839A3642FB46A79D3B30B99FBB97DF~DTM*232*20191220~DTM*233*20191220~SVC*HC:99214*134*97.11**1~DTM*472*20191220~CAS*CO*45*36.89~REF*6R*CPKE6FBJVBW0~AMT*B6*97.11~LQ*HE*N381~CLP*000100026880*1*90*65.81**MC*2020001016691~NM1*QC*1*YALOTZ*SHANE*W***MR*M883525~NM1*82*1*HOOSHMAND-PARSI*KAYHOSROW****XX*1447291851~REF*EA*8BAD7DC8BCA14D03BC64630F727979C5~DTM*232*20191217~DTM*233*20191217~SVC*HC:99213*90*65.81**1~DTM*472*20191217~CAS*CO*45*24.19~REF*6R*CPKMIG9BOBUR~AMT*B6*65.81~LQ*HE*N381~CLP*000100022652*4*90*0**MC*2020001016734~NM1*QC*1*ARCHULETA*JOHN*E***MR*J431203~NM1*82*1*GRONEMEYER*LEANNE*R***XX*1659521045~REF*EA*C3734E9B49464BC8A81012A43EE0CFD1~DTM*232*20190923~DTM*233*20190923~SVC*HC:99213*90*0**0**1~DTM*472*20190923~CAS*PI*16*90~REF*6R*CPKM84AHRTLE~LQ*HE*N30~LQ*HE*MA92~LQ*HE*MA92~LQ*HE*MA92~LQ*HE*N56~CLP*000100022611*4*263*0**MC*2020001016709~NM1*QC*1*GARZA*PATRICIA****MR*Y090236~NM1*82*1*ROBERTS*BRAD*A***XX*1538435698~REF*EA*9B8467257C16470BAD44A475112D77F2~DTM*232*20190920~DTM*233*20190920~SVC*HC:99205:25*255*0**0**1~DTM*472*20190920~CAS*PI*167*255~REF*6R*CPKM0J9BSH5Z~LQ*HE*MA63~LQ*HE*MA92~LQ*HE*N56~SVC*HC:96127*8*0**0**1~DTM*472*20190920~CAS*PI*167*8~REF*6R*CPKMB3Y87B2M~LQ*HE*MA63~LQ*HE*MA92~LQ*HE*N56~CLP*000100027160*4*134*0**MC*2020002041220~NM1*QC*1*GREEN*DEBORAH*S***MR*Q240268~NM1*82*1*GRONEMEYER*LEANNE*R***XX*1659521045~REF*EA*268F717645C2432C8004B7F735B2C62E~DTM*232*20191223~DTM*233*20191223~SVC*HC:99214*134*0**0**1~DTM*472*20191223~CAS*PI*16*134~REF*6R*CPKELAPRDBX0~LQ*HE*MA92~LQ*HE*MA92~LQ*HE*N56~CLP*000100026888*4*221*0**MC*2020001016699~NM1*QC*1*MOYA*DERIK*S***MR*L487252~NM1*82*1*SEARLES*DENISE*A***XX*1396971230~REF*EA*A6195F65B40E4A75BA55DE0156006580~DTM*232*20191217~DTM*233*20191217~SVC*HC:99203:25*145*0**0**1~DTM*472*20191217~CAS*PI*167*145~REF*6R*CPKMASC99L8L~LQ*HE*MA63~LQ*HE*MA92~LQ*HE*N56~SVC*HC:H0049*36*0**0**1~DTM*472*20191217~CAS*PI*167*36~REF*6R*CPKMMKAH2OZC~LQ*HE*MA63~LQ*HE*N56~SVC*HC:G8431*40*0**0**1~DTM*472*20191217~CAS*PI*167*40~REF*6R*CPKMD8BU1RS4~LQ*HE*MA63~LQ*HE*MA92~LQ*HE*N56~CLP*000100023866*4*134*0**MC*2020001016733~NM1*QC*1*RUCKER*MARITTA****MR*P639220~NM1*82*1*HOOSHMAND-PARSI*KAYHOSROW****XX*1447291851~REF*EA*4CA0351835334943B0C3A4311A3345DD~DTM*232*20191017~DTM*233*20191017~SVC*HC:99214:25*134*0**0**1~DTM*472*20191017~CAS*PI*16*134~REF*6R*CPKMZVXDGSQ7~LQ*HE*MA92~LQ*HE*MA92~LQ*HE*N56~SE*1960*000010013~GE*1*300000497~IEA*1*300000497~