ISA*00*          *00*          *ZZ*COMEDASSISTPROG*ZZ*6769489        *200127*0226*^*00501*300018420*0*P*:~GS*HP*COMEDASSISTPROG*6769489*20200127*022618*300018420*X*005010X221A1~ST*835*000010012~BPR*I*14583.8*C*ACH*CCP*01*075911603*DA*00000004556640373*1811725341**01*102000076*DA*2838835219*20200127~TRN*1*000879437*1811725341~REF*EV*1508250911~DTM*405*20200124~N1*PR*CO_TXIX*XV*7912900843~N3*P.O. BOX 30~N4*DENVER*CO*80201~PER*CX*MEDICAID PROVIDER SERVICES*TE*8442352387~PER*BL*MEDICAID PROVIDER SERVICES*TE*8442352387~N1*PE*HEALTH SOLUTIONS MED CENTER*XX*1508250911~REF*TJ*841158933~LX*1~CLP*000100026938*2*134*18.93**MC*2020018001806~NM1*QC*1*ACOSTA*ROSALINA****MR*P610914~NM1*82*1*LUCAS*PEGGI*S***XX*1366419582~REF*EA*5513680983684CBCA1C57043E5735EEB~DTM*232*20191218~DTM*233*20191218~SVC*HC:99214*134*18.93**1~DTM*472*20191218~CAS*CO*45*115.07~REF*6R*CPKMJGWT2GBD~AMT*B6*18.93~LQ*HE*N381~LQ*HE*N381~CLP*22428*2*90*54.36**MC*2220021004575~NM1*QC*1*ADAMS*THEA*C***MR*P361655~DTM*232*20190917~DTM*233*20190917~SVC*HC:99213*90*54.36**1~DTM*472*20190917~CAS*CO*45*35.64~REF*HPI*1164974580~AMT*B6*54.36~LQ*HE*N381~LQ*HE*N381~CLP*000100027618*2*134*95.01**MC*2020024006138~NM1*QC*1*BACA*FLORA*J***MR*N338297~NM1*82*1*GRONEMEYER*LEANNE*R***XX*1659521045~REF*EA*D750364C155F4C67A75705A29097F685~DTM*232*20200106~DTM*233*20200106~SVC*HC:99214*134*95.01**1~DTM*472*20200106~CAS*CO*45*38.99~REF*6R*CPLQXXWQV4I2~AMT*B6*95.01~LQ*HE*N381~LQ*HE*N381~CLP*000100027267*2*134*18.93**MC*2020024006149~NM1*QC*1*ENCINA*MARTA****MR*I139437~NM1*82*1*LUCAS*PEGGI*S***XX*1366419582~REF*EA*AFC1BCE4469D414D9645F248A36AAB2B~DTM*232*20191227~DTM*233*20191227~SVC*HC:99214*134*18.93**1~DTM*472*20191227~CAS*CO*45*115.07~REF*6R*CPK2F2D8V7TM~AMT*B6*18.93~LQ*HE*N381~LQ*HE*N381~CLP*000100027306*2*54*7.87**MC*2020024006143~NM1*QC*1*FENWICK*SUSAN****MR*I982356~NM1*82*1*SEARLES*DENISE*A***XX*1396971230~REF*EA*17CC38C890404BECBB5F7A58136887B7~DTM*232*20191227~DTM*233*20191227~SVC*HC:99212*54*7.87**1~DTM*472*20191227~CAS*CO*45*46.13~REF*6R*CPK2Y06GAV26~AMT*B6*7.87~LQ*HE*N381~LQ*HE*N381~CLP*000100024408*2*134*18.93**MC*2020021057183~NM1*QC*1*FISHER*RONNI*J***MR*P809791~NM1*82*1*KLAKER*JULIE*M***XX*1215134705~REF*EA*7C77C756FFBC4880B7275B5D26266A88~DTM*232*20191031~DTM*233*20191031~SVC*HC:99214*134*18.93**1~DTM*472*20191031~CAS*CO*45*115.07~REF*6R*CPMMERCZ00LQ~AMT*B6*18.93~LQ*HE*N381~LQ*HE*N381~CLP*000100027225*2*90*12.94**MC*2020024006127~NM1*QC*1*GALLEGOS*PHILLIP*A***MR*H782682~NM1*82*1*CADDALI*ESTRELLA*A***XX*1164974580~REF*EA*7FE559C74C494E85930F386606053F2D~DTM*232*20191226~DTM*233*20191226~SVC*HC:99213*90*12.94**1~DTM*472*20191226~CAS*CO*45*77.06~REF*6R*CPK2JNWTYV7R~AMT*B6*12.94~LQ*HE*N381~LQ*HE*N381~CLP*000100027576*2*90*65.57**MC*2020024006139~NM1*QC*1*GARCIA*LONNIE****MR*A671148~NM1*82*1*CADDALI*ESTRELLA*A***XX*1164974580~REF*EA*80E25C92122240A1B7C9DDE926210301~DTM*232*20200103~DTM*233*20200103~SVC*HC:99213*90*65.57**1~DTM*472*20200103~CAS*CO*45*24.43~REF*6R*CPL6W841MDA3~AMT*B6*65.57~LQ*HE*N381~LQ*HE*N381~CLP*000100027160*2*134*94.67**MC*2020024006123~NM1*QC*1*GREEN*DEBORAH*S***MR*Q240268~NM1*82*1*GRONEMEYER*LEANNE*R***XX*1659521045~REF*EA*1C769101EE4D4669804696C230FEDB6A~DTM*232*20191223~DTM*233*20191223~SVC*HC:99214*134*94.67**1~DTM*472*20191223~CAS*CO*45*39.33~REF*6R*CPLYOKNQJK4X~AMT*B6*94.67~LQ*HE*N381~LQ*HE*N381~CLP*000100022776*2*175*97.77**MC*2020021057186~NM1*QC*1*IRWIN*MARK****MR*G690639~NM1*82*1*SEARLES*DENISE*A***XX*1396971230~REF*EA*67D9CF53FBFA47EE8E4BFA4DA15D2F5B~DTM*232*20190925~DTM*233*20190925~SVC*HC:99202:25*135*66.59**1~DTM*472*20190925~CAS*CO*45*68.41~REF*6R*CPMM8F0WS5IH~AMT*B6*66.59~LQ*HE*N381~LQ*HE*N381~SVC*HC:G0396*40*31.18**1~DTM*472*20190925~CAS*OA*P22*8.82~REF*6R*CPMM3DFVMOPO~AMT*B6*31.18~LQ*HE*MA125~CLP*000100027070*2*90*12.94**MC*2020024006130~NM1*QC*1*LOPEZ*JOSE*T***MR*I605668~NM1*82*1*CADDALI*ESTRELLA*A***XX*1164974580~REF*EA*CB0A4E82E8D0402581D123416BB5EBDB~DTM*232*20191219~DTM*233*20191219~SVC*HC:99213*90*12.94**1~DTM*472*20191219~CAS*CO*45*77.06~REF*6R*CPK2GC69TTEF~AMT*B6*12.94~LQ*HE*N381~LQ*HE*N381~CLP*000100026972*2*315*42.23**MC*2020018001802~NM1*QC*1*PLEASANTS*DAVID*E***MR*O659677~NM1*82*1*SEARLES*DENISE*A***XX*1396971230~REF*EA*E6EF2FEEBCB14D658F2C26D7CEFD2F4B~DTM*232*20191218~DTM*233*20191218~SVC*HC:99205:25*255*35.99**1~DTM*472*20191218~CAS*CO*45*219.01~REF*6R*CPKERQBP3U26~AMT*B6*35.99~LQ*HE*N381~LQ*HE*N381~SVC*HC:G0444*20*0**1~DTM*472*20191218~CAS*CO*45*20~REF*6R*CPKEJ1L2ISCJ~SVC*HC:G0396*40*6.24**1~DTM*472*20191218~CAS*OA*P22*33.76~REF*6R*CPKEAMT2W1C9~AMT*B6*6.24~LQ*HE*MA125~CLP*000100026071*4*90*0**MC*2020021057182~NM1*QC*1*MATTHEWS*VALERIE****MR*G007158~NM1*82*1*CADDALI*ESTRELLA*A***XX*1164974580~REF*EA*CF4975ABF36141B4AE3AF3D221FC0212~DTM*232*20191203~DTM*233*20191203~DTM*036*20190731~SVC*HC:99213*90*0**0**1~DTM*472*20191203~CAS*CO*26*90~REF*6R*CPMM8S5HZW45~LQ*HE*N30~CLP*000100027965*1*134*95.11*2*MC*2020023037022~NM1*QC*1*ABEYTA*KRISTA****MR*G102892~NM1*82*1*LUCAS*PEGGI*S***XX*1366419582~REF*EA*2D7088D2157644D9AA6D6654AE937281~DTM*232*20200110~DTM*233*20200110~SVC*HC:99214*134*95.11**1~DTM*472*20200110~CAS*PR*3*2~CAS*CO*45*36.89~REF*6R*CPM6NXRQIMDS~AMT*B6*97.11~LQ*HE*N381~LQ*HE*N381~CLP*000100027999*1*94*69.21**MC*2020023037379~NM1*QC*1*APODACA*ALEX****MR*G175017~NM1*82*1*LUCAS*PEGGI*S***XX*1366419582~REF*EA*4626C43C33A84848A73B53EE4BA6266C~DTM*232*20200110~DTM*233*20200110~SVC*HC:99213:25*90*65.81**1~DTM*472*20200110~CAS*CO*45*24.19~REF*6R*CPM6WZ7DANDS~AMT*B6*65.81~LQ*HE*N381~SVC*HC:81002*4*3.4**1~DTM*472*20200110~CAS*CO*45*.6~REF*6R*CPM6V5WYNM6Y~AMT*B6*3.4~LQ*HE*N381~CLP*000100027755*1*281*169.51*2*MC*2020023036938~NM1*QC*1*ARCHULETA*MATTHEW****MR*Y421943~NM1*82*1*LUCAS*PEGGI*S***XX*1366419582~REF*EA*27141599B4F94C5480C7C04B522E6A24~DTM*232*20200107~DTM*233*20200107~SVC*HC:99204:25*205*147.59**1~DTM*472*20200107~CAS*PR*3*2~CAS*CO*45*55.41~REF*6R*CPM6WM8C6C70~AMT*B6*149.59~LQ*HE*N381~LQ*HE*N381~SVC*HC:H0049*36*10.92**1~DTM*472*20200107~CAS*CO*45*25.08~REF*6R*CPM6SUBVKUNK~AMT*B6*10.92~LQ*HE*N381~SVC*HC:G8510*40*11**1~DTM*472*20200107~CAS*CO*45*29~REF*6R*CPM60ZFGIRD4~AMT*B6*11~LQ*HE*N381~CLP*000100027968*1*149*105.53**MC*2020023037120~NM1*QC*1*BANKSTON*AMANDA*M***MR*G892642~NM1*82*1*SEARLES*DENISE*A***XX*1396971230~REF*EA*B89D36FFADB44B5983F202BE2162EDD2~DTM*232*20200110~DTM*233*20200110~SVC*HC:99214:25*134*97.11**1~DTM*472*20200110~CAS*CO*45*36.89~REF*6R*CPM6DUKKL3OJ~AMT*B6*97.11~LQ*HE*N381~SVC*HC:81025*15*8.42**1~DTM*472*20200110~CAS*CO*45*6.58~REF*6R*CPM6L4E9LAEB~AMT*B6*8.42~LQ*HE*N381~CLP*000100028067*1*149*105.53**MC*2020023036965~NM1*QC*1*BAROS*MELANIE*A***MR*L096798~NM1*82*1*HOOSHMAND-PARSI*KAYHOSROW****XX*1447291851~REF*EA*0FAF17B6802A4E13A57F94B9ADED81AB~DTM*232*20200113~DTM*233*20200113~SVC*HC:99214:25*134*97.11**1~DTM*472*20200113~CAS*CO*45*36.89~REF*6R*CPM6G4OYONS6~AMT*B6*97.11~LQ*HE*N381~SVC*HC:81025*15*8.42**1~DTM*472*20200113~CAS*CO*45*6.58~REF*6R*CPM6NS26DR02~AMT*B6*8.42~LQ*HE*N381~CLP*000100027384*1*15*8.42**MC*2020023036973~NM1*QC*1*BAROS*MELANIE*A***MR*L096798~NM1*82*1*LUCAS*PEGGI*S***XX*1366419582~REF*EA*C74E7E68A70E42A1AC03D784C54510D1~DTM*232*20191230~DTM*233*20191230~SVC*HC:81025*15*8.42**1~DTM*472*20191230~CAS*CO*45*6.58~REF*6R*CPM6JY87UOSP~AMT*B6*8.42~LQ*HE*N381~CLP*000100028049*1*149*105.53**MC*2020023036866~NM1*QC*1*BOULIER*JEWEL*R***MR*W913486~NM1*82*1*LUCAS*PEGGI*S***XX*1366419582~REF*EA*D3A3EAFAF6BC4EBB82E92C5705C63A5F~DTM*232*20200113~DTM*233*20200113~SVC*HC:99214:25*134*97.11**1~DTM*472*20200113~CAS*CO*45*36.89~REF*6R*CPM65TGP2MT2~AMT*B6*97.11~LQ*HE*N381~SVC*HC:81025*15*8.42**1~DTM*472*20200113~CAS*CO*45*6.58~REF*6R*CPM68N1KS8XQ~AMT*B6*8.42~LQ*HE*N381~CLP*000100027979*1*134*97.11**MC*2020023036782~NM1*QC*1*BRODEUR*MICHAEL****MR*O634397~NM1*82*1*CADDALI*ESTRELLA*A***XX*1164974580~REF*EA*DFC420064C09483A9C395DC1ED656925~DTM*232*20200110~DTM*233*20200110~SVC*HC:99214*134*97.11**1~DTM*472*20200110~CAS*CO*45*36.89~REF*6R*CPM6L53OYRYU~AMT*B6*97.11~LQ*HE*N381~CLP*000100026756*1*270*254.3**MC*2020023036908~NM1*QC*1*PORTER*ASHLEY*C***MR*G299091~NM1*74*1*BURCH~NM1*82*1*SEARLES*DENISE*A***XX*1396971230~REF*EA*C1529AC31D0C4477BC260501248AE825~DTM*232*20191213~DTM*233*20191213~SVC*HC:99213:25:FP*90*81.55**1~DTM*472*20191213~CAS*CO*45*8.45~REF*6R*CPM6D6XBN40A~AMT*B6*81.55~LQ*HE*N381~SVC*HC:11982:FP*180*172.75**1~DTM*472*20191213~CAS*CO*45*7.25~REF*6R*CPM63B74TCAK~AMT*B6*172.75~LQ*HE*N381~LQ*HE*N381~CLP*000100028071*1*134*95.11*2*MC*2020023036769~NM1*QC*1*CABELLO*JOSHUA****MR*W859481~NM1*82*1*GRONEMEYER*LEANNE*R***XX*1659521045~REF*EA*D1CB8F2DD3374A50A6955C08BE0914AE~DTM*232*20200113~DTM*233*20200113~SVC*HC:99214*134*95.11**1~DTM*472*20200113~CAS*PR*3*2~CAS*CO*45*36.89~REF*6R*CPM6OYBDGCPN~AMT*B6*97.11~LQ*HE*N381~LQ*HE*N381~CLP*000100027944*1*149*105.53**MC*2020023036930~NM1*QC*1*CAMPBELL*TAMMY*L***MR*Y574975~NM1*82*1*SEARLES*DENISE*A***XX*1396971230~REF*EA*81037F29D6104D0B90DC2D4A3267FB74~DTM*232*20200110~DTM*233*20200110~SVC*HC:99214:25*134*97.11**1~DTM*472*20200110~CAS*CO*45*36.89~REF*6R*CPM6VMKH33SH~AMT*B6*97.11~LQ*HE*N381~SVC*HC:81025*15*8.42**1~DTM*472*20200110~CAS*CO*45*6.58~REF*6R*CPM6N4WBX0QU~AMT*B6*8.42~LQ*HE*N381~CLP*000100028220*1*134*97.11**MC*2020023036822~NM1*QC*1*CARDINAL*CRISTINA*R***MR*N436588~NM1*82*1*LUCAS*PEGGI*S***XX*1366419582~REF*EA*A4974DE6F8D9494FBAFB0CCBA0030B22~DTM*232*20200115~DTM*233*20200115~SVC*HC:99214*134*97.11**1~DTM*472*20200115~CAS*CO*45*36.89~REF*6R*CPM6AFCBGMV1~AMT*B6*97.11~LQ*HE*N381~CLP*000100023138*1*134*97.11**MC*2020021058279~NM1*QC*1*CASACK*JACOB****MR*Y190717~NM1*82*1*LUCAS*PEGGI*S***XX*1366419582~REF*EA*F31E787FB37F4A53914920C98519B5EC~DTM*232*20191002~DTM*233*20191002~SVC*HC:99214*134*97.11**1~DTM*472*20191002~CAS*CO*45*36.89~REF*6R*CPMMLUTH4QT3~AMT*B6*97.11~LQ*HE*N381~CLP*000100028137*1*134*97.11**MC*2020023037095~NM1*QC*1*CASACK*JACOB****MR*Y190717~NM1*82*1*LUCAS*PEGGI*S***XX*1366419582~REF*EA*F0B12301B2FD46FA9556C5FFFDC8DE14~DTM*232*20200114~DTM*233*20200114~SVC*HC:99214*134*97.11**1~DTM*472*20200114~CAS*CO*45*36.89~REF*6R*CPM6HROSJYIC~AMT*B6*97.11~LQ*HE*N381~CLP*000100023009*1*115*104.26**MC*2020021058289~NM1*QC*1*CASAUS*TRACY*A***MR*K186814~NM1*82*1*LEWIS*HOLLY*G***XX*1295234128~REF*EA*0A8DAB4CE56C46AE8E5755B56F8E6D85~DTM*232*20191001~DTM*233*20191001~SVC*HC:90837*115*104.26**1~DTM*472*20191001~CAS*CO*45*10.74~REF*6R*CPMM4KIK0S4I~AMT*B6*104.26~LQ*HE*N381~CLP*000100028065*1*149*105.53**MC*2020023037030~NM1*QC*1*CHAVEZ*CELINA*A***MR*I557323~NM1*82*1*LUCAS*PEGGI*S***XX*1366419582~REF*EA*6FC92F8EB4044E9596E8788C5B3405BA~DTM*232*20200113~DTM*233*20200113~SVC*HC:99214:25*134*97.11**1~DTM*472*20200113~CAS*CO*45*36.89~REF*6R*CPM6ZZDS95P6~AMT*B6*97.11~LQ*HE*N381~SVC*HC:81025*15*8.42**1~DTM*472*20200113~CAS*CO*45*6.58~REF*6R*CPM6GKXQ0UNR~AMT*B6*8.42~LQ*HE*N381~CLP*000100028118*1*90*65.81**MC*2020023037300~NM1*QC*1*CHAVEZ*DALTON****MR*Q846049~NM1*82*1*HOOSHMAND-PARSI*KAYHOSROW****XX*1447291851~REF*EA*D9532EC7F3984A48A9015CC0EF4751FE~DTM*232*20200114~DTM*233*20200114~SVC*HC:99213*90*65.81**1~DTM*472*20200114~CAS*CO*45*24.19~REF*6R*CPM611X1RXF7~AMT*B6*65.81~LQ*HE*N381~CLP*000100028101*1*134*95.11*2*MC*2020023036810~NM1*QC*1*CRAMER*CHELSEA*C***MR*G314138~NM1*82*1*GRONEMEYER*LEANNE*R***XX*1659521045~REF*EA*2E92BA158DB4419286CD44CBD53C44A6~DTM*232*20200113~DTM*233*20200113~SVC*HC:99214*134*95.11**1~DTM*472*20200113~CAS*PR*3*2~CAS*CO*45*36.89~REF*6R*CPM6CR0SJTKB~AMT*B6*97.11~LQ*HE*N381~LQ*HE*N381~CLP*000100028053*1*90*65.81**MC*2020023036913~NM1*QC*1*CRUZ*MARIAH****MR*U875752~NM1*82*1*HOOSHMAND-PARSI*KAYHOSROW****XX*1447291851~REF*EA*62CBFDF9875441C08FD81DC9A092374F~DTM*232*20200113~DTM*233*20200113~SVC*HC:99213*90*65.81**1~DTM*472*20200113~CAS*CO*45*24.19~REF*6R*CPM6O6BN46CP~AMT*B6*65.81~LQ*HE*N381~CLP*000100027398*1*105*65.81**MC*2020023036922~NM1*QC*1*CRUZ*MARIAH****MR*U875752~NM1*82*1*LUCAS*PEGGI*S***XX*1366419582~REF*EA*5F20EB78409E4D6990494BF91145D6E7~DTM*232*20191230~DTM*233*20191230~SVC*HC:99213:25*90*65.81**1~DTM*472*20191230~CAS*CO*45*24.19~REF*6R*CPM6XEJV7SAO~AMT*B6*65.81~LQ*HE*N381~SVC*HC:81025*15*0**0**1~DTM*472*20191230~CAS*OA*18*15~REF*6R*CPM67KZTA5HG~LQ*HE*N381~CLP*000100028050*1*134*97.11**MC*2020023037310~NM1*QC*1*DAVIS*ZACHARIAH*C***MR*Y127898~NM1*82*1*GRONEMEYER*LEANNE*R***XX*1659521045~REF*EA*DE3CF48CB652462B8C282D5778AB6ED6~DTM*232*20200113~DTM*233*20200113~SVC*HC:99214*134*97.11**1~DTM*472*20200113~CAS*CO*45*36.89~REF*6R*CPM67XRC8QIK~AMT*B6*97.11~LQ*HE*N381~CLP*000100028055*1*134*97.11**MC*2020023037343~NM1*QC*1*DIAZ*DOMINIC*M***MR*U857412~NM1*82*1*LUCAS*PEGGI*S***XX*1366419582~REF*EA*3DE1416CAD744D2EB56103074DEB3D40~DTM*232*20200113~DTM*233*20200113~SVC*HC:99214*134*97.11**1~DTM*472*20200113~CAS*CO*45*36.89~REF*6R*CPM6Q73FBTVB~AMT*B6*97.11~LQ*HE*N381~CLP*000100022883*1*134*97.11**MC*2020021058255~NM1*QC*1*DURAN*ALVIN*R***MR*W176209~NM1*82*1*KLAKER*JULIE*M***XX*1215134705~REF*EA*6867AD5233684B349A9DDC5677982FEA~DTM*232*20190926~DTM*233*20190926~SVC*HC:99214*134*97.11**1~DTM*472*20190926~CAS*CO*45*36.89~REF*6R*CPMM8IKW417H~AMT*B6*97.11~LQ*HE*N381~CLP*000100028096*1*149*105.53**MC*2020023037104~NM1*QC*1*EARP*SAMANTHA*J***MR*G171512~NM1*82*1*LUCAS*PEGGI*S***XX*1366419582~REF*EA*A133C4FD00E04975AD1000A7804F0C08~DTM*232*20200113~DTM*233*20200113~SVC*HC:99214:25*134*97.11**1~DTM*472*20200113~CAS*CO*45*36.89~REF*6R*CPM6KXKA04JR~AMT*B6*97.11~LQ*HE*N381~SVC*HC:81025*15*8.42**1~DTM*472*20200113~CAS*CO*45*6.58~REF*6R*CPM6K3BQHWGD~AMT*B6*8.42~LQ*HE*N381~CLP*000100027966*1*149*105.53**MC*2020023036750~NM1*QC*1*EISLER*KRISTIN*A***MR*P782592~NM1*82*1*SEARLES*DENISE*A***XX*1396971230~REF*EA*356414E4165041D4B2B66C200EE70DDD~DTM*232*20200110~DTM*233*20200110~SVC*HC:99214:25*134*97.11**1~DTM*472*20200110~CAS*CO*45*36.89~REF*6R*CPM6WFRD8L6S~AMT*B6*97.11~LQ*HE*N381~SVC*HC:81025*15*8.42**1~DTM*472*20200110~CAS*CO*45*6.58~REF*6R*CPM6RK6YH7KP~AMT*B6*8.42~LQ*HE*N381~CLP*000100028108*1*134*95.11*2*MC*2020023037150~NM1*QC*1*EVEN*JILL*D***MR*O870653~NM1*82*1*LUCAS*PEGGI*S***XX*1366419582~REF*EA*4C48B5BEE4C7447395281442A570C907~DTM*232*20200113~DTM*233*20200113~SVC*HC:99214*134*95.11**1~DTM*472*20200113~CAS*PR*3*2~CAS*CO*45*36.89~REF*6R*CPM6PHU3DP85~AMT*B6*97.11~LQ*HE*N381~LQ*HE*N381~CLP*000100027858*1*281*169.51*2*MC*2020023037218~NM1*QC*1*FOOS*JAMES****MR*R151415~NM1*82*1*LUCAS*PEGGI*S***XX*1366419582~REF*EA*ECF4B2974B5C4084B7CE12DE5E9EFE6A~DTM*232*20200108~DTM*233*20200108~SVC*HC:99204:25*205*147.59**1~DTM*472*20200108~CAS*PR*3*2~CAS*CO*45*55.41~REF*6R*CPM66XGHJO01~AMT*B6*149.59~LQ*HE*N381~LQ*HE*N381~SVC*HC:H0049*36*10.92**1~DTM*472*20200108~CAS*CO*45*25.08~REF*6R*CPM6GSOTQUZ4~AMT*B6*10.92~LQ*HE*N381~SVC*HC:G8510*40*11**1~DTM*472*20200108~CAS*CO*45*29~REF*6R*CPM6QX6UW0R8~AMT*B6*11~LQ*HE*N381~CLP*000100027888*1*90*65.81**MC*2020021058305~NM1*QC*1*FRANKMORE*CONNER****MR*G888118~NM1*82*1*GRONEMEYER*LEANNE*R***XX*1659521045~REF*EA*C024BDB562FB4A209A3140F991501848~DTM*232*20200109~DTM*233*20200109~SVC*HC:99213*90*65.81**1~DTM*472*20200109~CAS*CO*45*24.19~REF*6R*CPMMRQLDI5VF~AMT*B6*65.81~LQ*HE*N381~CLP*000100028158*1*204*138.31**MC*2020023036803~NM1*QC*1*FREIDENBERGER*JOANN****MR*D982237~NM1*82*1*SEARLES*DENISE*A***XX*1396971230~REF*EA*1C52997AE8924A9BB278F93A239749D5~DTM*232*20200114~DTM*233*20200114~SVC*HC:99214:25*134*97.11**1~DTM*472*20200114~CAS*CO*45*36.89~REF*6R*CPM6QXLVTMUC~AMT*B6*97.11~LQ*HE*N381~SVC*HC:90471*35*19.46**1~DTM*472*20200114~CAS*CO*45*15.54~REF*6R*CPM6WKV7BGL9~AMT*B6*19.46~LQ*HE*N381~SVC*HC:90674*35*21.74**1~DTM*472*20200114~CAS*CO*45*13.26~REF*6R*CPM6R3496TLX~AMT*B6*21.74~LQ*HE*N381~CLP*000100023022*1*198.48*137.09**MC*2020021058294~NM1*QC*1*GALYON*MICHAEL*K***MR*P707696~NM1*82*1*GRONEMEYER*LEANNE*R***XX*1659521045~REF*EA*C8F655EA7574417382DCE5ED8F069BA8~DTM*232*20191001~DTM*233*20191001~SVC*HC:99214:25*134*97.11**1~DTM*472*20191001~CAS*CO*45*36.89~REF*6R*CPMMNASJVABE~AMT*B6*97.11~LQ*HE*N381~SVC*HC:90471*34.48*19.46**1~DTM*472*20191001~CAS*CO*45*15.02~REF*6R*CPMMNYOAX7ME~AMT*B6*19.46~LQ*HE*N381~SVC*HC:90756*30*20.52**1~DTM*472*20191001~CAS*CO*45*9.48~REF*6R*CPMM46ZBPVST~AMT*B6*20.52~LQ*HE*N381~CLP*000100022884*1*134*97.11**MC*2020021058284~NM1*QC*1*GRIEGO*JOSHUA****MR*M321310~NM1*74*1*GIEGO**J~NM1*82*1*HOOSHMAND-PARSI*KAYHOSROW****XX*1447291851~REF*EA*BB83BD1D4F7640828CBE36FFBAC40432~DTM*232*20190926~DTM*233*20190926~SVC*HC:99214*134*97.11**1~DTM*472*20190926~CAS*CO*45*36.89~REF*6R*CPMMZFBB33AD~AMT*B6*97.11~LQ*HE*N381~CLP*000100028202*1*134*95.11*2*MC*2020023037145~NM1*QC*1*GOMEZ*CHARLEE****MR*Y224607~NM1*82*1*SEARLES*DENISE*A***XX*1396971230~REF*EA*FD6EA6E0BCD441FF872357B088812D31~DTM*232*20200115~DTM*233*20200115~SVC*HC:99214*134*95.11**1~DTM*472*20200115~CAS*PR*3*2~CAS*CO*45*36.89~REF*6R*CPM6WNJW1MMK~AMT*B6*97.11~LQ*HE*N381~LQ*HE*N381~CLP*000100027955*1*1986*1294.93**MC*2020023037125~NM1*QC*1*GONZALES*CRYSTAL*D***MR*M921754~NM1*82*1*SEARLES*DENISE*A***XX*1396971230~REF*EA*B6BA644C8593493994C85D76E0E06CB7~DTM*232*20200110~DTM*233*20200110~SVC*HC:99214:25*134*97.11**1~DTM*472*20200110~CAS*CO*45*36.89~REF*6R*CPM6VXSJZR4W~AMT*B6*97.11~LQ*HE*N381~SVC*HC:96372*32*0**0**1~DTM*472*20200110~CAS*CO*109*32~REF*6R*CPM6AAQWK3HB~LQ*HE*N381~SVC*HC:J2315*1805*1189.4**380~DTM*472*20200110~CAS*CO*45*615.6~REF*6R*CPM6YOS35DEQ~AMT*B6*1189.4~LQ*HE*N381~SVC*HC:81025*15*8.42**1~DTM*472*20200110~CAS*CO*45*6.58~REF*6R*CPM6DCLSSNII~AMT*B6*8.42~LQ*HE*N381~CLP*000100023117*1*337*226.62**MC*2020021058270~NM1*QC*1*GONZALES*KINDREA*A***MR*Y596852~NM1*82*1*CADDALI*ESTRELLA*A***XX*1164974580~REF*EA*31862B3BA5134E6BA72ECDC3E432CF28~DTM*232*20191002~DTM*233*20191002~SVC*HC:99213:25:FP*90*81.55**1~DTM*472*20191002~CAS*CO*45*8.45~REF*6R*CPMM3X7NGHCN~AMT*B6*81.55~LQ*HE*N381~SVC*HC:96372:FP*32*15.67**1~DTM*472*20191002~CAS*CO*45*16.33~REF*6R*CPMMACIGDASC~AMT*B6*15.67~LQ*HE*N381~SVC*HC:J1050:FP*135*81**150~DTM*472*20191002~CAS*CO*45*54~REF*6R*CPMMTPFQHBPU~AMT*B6*81~LQ*HE*N381~SVC*HC:81025:FP*15*8.42**1~DTM*472*20191002~CAS*CO*45*6.58~REF*6R*CPMMSZABQ1IJ~AMT*B6*8.42~LQ*HE*N381~SVC*HC:90471:FP*35*19.46**1~DTM*472*20191002~CAS*CO*45*15.54~REF*6R*CPMM56TNMCOX~AMT*B6*19.46~LQ*HE*N381~SVC*HC:90756:FP*30*20.52**1~DTM*472*20191002~CAS*CO*45*9.48~REF*6R*CPMM6K6H6DER~AMT*B6*20.52~LQ*HE*N381~CLP*000100027840*1*105*74.23**MC*2020023037266~NM1*QC*1*GOW*LAYLA****MR*O314223~NM1*82*1*GRONEMEYER*LEANNE*R***XX*1659521045~REF*EA*F259E136BC574356B663DAA15B2A643B~DTM*232*20200108~DTM*233*20200108~SVC*HC:99213:25*90*65.81**1~DTM*472*20200108~CAS*CO*45*24.19~REF*6R*CPM6N2GYUV6U~AMT*B6*65.81~LQ*HE*N381~SVC*HC:81025*15*8.42**1~DTM*472*20200108~CAS*CO*45*6.58~REF*6R*CPM6J4OMOQDF~AMT*B6*8.42~LQ*HE*N381~CLP*000100028106*1*134*97.11**MC*2020023037280~NM1*QC*1*GOW*LAYLA****MR*O314223~NM1*82*1*GRONEMEYER*LEANNE*R***XX*1659521045~REF*EA*5E2A6306B9EF4C0896301083F1F9579D~DTM*232*20200113~DTM*233*20200113~SVC*HC:99214*134*97.11**1~DTM*472*20200113~CAS*CO*45*36.89~REF*6R*CPM65WPATINB~AMT*B6*97.11~LQ*HE*N381~CLP*000100027921*1*211*108.57**MC*2020023037074~NM1*QC*1*GRIEGO*LOGAN****MR*R867036~NM1*82*1*CADDALI*ESTRELLA*A***XX*1164974580~REF*EA*2C77914941D84E54AF502EC05B8E156C~DTM*232*20200109~DTM*233*20200109~SVC*HC:99202:25*135*67.13**1~DTM*472*20200109~CAS*CO*45*67.87~REF*6R*CPM6FTE9WH9B~AMT*B6*67.13~LQ*HE*N381~SVC*HC:H0049*36*10.92**1~DTM*472*20200109~CAS*CO*45*25.08~REF*6R*CPM6ZTWXY9I4~AMT*B6*10.92~LQ*HE*N381~SVC*HC:G8431*40*30.52**1~DTM*472*20200109~CAS*CO*45*9.48~REF*6R*CPM6U80NVX5L~AMT*B6*30.52~LQ*HE*N381~CLP*000100028056*1*149*103.53*2*MC*2020023037209~NM1*QC*1*GUERRERO*SONYA*M***MR*S127505~NM1*82*1*LUCAS*PEGGI*S***XX*1366419582~REF*EA*336E2C6CC8A6427AB4D8D2BF23113D8E~DTM*232*20200113~DTM*233*20200113~SVC*HC:99214:25*134*95.11**1~DTM*472*20200113~CAS*PR*3*2~CAS*CO*45*36.89~REF*6R*CPM61GZZMOVC~AMT*B6*97.11~LQ*HE*N381~LQ*HE*N381~SVC*HC:81025*15*8.42**1~DTM*472*20200113~CAS*CO*45*6.58~REF*6R*CPM69PXN4LCV~AMT*B6*8.42~LQ*HE*N381~CLP*000100028035*1*165*107.82**MC*2020023037161~NM1*QC*1*GUZMAN*ANITA****MR*K943578~NM1*82*1*GRONEMEYER*LEANNE*R***XX*1659521045~REF*EA*E41B16F68C714309AFAC395143D551F4~DTM*232*20200113~DTM*233*20200113~SVC*HC:99395*165*107.82**1~DTM*472*20200113~CAS*CO*45*57.18~REF*6R*CPM6PHHC0LLU~AMT*B6*107.82~LQ*HE*N381~CLP*000100028047*1*134*97.11**MC*2020023037221~NM1*QC*1*HADDAN*SHAWNA****MR*V379838~NM1*82*1*GRONEMEYER*LEANNE*R***XX*1659521045~REF*EA*A34FC8351444470595E187E553F06BDE~DTM*232*20200113~DTM*233*20200113~SVC*HC:99214*134*97.11**1~DTM*472*20200113~CAS*CO*45*36.89~REF*6R*CPM61MEO3ITH~AMT*B6*97.11~LQ*HE*N381~CLP*000100027995*1*90*65.81**MC*2020023037130~NM1*QC*1*HARDWICK*KEVIN****MR*L320743~NM1*82*1*SEARLES*DENISE*A***XX*1396971230~REF*EA*21E791EC4ECC40B19E16753BE328631D~DTM*232*20200110~DTM*233*20200110~SVC*HC:99213*90*65.81**1~DTM*472*20200110~CAS*CO*45*24.19~REF*6R*CPM62HWNPR1R~AMT*B6*65.81~LQ*HE*N381~CLP*000100027770*1*80*47.75**MC*2020023037136~NM1*QC*1*HARDWICK*KEVIN****MR*L320743~NM1*82*1*SEARLES*DENISE*A***XX*1396971230~REF*EA*7AF07C28347E4B44941ED22BD33B0812~DTM*232*20200107~DTM*233*20200107~SVC*HC:20551:RT*80*47.75**1~DTM*472*20200107~CAS*CO*45*32.25~REF*6R*CPM6NSI4DF2W~AMT*B6*47.75~LQ*HE*N381~CLP*000100027959*1*134*97.11**MC*2020023036826~NM1*QC*1*HARRIS*ANGELA****MR*J327161~NM1*82*1*CADDALI*ESTRELLA*A***XX*1164974580~REF*EA*8EF2BDB504F14B27A8FCB3C75DC33789~DTM*232*20200110~DTM*233*20200110~SVC*HC:99214*134*97.11**1~DTM*472*20200110~CAS*CO*45*36.89~REF*6R*CPM61N2Z03GO~AMT*B6*97.11~LQ*HE*N381~CLP*000100027591*1*134*97.11**MC*2020023036777~NM1*QC*1*HERRERA*CLORINDA*E***MR*C652229~NM1*82*1*LUCAS*PEGGI*S***XX*1366419582~REF*EA*B93821BDCF55436A92D60ADBD75EA525~DTM*232*20200103~DTM*233*20200103~SVC*HC:99214*134*97.11**1~DTM*472*20200103~CAS*CO*45*36.89~REF*6R*CPM6F1DD47JW~AMT*B6*97.11~LQ*HE*N381~CLP*000100028138*1*134*97.11**MC*2020023037048~NM1*QC*1*HOWARD*CLAUDIA*M***MR*Y099982~NM1*82*1*LUCAS*PEGGI*S***XX*1366419582~REF*EA*5EB3F1A9A5694993B3601308AEFDD1A0~DTM*232*20200114~DTM*233*20200114~SVC*HC:99214*134*97.11**1~DTM*472*20200114~CAS*CO*45*36.89~REF*6R*CPM6MLPLQPAQ~AMT*B6*97.11~LQ*HE*N381~CLP*000100028233*1*90*65.81**MC*2020023037054~NM1*QC*1*HOWARD*CLAUDIA*M***MR*Y099982~NM1*82*1*SEARLES*DENISE*A***XX*1396971230~REF*EA*DDEC2DFA0DD549D6A07FB1AEBD6B762A~DTM*232*20200115~DTM*233*20200115~SVC*HC:99213*90*65.81**1~DTM*472*20200115~CAS*CO*45*24.19~REF*6R*CPM6AZJ8WUIP~AMT*B6*65.81~LQ*HE*N381~CLP*000100028038*1*195*138.41**MC*2020023037057~NM1*QC*1*HOWARD*CLAUDIA*M***MR*Y099982~NM1*82*1*LUCAS*PEGGI*S***XX*1366419582~REF*EA*7E0EF9FFE4FB49F389AEFE51B8A05DF6~DTM*232*20200113~DTM*233*20200113~SVC*HC:99215:25*180*129.99**1~DTM*472*20200113~CAS*CO*45*50.01~REF*6R*CPM6TBYMKXWE~AMT*B6*129.99~LQ*HE*N381~SVC*HC:81025*15*8.42**1~DTM*472*20200113~CAS*CO*45*6.58~REF*6R*CPM6D0ABWLR5~AMT*B6*8.42~LQ*HE*N381~CLP*000100028203*1*90*65.81**MC*2020023037115~NM1*QC*1*JACKSON*BENJAMIN****MR*O929718~NM1*82*1*CADDALI*ESTRELLA*A***XX*1164974580~REF*EA*7A20BAB5FB5E45D393DB77B06F41615C~DTM*232*20200115~DTM*233*20200115~SVC*HC:99213*90*65.81**1~DTM*472*20200115~CAS*CO*45*24.19~REF*6R*CPM6WTK0H12X~AMT*B6*65.81~LQ*HE*N381~CLP*000100028204*1*90*65.81**MC*2020023036817~NM1*QC*1*JACKSON*JULISSA*R***MR*P315853~NM1*82*1*CADDALI*ESTRELLA*A***XX*1164974580~REF*EA*680631339C5C41559FF72A4EBD59C88F~DTM*232*20200115~DTM*233*20200115~SVC*HC:99213*90*65.81**1~DTM*472*20200115~CAS*CO*45*24.19~REF*6R*CPM676P5IDCS~AMT*B6*65.81~LQ*HE*N381~CLP*000100027941*1*54*49.18**MC*2020021058212~NM1*QC*1*JACKSON*TIMEKU****MR*M493473~NM1*82*1*CADDALI*ESTRELLA*A***XX*1164974580~REF*EA*B4BE6F772FB84A788C5A695BCF6061B3~DTM*232*20200110~DTM*233*20200110~SVC*HC:99212:FP*54*49.18**1~DTM*472*20200110~CAS*CO*45*4.82~REF*6R*CPMM1XECLER1~AMT*B6*49.18~LQ*HE*N381~CLP*000100027989*1*134*97.11**MC*2020023036850~NM1*QC*1*JAMON*MONTE TRECE****MR*G762319~NM1*82*1*LUCAS*PEGGI*S***XX*1366419582~REF*EA*3B6AE876128E43269E9DB9D1129D2700~DTM*232*20200110~DTM*233*20200110~SVC*HC:99214*134*97.11**1~DTM*472*20200110~CAS*CO*45*36.89~REF*6R*CPM6EDRUGXR4~AMT*B6*97.11~LQ*HE*N381~CLP*000100023504*1*391*223.78**MC*2020021058311~NM1*QC*1*JARAMILLO*JESSICA****MR*P488884~NM1*82*1*KLAKER*JULIE*M***XX*1215134705~REF*EA*BC13B5FC44944D628EF50C586F1A328F~DTM*232*20191010~DTM*233*20191010~SVC*HC:99205:25*255*186.33**1~DTM*472*20191010~CAS*CO*45*68.67~REF*6R*CPMMG08S0SD7~AMT*B6*186.33~LQ*HE*N381~SVC*HC:99415*45*7.11**1~DTM*472*20191010~CAS*CO*45*37.89~REF*6R*CPMM0SQ3WNB8~AMT*B6*7.11~LQ*HE*N381~SVC*HC:H0049*36*10.92**1~DTM*472*20191010~CAS*CO*45*25.08~REF*6R*CPMMUKOW7SIC~AMT*B6*10.92~LQ*HE*N381~SVC*HC:G8510*40*11**1~DTM*472*20191010~CAS*CO*45*29~REF*6R*CPMM1SD749AG~AMT*B6*11~LQ*HE*N381~SVC*HC:81025*15*8.42**1~DTM*472*20191010~CAS*CO*45*6.58~REF*6R*CPMM5R5GO13K~AMT*B6*8.42~LQ*HE*N381~CLP*000100023118*1*138*98.51*2*MC*2020021058263~NM1*QC*1*JOHNSON*LASHAWN****MR*J148245~NM1*82*1*LUCAS*PEGGI*S***XX*1366419582~REF*EA*408BE533E5824B97901C7DAAACF45B48~DTM*232*20191002~DTM*233*20191002~SVC*HC:99214:25*134*95.11**1~DTM*472*20191002~CAS*PR*3*2~CAS*CO*45*36.89~REF*6R*CPMMW9MALG36~AMT*B6*97.11~LQ*HE*N381~LQ*HE*N381~SVC*HC:81002*4*3.4**1~DTM*472*20191002~CAS*CO*45*.6~REF*6R*CPMMUFIO6BYJ~AMT*B6*3.4~LQ*HE*N381~CLP*000100028170*1*90*65.81**MC*2020023037183~NM1*QC*1*JOHNSON*NORA****MR*J694925~NM1*82*1*LUCAS*PEGGI*S***XX*1366419582~REF*EA*DFFBBC7E21354060B82B615EC50FEFC0~DTM*232*20200114~DTM*233*20200114~SVC*HC:99213*90*65.81**1~DTM*472*20200114~CAS*CO*45*24.19~REF*6R*CPM6G4QHYPZM~AMT*B6*65.81~LQ*HE*N381~CLP*000100027705*1*149*105.53**MC*2020021058260~NM1*QC*1*JOHNSON*TIFFANY*S***MR*L497210~NM1*82*1*HOOSHMAND-PARSI*KAYHOSROW****XX*1447291851~REF*EA*7CB2CD0437C44842B306C6917667A02F~DTM*232*20200106~DTM*233*20200106~SVC*HC:99214:25*134*97.11**1~DTM*472*20200106~CAS*CO*45*36.89~REF*6R*CPMMF01Y86LV~AMT*B6*97.11~LQ*HE*N381~SVC*HC:81025*15*8.42**1~DTM*472*20200106~CAS*CO*45*6.58~REF*6R*CPMMWZK302MD~AMT*B6*8.42~LQ*HE*N381~CLP*000100028089*1*149*105.53**MC*2020023037011~NM1*QC*1*JOHNSON*TIFFANY*S***MR*L497210~NM1*82*1*HOOSHMAND-PARSI*KAYHOSROW****XX*1447291851~REF*EA*CAF4D3464F07477F8D72AE63E9F5BF26~DTM*232*20200113~DTM*233*20200113~SVC*HC:99214:25*134*97.11**1~DTM*472*20200113~CAS*CO*45*36.89~REF*6R*CPM6AD6VI2YB~AMT*B6*97.11~LQ*HE*N381~SVC*HC:81025*15*8.42**1~DTM*472*20200113~CAS*CO*45*6.58~REF*6R*CPM6GCU0FDDS~AMT*B6*8.42~LQ*HE*N381~CLP*000100027887*1*142*102.2**MC*2020023036903~NM1*QC*1*KIMES*JEREMEY****MR*Y243724~NM1*82*1*CADDALI*ESTRELLA*A***XX*1164974580~REF*EA*4DC6E56942AD4575AD377A4DCCA2647D~DTM*232*20200109~DTM*233*20200109~SVC*HC:99212:25*54*39.39**1~DTM*472*20200109~CAS*CO*45*14.61~REF*6R*CPM6ZCF57EIF~AMT*B6*39.39~LQ*HE*N381~SVC*HC:90471*35*19.46**1~DTM*472*20200109~CAS*CO*45*15.54~REF*6R*CPM6N24OM8G7~AMT*B6*19.46~LQ*HE*N381~SVC*HC:90715*53*43.35**1~DTM*472*20200109~CAS*CO*45*9.65~REF*6R*CPM6JCGH0FAW~AMT*B6*43.35~LQ*HE*N381~CLP*000100027754*1*134*97.11**MC*2020021058276~NM1*QC*1*LAIRD*AMY*J***MR*T813895~NM1*82*1*LUCAS*PEGGI*S***XX*1366419582~REF*EA*19F2DF85BFE445B0AAFBDB5CD53278B8~DTM*232*20200107~DTM*233*20200107~SVC*HC:99214*134*97.11**1~DTM*472*20200107~CAS*CO*45*36.89~REF*6R*CPMMKD8RX7EB~AMT*B6*97.11~LQ*HE*N381~CLP*000100027821*1*175*114.94**MC*2020023037169~NM1*QC*1*LARK*WILLIAM****MR*K533858~NM1*82*1*SEARLES*DENISE*A***XX*1396971230~REF*EA*67FEBF1F79624812836F4DAA28DDD6EF~DTM*232*20200108~DTM*233*20200108~SVC*HC:99396*175*114.94**1~DTM*472*20200108~CAS*CO*45*60.06~REF*6R*CPM6CY627VNJ~AMT*B6*114.94~LQ*HE*N381~CLP*000100028144*1*190*144.44**MC*2020023036772~NM1*QC*1*LINDSAY SANDERS*SHABREA*D***MR*Q818873~NM1*74*1*LINDSAYSANDERS~NM1*82*1*CADDALI*ESTRELLA*A***XX*1164974580~REF*EA*3B24D7AD7C9B40DFB3B4FA67BFF542B6~DTM*232*20200114~DTM*233*20200114~SVC*HC:99213:25*90*65.81**1~DTM*472*20200114~CAS*CO*45*24.19~REF*6R*CPM6G0C3NJCN~AMT*B6*65.81~LQ*HE*N381~SVC*HC:90471*35*19.46**1~DTM*472*20200114~CAS*CO*45*15.54~REF*6R*CPM6L44E6CCU~AMT*B6*19.46~LQ*HE*N381~SVC*HC:90632*65*59.17**1~DTM*472*20200114~CAS*CO*45*5.83~REF*6R*CPM63NIKI60G~AMT*B6*59.17~LQ*HE*N381~CLP*000100027558*1*300*193.44**MC*2020023036952~NM1*QC*1*LOPEZ*NICK*A***MR*N301220~NM1*82*1*SEARLES*DENISE*A***XX*1396971230~REF*EA*7DA7FD8B36C64A4FA096BC310564B72E~DTM*232*20200103~DTM*233*20200103~SVC*HC:99205:25*255*186.33**1~DTM*472*20200103~CAS*CO*45*68.67~REF*6R*CPM6OYFRDVBR~AMT*B6*186.33~LQ*HE*N381~SVC*HC:99415*45*7.11**1~DTM*472*20200103~CAS*CO*45*37.89~REF*6R*CPM66KHR7FKW~AMT*B6*7.11~LQ*HE*N381~CLP*000100028223*1*90*63.81*2*MC*2020023036895~NM1*QC*1*LOPEZ*SHERRY****MR*L192498~NM1*82*1*CADDALI*ESTRELLA*A***XX*1164974580~REF*EA*32E651BFC1B24DEB8F9899AD19C2D5C6~DTM*232*20200115~DTM*233*20200115~SVC*HC:99213*90*63.81**1~DTM*472*20200115~CAS*PR*3*2~CAS*CO*45*24.19~REF*6R*CPM68GAFLQYB~AMT*B6*65.81~LQ*HE*N381~LQ*HE*N381~CLP*000100028029*1*134*97.11**MC*2020023036852~NM1*QC*1*LORETO*JOSHUA*R***MR*E192810~NM1*82*1*LUCAS*PEGGI*S***XX*1366419582~REF*EA*E8F82C3C15394CC592D241377FE6F197~DTM*232*20200113~DTM*233*20200113~SVC*HC:99214*134*97.11**1~DTM*472*20200113~CAS*CO*45*36.89~REF*6R*CPM6JBJ3EUH1~AMT*B6*97.11~LQ*HE*N381~CLP*000100027862*1*211*108.57**MC*2020023036977~NM1*QC*1*MALDONDO*BRENT****MR*I008392~NM1*74*1*MALDONADO**R~NM1*82*1*SEARLES*DENISE*A***XX*1396971230~REF*EA*9E540D6835694AAA84683C196802A18E~DTM*232*20200108~DTM*233*20200108~SVC*HC:99202:25*135*67.13**1~DTM*472*20200108~CAS*CO*45*67.87~REF*6R*CPM69FYBZROO~AMT*B6*67.13~LQ*HE*N381~SVC*HC:H0049*36*10.92**1~DTM*472*20200108~CAS*CO*45*25.08~REF*6R*CPM6L2Q3IXG5~AMT*B6*10.92~LQ*HE*N381~SVC*HC:G8431*40*30.52**1~DTM*472*20200108~CAS*CO*45*9.48~REF*6R*CPM6GODZNWPO~AMT*B6*30.52~LQ*HE*N381~CLP*000100027778*1*134*95.11*2*MC*2020021058254~NM1*QC*1*MANLEY*LOUISA****MR*G519318~NM1*82*1*SEARLES*DENISE*A***XX*1396971230~REF*EA*A096782C449D4A3591EA95F2A8B3FD30~DTM*232*20200107~DTM*233*20200107~SVC*HC:99214*134*95.11**1~DTM*472*20200107~CAS*PR*3*2~CAS*CO*45*36.89~REF*6R*CPMML8T7RMJJ~AMT*B6*97.11~LQ*HE*N381~LQ*HE*N381~CLP*000100028079*1*105*74.23**MC*2020023036943~NM1*QC*1*MARTIN*SABRINA*L***MR*Y030235~NM1*82*1*HOOSHMAND-PARSI*KAYHOSROW****XX*1447291851~REF*EA*FE670A3B91994388864B06FBD73BE81B~DTM*232*20200113~DTM*233*20200113~SVC*HC:99213:25*90*65.81**1~DTM*472*20200113~CAS*CO*45*24.19~REF*6R*CPM6W6I9KAN2~AMT*B6*65.81~LQ*HE*N381~SVC*HC:81025*15*8.42**1~DTM*472*20200113~CAS*CO*45*6.58~REF*6R*CPM6BE575MTO~AMT*B6*8.42~LQ*HE*N381~CLP*000100027970*1*134*95.11*2*MC*2020023037068~NM1*QC*1*MARTINEZ*DESIREE****MR*O277758~NM1*82*1*LUCAS*PEGGI*S***XX*1366419582~REF*EA*249E62CA720343B892584D922FC7A8D8~DTM*232*20200110~DTM*233*20200110~SVC*HC:99214*134*95.11**1~DTM*472*20200110~CAS*PR*3*2~CAS*CO*45*36.89~REF*6R*CPM6V8IQJLRX~AMT*B6*97.11~LQ*HE*N381~LQ*HE*N381~CLP*000100027911*1*134*97.11**MC*2020023037235~NM1*QC*1*MAURO*RONDA*L***MR*U480140~NM1*82*1*SEARLES*DENISE*A***XX*1396971230~REF*EA*FEAF9406C15044C68E047E51DB3ECE1B~DTM*232*20200109~DTM*233*20200109~SVC*HC:99214*134*97.11**1~DTM*472*20200109~CAS*CO*45*36.89~REF*6R*CPM6B99404DE~AMT*B6*97.11~LQ*HE*N381~CLP*000100027992*1*134*97.11**MC*2020023037315~NM1*QC*1*MEDINA*TERRIE****MR*J956795~NM1*82*1*CADDALI*ESTRELLA*A***XX*1164974580~REF*EA*91FD27C610DA41E29E43897DAF149E83~DTM*232*20200110~DTM*233*20200110~SVC*HC:99214*134*97.11**1~DTM*472*20200110~CAS*CO*45*36.89~REF*6R*CPM642AHSW80~AMT*B6*97.11~LQ*HE*N381~CLP*000100027697*1*65*55.35**MC*2020021058300~NM1*QC*1*MUNIZ*SHARON*M***MR*J463636~NM1*82*1*LEWIS*HOLLY*G***XX*1295234128~REF*EA*E92234E5A3BF4E0DAAB2111A14C6CCBD~DTM*232*20200106~DTM*233*20200106~SVC*HC:90832*65*55.35**1~DTM*472*20200106~CAS*CO*45*9.65~REF*6R*CPMMVARBT6XE~AMT*B6*55.35~LQ*HE*N381~CLP*000100028157*1*134*97.11**MC*2020023037088~NM1*QC*1*MYERS*SCOTT*A***MR*P255708~NM1*82*1*SEARLES*DENISE*A***XX*1396971230~REF*EA*75EAE38A66D745B5B797D4BC28008496~DTM*232*20200114~DTM*233*20200114~SVC*HC:99214*134*97.11**1~DTM*472*20200114~CAS*CO*45*36.89~REF*6R*CPM6EOLZDEZS~AMT*B6*97.11~LQ*HE*N381~CLP*000100027986*1*134*97.11**MC*2020023037086~NM1*QC*1*PACHECO*CHRISTOPHER****MR*K453230~NM1*82*1*CADDALI*ESTRELLA*A***XX*1164974580~REF*EA*018368A7F804450D9E1278DB584DBAF6~DTM*232*20200110~DTM*233*20200110~SVC*HC:99214*134*97.11**1~DTM*472*20200110~CAS*CO*45*36.89~REF*6R*CPM6WLBSFVPF~AMT*B6*97.11~LQ*HE*N381~CLP*000100027839*1*221*138.87**MC*2020023036862~NM1*QC*1*PAIZ*DESIREE*V***MR*J620284~NM1*82*1*SEARLES*DENISE*A***XX*1396971230~REF*EA*36F74BF84F034FA193CD9F7F078D58B8~DTM*232*20200108~DTM*233*20200108~SVC*HC:99203:25*145*97.43**1~DTM*472*20200108~CAS*CO*45*47.57~REF*6R*CPM6XOMTCQXY~AMT*B6*97.43~LQ*HE*N381~SVC*HC:H0049*36*10.92**1~DTM*472*20200108~CAS*CO*45*25.08~REF*6R*CPM6NUPCH7VW~AMT*B6*10.92~LQ*HE*N381~SVC*HC:G8431*40*30.52**1~DTM*472*20200108~CAS*CO*45*9.48~REF*6R*CPM6ICVDWO0Q~AMT*B6*30.52~LQ*HE*N381~CLP*000100027961*1*204*138.31**MC*2020023037193~NM1*QC*1*PEARCE*HOPE****MR*Y742739~NM1*82*1*LUCAS*PEGGI*S***XX*1366419582~REF*EA*58ACE071FBB54C71BE171E7C93B8F3AF~DTM*232*20200110~DTM*233*20200110~SVC*HC:99214:25*134*97.11**1~DTM*472*20200110~CAS*CO*45*36.89~REF*6R*CPM6QPI1ATL7~AMT*B6*97.11~LQ*HE*N381~SVC*HC:90471*35*19.46**1~DTM*472*20200110~CAS*CO*45*15.54~REF*6R*CPM6P2MNEGW0~AMT*B6*19.46~LQ*HE*N381~SVC*HC:90674*35*21.74**1~DTM*472*20200110~CAS*CO*45*13.26~REF*6R*CPM6G5R59L90~AMT*B6*21.74~LQ*HE*N381~CLP*000100027977*1*90*65.81**MC*2020023037387~NM1*QC*1*PEREZ*LEO****MR*O381134~NM1*82*1*CADDALI*ESTRELLA*A***XX*1164974580~REF*EA*5B5A3590FD524C8481A5E1DCC176CC7F~DTM*232*20200110~DTM*233*20200110~SVC*HC:99213*90*65.81**1~DTM*472*20200110~CAS*CO*45*24.19~REF*6R*CPM6N9W0DLBM~AMT*B6*65.81~LQ*HE*N381~CLP*000100028080*1*134*97.11**MC*2020023037061~NM1*QC*1*RAMIREZ*JAVIER****MR*F684344~NM1*82*1*LUCAS*PEGGI*S***XX*1366419582~REF*EA*226C785ADC0F4FC1B7F907F363D8D5CA~DTM*232*20200113~DTM*233*20200113~SVC*HC:99214*134*97.11**1~DTM*472*20200113~CAS*CO*45*36.89~REF*6R*CPM6E3G18P7T~AMT*B6*97.11~LQ*HE*N381~CLP*000100028083*1*90*65.81**MC*2020023037247~NM1*QC*1*RATHBUN*AARON*W***MR*P304001~NM1*82*1*HOOSHMAND-PARSI*KAYHOSROW****XX*1447291851~REF*EA*CDB6940361234826B0B383D858FAB33A~DTM*232*20200113~DTM*233*20200113~SVC*HC:99213*90*65.81**1~DTM*472*20200113~CAS*CO*45*24.19~REF*6R*CPM60H0WOZ2F~AMT*B6*65.81~LQ*HE*N381~CLP*000100028237*1*105*72.23*2*MC*2020023036759~NM1*QC*1*ROBIN*RONDI*L***MR*L564167~NM1*82*1*GRONEMEYER*LEANNE*R***XX*1659521045~REF*EA*3F961411FD7549EE9C93C7693B8EE8A1~DTM*232*20200115~DTM*233*20200115~SVC*HC:99213:25*90*63.81**1~DTM*472*20200115~CAS*PR*3*2~CAS*CO*45*24.19~REF*6R*CPM6XYRBVDE6~AMT*B6*65.81~LQ*HE*N381~LQ*HE*N381~SVC*HC:81025*15*8.42**1~DTM*472*20200115~CAS*CO*45*6.58~REF*6R*CPM61G9UNNYW~AMT*B6*8.42~LQ*HE*N381~CLP*000100028186*1*138*100.51**MC*2020023036846~NM1*QC*1*ROYBAL*CELESTINA*A***MR*I238627~NM1*82*1*LUCAS*PEGGI*S***XX*1366419582~REF*EA*32A2CD1D77574089A1AA49583C1706AF~DTM*232*20200114~DTM*233*20200114~SVC*HC:99214:25*134*97.11**1~DTM*472*20200114~CAS*CO*45*36.89~REF*6R*CPM613RDAUEJ~AMT*B6*97.11~LQ*HE*N381~SVC*HC:81002*4*3.4**1~DTM*472*20200114~CAS*CO*45*.6~REF*6R*CPM6LDG74LLS~AMT*B6*3.4~LQ*HE*N381~CLP*000100028086*1*134*97.11**MC*2020023037287~NM1*QC*1*SAIS*MICHAEL*E***MR*N765754~NM1*82*1*LUCAS*PEGGI*S***XX*1366419582~REF*EA*A677DC7F93404AA09F8018594190C67D~DTM*232*20200113~DTM*233*20200113~SVC*HC:99214*134*97.11**1~DTM*472*20200113~CAS*CO*45*36.89~REF*6R*CPM62SKR35J3~AMT*B6*97.11~LQ*HE*N381~CLP*000100028200*1*105*74.23**MC*2020023037041~NM1*QC*1*SALAZAR*FELICIA*H***MR*G554326~NM1*82*1*GRONEMEYER*LEANNE*R***XX*1659521045~REF*EA*3FC5471DD2A541D6AE98361D71830AB9~DTM*232*20200115~DTM*233*20200115~SVC*HC:99213:25*90*65.81**1~DTM*472*20200115~CAS*CO*45*24.19~REF*6R*CPM6DR3ZTXAB~AMT*B6*65.81~LQ*HE*N381~SVC*HC:81025*15*8.42**1~DTM*472*20200115~CAS*CO*45*6.58~REF*6R*CPM6UKOPT7IY~AMT*B6*8.42~LQ*HE*N381~CLP*000100028135*1*105*74.23**MC*2020023037324~NM1*QC*1*SANCHEZ*LEANNA*A***MR*L179099~NM1*82*1*HOOSHMAND-PARSI*KAYHOSROW****XX*1447291851~REF*EA*4921479417024EF9A456F638810666A2~DTM*232*20200114~DTM*233*20200114~SVC*HC:99213:25*90*65.81**1~DTM*472*20200114~CAS*CO*45*24.19~REF*6R*CPM6L5H5FXJZ~AMT*B6*65.81~LQ*HE*N381~SVC*HC:81025*15*8.42**1~DTM*472*20200114~CAS*CO*45*6.58~REF*6R*CPM6ZIUI1PVU~AMT*B6*8.42~LQ*HE*N381~CLP*000100028068*1*134*97.11**MC*2020023036961~NM1*QC*1*SANCHEZ*MARRISSA*J***MR*U945928~NM1*82*1*GRONEMEYER*LEANNE*R***XX*1659521045~REF*EA*E428576847DB460A9FC875B04F03454C~DTM*232*20200113~DTM*233*20200113~SVC*HC:99214*134*97.11**1~DTM*472*20200113~CAS*CO*45*36.89~REF*6R*CPM6T89FFOSK~AMT*B6*97.11~LQ*HE*N381~CLP*000100028179*1*65*55.35**MC*2020023037140~NM1*QC*1*SANCHEZ*RANDY****MR*Y196130~NM1*82*1*LEWIS*HOLLY*G***XX*1295234128~REF*EA*E15B98017D9F4FC2AA321AAF20698DD7~DTM*232*20200114~DTM*233*20200114~SVC*HC:90832*65*55.35**1~DTM*472*20200114~CAS*CO*45*9.65~REF*6R*CPM61OQZ7L14~AMT*B6*55.35~LQ*HE*N381~CLP*000100028175*1*149*103.53*2*MC*2020023036832~NM1*QC*1*SANCHEZ*YVONNE*A***MR*J289148~NM1*82*1*HOOSHMAND-PARSI*KAYHOSROW****XX*1447291851~REF*EA*C5A37E2FE96B4F1B950D6F8A9F66FF9F~DTM*232*20200114~DTM*233*20200114~SVC*HC:99214:25*134*95.11**1~DTM*472*20200114~CAS*PR*3*2~CAS*CO*45*36.89~REF*6R*CPM6J54B96ZI~AMT*B6*97.11~LQ*HE*N381~LQ*HE*N381~SVC*HC:81025*15*8.42**1~DTM*472*20200114~CAS*CO*45*6.58~REF*6R*CPM61MU6VH2J~AMT*B6*8.42~LQ*HE*N381~CLP*000100027960*1*134*97.11**MC*2020023036878~NM1*QC*1*SANDOVAL*WAYNE****MR*N882963~NM1*82*1*SEARLES*DENISE*A***XX*1396971230~REF*EA*A4194EFC82D74967863E6A56880ADE61~DTM*232*20200110~DTM*233*20200110~SVC*HC:99214*134*97.11**1~DTM*472*20200110~CAS*CO*45*36.89~REF*6R*CPM6A8UTBCG6~AMT*B6*97.11~LQ*HE*N381~CLP*000100028072*1*90*65.81**MC*2020023037202~NM1*QC*1*SANTISTEVAN*MARILYN****MR*J932671~NM1*82*1*HOOSHMAND-PARSI*KAYHOSROW****XX*1447291851~REF*EA*FF05ED3C21BE4D8B9BC74EDB1DBE407F~DTM*232*20200113~DTM*233*20200113~SVC*HC:99213*90*65.81**1~DTM*472*20200113~CAS*CO*45*24.19~REF*6R*CPM68BJC1KZT~AMT*B6*65.81~LQ*HE*N381~CLP*000100027865*1*211*108.57**MC*2020023037110~NM1*QC*1*SCOTT*BERNADETTE*R***MR*O591335~NM1*82*1*CADDALI*ESTRELLA*A***XX*1164974580~REF*EA*E593E1ED26C947948D8B8F95215940F7~DTM*232*20200108~DTM*233*20200108~SVC*HC:99202:25*135*67.13**1~DTM*472*20200108~CAS*CO*45*67.87~REF*6R*CPM6XBT0Z1BE~AMT*B6*67.13~LQ*HE*N381~SVC*HC:H0049*36*10.92**1~DTM*472*20200108~CAS*CO*45*25.08~REF*6R*CPM6ZEVC6IPL~AMT*B6*10.92~LQ*HE*N381~SVC*HC:G8431*40*30.52**1~DTM*472*20200108~CAS*CO*45*9.48~REF*6R*CPM6M432GA3N~AMT*B6*30.52~LQ*HE*N381~CLP*000100027758*1*281*191.03**MC*2020023036874~NM1*QC*1*SCOTT*MADDISON*R***MR*O591333~NM1*82*1*CADDALI*ESTRELLA*A***XX*1164974580~REF*EA*B7020893C97449219E9AAEAB3DC80353~DTM*232*20200107~DTM*233*20200107~SVC*HC:99204:25*205*149.59**1~DTM*472*20200107~CAS*CO*45*55.41~REF*6R*CPM6MX8EXLK1~AMT*B6*149.59~LQ*HE*N381~SVC*HC:H0049*36*10.92**1~DTM*472*20200107~CAS*CO*45*25.08~REF*6R*CPM6S5RLTVYU~AMT*B6*10.92~LQ*HE*N381~SVC*HC:G8431*40*30.52**1~DTM*472*20200107~CAS*CO*45*9.48~REF*6R*CPM6B3SW3TPU~AMT*B6*30.52~LQ*HE*N381~CLP*000100028045*1*2217*1427.68**MC*2020023037076~NM1*QC*1*SIGOURNEY*BRIAN*R***MR*V270102~NM1*82*1*LUCAS*PEGGI*S***XX*1366419582~REF*EA*BC8FB9B9B65E45F1AA6C6AB773B6F0F8~DTM*232*20200113~DTM*233*20200113~SVC*HC:99205:25*255*186.33**1~DTM*472*20200113~CAS*CO*45*68.67~REF*6R*CPM6YK45DO6E~AMT*B6*186.33~LQ*HE*N381~SVC*HC:99415*45*7.11**1~DTM*472*20200113~CAS*CO*45*37.89~REF*6R*CPM6FT7BOB8T~AMT*B6*7.11~LQ*HE*N381~SVC*HC:96372*32*0**0**1~DTM*472*20200113~CAS*CO*109*32~REF*6R*CPM6ZU6TUTA9~LQ*HE*N381~SVC*HC:J2315*1805*1189.4**380~DTM*472*20200113~CAS*CO*45*615.6~REF*6R*CPM6W68XDMQV~AMT*B6*1189.4~LQ*HE*N381~SVC*HC:81002*4*3.4**1~DTM*472*20200113~CAS*CO*45*.6~REF*6R*CPM69QSW4RZS~AMT*B6*3.4~LQ*HE*N381~SVC*HC:H0049*36*10.92**1~DTM*472*20200113~CAS*CO*45*25.08~REF*6R*CPM6ZNNX9EGD~AMT*B6*10.92~LQ*HE*N381~SVC*HC:G8431*40*30.52**1~DTM*472*20200113~CAS*CO*45*9.48~REF*6R*CPM6FU7SGEK3~AMT*B6*30.52~LQ*HE*N381~CLP*000100028201*1*134*97.11**MC*2020023037355~NM1*QC*1*SPINUZZI*TRINA****MR*K013869~NM1*82*1*LUCAS*PEGGI*S***XX*1366419582~REF*EA*E456A8EAC7E24734BEFA66C4C55665F6~DTM*232*20200115~DTM*233*20200115~SVC*HC:99214*134*97.11**1~DTM*472*20200115~CAS*CO*45*36.89~REF*6R*CPM6FA2RQPQY~AMT*B6*97.11~LQ*HE*N381~CLP*000100028128*1*105*74.23**MC*2020023036787~NM1*QC*1*TABARES*ANGELA****MR*V900344~NM1*82*1*HOOSHMAND-PARSI*KAYHOSROW****XX*1447291851~REF*EA*EB2A523594A3417E883A0D1B47E5CE24~DTM*232*20200114~DTM*233*20200114~SVC*HC:99213:25*90*65.81**1~DTM*472*20200114~CAS*CO*45*24.19~REF*6R*CPM65LCIZU3Y~AMT*B6*65.81~LQ*HE*N381~SVC*HC:81025*15*8.42**1~DTM*472*20200114~CAS*CO*45*6.58~REF*6R*CPM69CU3AAW5~AMT*B6*8.42~LQ*HE*N381~CLP*000100028187*1*160*107.01**MC*2020023036856~NM1*QC*1*THOMPSON*BRENDA****MR*P195366~NM1*82*1*SEARLES*DENISE*A***XX*1396971230~REF*EA*6BBF0BCFF0AF475DA612104CC898FD90~DTM*232*20200114~DTM*233*20200114~SVC*HC:99213:25*90*65.81**1~DTM*472*20200114~CAS*CO*45*24.19~REF*6R*CPM6GPJ4SA10~AMT*B6*65.81~LQ*HE*N381~SVC*HC:90471*35*19.46**1~DTM*472*20200114~CAS*CO*45*15.54~REF*6R*CPM6OHV4WQPM~AMT*B6*19.46~LQ*HE*N381~SVC*HC:90674*35*21.74**1~DTM*472*20200114~CAS*CO*45*13.26~REF*6R*CPM6YRUKDPLY~AMT*B6*21.74~LQ*HE*N381~CLP*000100028236*1*134*97.11**MC*2020023037156~NM1*QC*1*THOMPSON*LINDA*M***MR*E133889~NM1*82*1*LUCAS*PEGGI*S***XX*1366419582~REF*EA*2C609FC88979445D90FF1FD6635B6130~DTM*232*20200115~DTM*233*20200115~SVC*HC:99214*134*97.11**1~DTM*472*20200115~CAS*CO*45*36.89~REF*6R*CPM60KYSNZJC~AMT*B6*97.11~LQ*HE*N381~CLP*000100027859*1*114*87.31**MC*2020023036987~NM1*QC*1*ULIBARRI*STEPHANIE*R***MR*W341555~NM1*82*1*CADDALI*ESTRELLA*A***XX*1164974580~REF*EA*0350D1B4129C454BB948350C050A44A6~DTM*232*20200108~DTM*233*20200108~SVC*HC:99213:25*90*65.81**1~DTM*472*20200108~CAS*CO*45*24.19~REF*6R*CPM6FWU7LHZG~AMT*B6*65.81~LQ*HE*N381~SVC*HC:93000*24*21.5**1~DTM*472*20200108~CAS*CO*45*2.5~REF*6R*CPM6F64B0W2E~AMT*B6*21.5~LQ*HE*N381~CLP*000100027967*1*134*97.11**MC*2020023036997~NM1*QC*1*ULIBARRI*STEPHANIE*R***MR*W341555~NM1*82*1*SEARLES*DENISE*A***XX*1396971230~REF*EA*3593FFE2DEB1483D85D3504BFD9B1795~DTM*232*20200110~DTM*233*20200110~SVC*HC:99214*134*97.11**1~DTM*472*20200110~CAS*CO*45*36.89~REF*6R*CPM6YT0DEUAI~AMT*B6*97.11~LQ*HE*N381~CLP*000100027902*1*1931*1258.61**MC*2020023037008~NM1*QC*1*URIE*NATHAN*J***MR*Y183401~NM1*82*1*GRONEMEYER*LEANNE*R***XX*1659521045~REF*EA*26678E54451544A7B123EB76D94503F6~DTM*232*20200109~DTM*233*20200109~SVC*HC:99213:25*90*65.81**1~DTM*472*20200109~CAS*CO*45*24.19~REF*6R*CPM6V5M1K6Q1~AMT*B6*65.81~LQ*HE*N381~SVC*HC:96372*32*0**0**1~DTM*472*20200109~CAS*CO*109*32~REF*6R*CPM6XY3JWAHY~LQ*HE*N381~SVC*HC:J2315*1805*1189.4**380~DTM*472*20200109~CAS*CO*45*615.6~REF*6R*CPM65WS2HBQ1~AMT*B6*1189.4~LQ*HE*N381~SVC*HC:81002*4*3.4**1~DTM*472*20200109~CAS*CO*45*.6~REF*6R*CPM6DQXNNGZ1~AMT*B6*3.4~LQ*HE*N381~CLP*000100027838*1*306*205.67**MC*2020023036883~NM1*QC*1*VASQUEZ*SYDNEY*F***MR*Y382712~NM1*82*1*LUCAS*PEGGI*S***XX*1366419582~REF*EA*1785B3AA7C594709BB863DF8570435C8~DTM*232*20200108~DTM*233*20200108~SVC*HC:99205:25*255*186.33**1~DTM*472*20200108~CAS*CO*45*68.67~REF*6R*CPM6N2CS94QW~AMT*B6*186.33~LQ*HE*N381~SVC*HC:H0049*36*10.92**1~DTM*472*20200108~CAS*CO*45*25.08~REF*6R*CPM6TNFMQF65~AMT*B6*10.92~LQ*HE*N381~SVC*HC:81025*15*8.42**1~DTM*472*20200108~CAS*CO*45*6.58~REF*6R*CPM6PV99VXLL~AMT*B6*8.42~LQ*HE*N381~CLP*000100028245*1*149*105.53**MC*2020023036889~NM1*QC*1*VASQUEZ*SYDNEY*F***MR*Y382712~NM1*82*1*GRONEMEYER*LEANNE*R***XX*1659521045~REF*EA*32C2C95B32E94F6395177B1CC4C807CF~DTM*232*20200115~DTM*233*20200115~SVC*HC:99214:25*134*97.11**1~DTM*472*20200115~CAS*CO*45*36.89~REF*6R*CPM6JQ0Y6KG0~AMT*B6*97.11~LQ*HE*N381~SVC*HC:81025*15*8.42**1~DTM*472*20200115~CAS*CO*45*6.58~REF*6R*CPM6ONF8LM26~AMT*B6*8.42~LQ*HE*N381~CLP*000100027987*1*90*65.81**MC*2020023037003~NM1*QC*1*VIGIL*JACOB*J***MR*T137873~NM1*82*1*CADDALI*ESTRELLA*A***XX*1164974580~REF*EA*AAD271CEEB3741E69E64A7998C2EBBF6~DTM*232*20200110~DTM*233*20200110~SVC*HC:99213*90*65.81**1~DTM*472*20200110~CAS*CO*45*24.19~REF*6R*CPM6077ZYKBQ~AMT*B6*65.81~LQ*HE*N381~CLP*000100028147*1*105*74.23**MC*2020023037175~NM1*QC*1*WINEGARD*ERIN*E***MR*U514872~NM1*82*1*LUCAS*PEGGI*S***XX*1366419582~REF*EA*AC36E5DCC6F04ABF8130330B57D83B10~DTM*232*20200114~DTM*233*20200114~SVC*HC:99213:25*90*65.81**1~DTM*472*20200114~CAS*CO*45*24.19~REF*6R*CPM6QAJY17IE~AMT*B6*65.81~LQ*HE*N381~SVC*HC:81025*15*8.42**1~DTM*472*20200114~CAS*CO*45*6.58~REF*6R*CPM6G0DO99T3~AMT*B6*8.42~LQ*HE*N381~CLP*000100027948*1*149*105.53**MC*2020023037259~NM1*QC*1*WOODARD*LYDIA****MR*P869732~NM1*82*1*SEARLES*DENISE*A***XX*1396971230~REF*EA*E86342DB22D740039933F4375DF9E34E~DTM*232*20200110~DTM*233*20200110~SVC*HC:99214:25*134*97.11**1~DTM*472*20200110~CAS*CO*45*36.89~REF*6R*CPM6I9182MNL~AMT*B6*97.11~LQ*HE*N381~SVC*HC:81025*15*8.42**1~DTM*472*20200110~CAS*CO*45*6.58~REF*6R*CPM6SIX2BTY4~AMT*B6*8.42~LQ*HE*N381~CLP*000100028149*1*90*65.81**MC*2020023036795~NM1*QC*1*YALOTZ*SHANE*W***MR*M883525~NM1*82*1*HOOSHMAND-PARSI*KAYHOSROW****XX*1447291851~REF*EA*1160528F41ED4901A4E9936FCD70AF43~DTM*232*20200114~DTM*233*20200114~SVC*HC:99213*90*65.81**1~DTM*472*20200114~CAS*CO*45*24.19~REF*6R*CPM65UTM0AI4~AMT*B6*65.81~LQ*HE*N381~CLP*37546B*22*-242.16*-2.37**MC*2019214042571~NM1*QC*1*BASSETT*JENNIFER*M***MR*W073216~NM1*82*1*CADDALI*ESTRELLA*A***XX*1164974580~DTM*232*20190717~DTM*233*20190717~SVC*HC:99204:25:FP*-165*0**0**1~DTM*472*20190717~CAS*PI*16*-165~REF*6R*43010~LQ*HE*N56~SVC*HC:81025:FP*-15*0**0**1~DTM*472*20190717~CAS*PI*16*-15~REF*6R*43012~LQ*HE*N56~LQ*HE*N381~SVC*HC:H0049*-36.16*0**0**1~DTM*472*20190717~CAS*PI*16*-36.16~REF*6R*43190~LQ*HE*N56~LQ*HE*N381~SVC*HC:G8510*-20*0**0**1~DTM*472*20190717~CAS*PI*16*-20~REF*6R*43191~LQ*HE*N56~LQ*HE*N381~SVC*HC:81002*-6*-2.37**1~DTM*472*20190717~CAS*PR*3*-1~CAS*CO*45*-2.63~REF*6R*43594~AMT*B6*3.37~LQ*HE*N381~LQ*HE*N381~CLP*37546B*1*242.16*3.4**MC*5220022037412~NM1*QC*1*BASSETT*JENNIFER*M***MR*W073216~NM1*82*1*CADDALI*ESTRELLA*A***XX*1164974580~DTM*232*20190717~DTM*233*20190717~SVC*HC:99204:25:FP*165*0**0**1~DTM*472*20190717~CAS*PI*16*165~REF*6R*43010~LQ*HE*N56~SVC*HC:81025:FP*15*0**0**1~DTM*472*20190717~CAS*PI*16*15~REF*6R*43012~LQ*HE*N56~LQ*HE*N381~SVC*HC:H0049*36.16*0**0**1~DTM*472*20190717~CAS*PI*16*36.16~REF*6R*43190~LQ*HE*N56~LQ*HE*N381~SVC*HC:G8510*20*0**0**1~DTM*472*20190717~CAS*PI*16*20~REF*6R*43191~LQ*HE*N56~LQ*HE*N381~SVC*HC:81002*6*3.4**1~DTM*472*20190717~CAS*CO*45*2.6~REF*6R*43594~AMT*B6*3.4~LQ*HE*N381~CLP*000100024314*22*-4*-2.37**MC*2019311074463~NM1*QC*1*NORIEGA*JUDY*L***MR*I831249~NM1*82*1*GRONEMEYER*LEANNE*R***XX*1659521045~REF*EA*ED5AE7DFB5BF458D9DC1817FE621FA82~DTM*232*20191029~DTM*233*20191029~SVC*HC:81002*-4*-2.37**1~DTM*472*20191029~CAS*PR*3*-1~CAS*CO*45*-.63~REF*6R*CPC9UTNUWDK3~AMT*B6*3.37~LQ*HE*N381~LQ*HE*N381~CLP*000100024314*1*4*2.4*1*MC*5220023015929~NM1*QC*1*NORIEGA*JUDY*L***MR*I831249~NM1*82*1*GRONEMEYER*LEANNE*R***XX*1659521045~REF*EA*ED5AE7DFB5BF458D9DC1817FE621FA82~DTM*232*20191029~DTM*233*20191029~SVC*HC:81002*4*2.4**1~DTM*472*20191029~CAS*PR*3*1~CAS*CO*45*.6~REF*6R*CPC9UTNUWDK3~AMT*B6*3.4~LQ*HE*N381~LQ*HE*N381~CLP*000100022509*22*-15*-7.34**MC*2019265004646~NM1*QC*1*ROBIN*RONDI*L***MR*L564167~NM1*82*1*HOOSHMAND-PARSI*KAYHOSROW****XX*1447291851~REF*EA*BEFBC3226ADA4AEBBECA3024DCC216F0~DTM*232*20190919~DTM*233*20190919~SVC*HC:81025*-15*-7.34**1~DTM*472*20190919~CAS*PR*3*-1~CAS*CO*45*-6.66~REF*6R*CPUDVXPLRIT1~AMT*B6*8.34~LQ*HE*N381~LQ*HE*N381~CLP*000100022509*1*15*7.42*1*MC*5220023006183~NM1*QC*1*ROBIN*RONDI*L***MR*L564167~NM1*82*1*HOOSHMAND-PARSI*KAYHOSROW****XX*1447291851~REF*EA*BEFBC3226ADA4AEBBECA3024DCC216F0~DTM*232*20190919~DTM*233*20190919~SVC*HC:81025*15*7.42**1~DTM*472*20190919~CAS*PR*3*1~CAS*CO*45*6.58~REF*6R*CPUDVXPLRIT1~AMT*B6*8.42~LQ*HE*N381~LQ*HE*N381~CLP*000100022752*22*-149*-10.11**MC*2019305035747~NM1*QC*1*SANCHEZ*LEANNA*A***MR*L179099~NM1*82*1*LANE*DELLA*J***XX*1417151630~REF*EA*7060800446FB4FE887386870B7B27081~DTM*232*20190925~DTM*233*20190925~SVC*HC:99214:25*-134*-5.91**1~DTM*472*20190925~CAS*CO*45*-36.89~CAS*OA*23*-91.2~REF*6R*CPCL4BQ57LYO~AMT*B6*97.11~LQ*HE*MA125~LQ*HE*N381~SVC*HC:81025*-15*-4.2**1~DTM*472*20190925~CAS*CO*45*-6.66~CAS*OA*23*-4.14~REF*6R*CPCL2T2U5HRJ~AMT*B6*8.34~LQ*HE*MA125~LQ*HE*N381~CLP*000100022752*2*149*10.19**MC*5220023014681~NM1*QC*1*SANCHEZ*LEANNA*A***MR*L179099~NM1*82*1*LANE*DELLA*J***XX*1417151630~REF*EA*7060800446FB4FE887386870B7B27081~DTM*232*20190925~DTM*233*20190925~SVC*HC:99214:25*134*5.91**1~DTM*472*20190925~CAS*CO*45*36.89~CAS*OA*23*91.2~REF*6R*CPCL4BQ57LYO~AMT*B6*97.11~LQ*HE*MA125~LQ*HE*N381~SVC*HC:81025*15*4.28**1~DTM*472*20190925~CAS*CO*45*6.58~CAS*OA*23*4.14~REF*6R*CPCL2T2U5HRJ~AMT*B6*8.42~LQ*HE*MA125~LQ*HE*N381~CLP*000100024447*22*-15*-7.42**MC*2019330055688~NM1*QC*1*ARMSTRONG YOUNGBLOOD*CASSIDY****MR*Y096253~NM1*74*1*YOUNGBLOOD**R~NM1*82*1*KLAKER*JULIE*M***XX*1215134705~REF*EA*37E6EA58A4C646E9841CFA28E7BDB0A8~DTM*232*20191101~DTM*233*20191101~SVC*HC:81025*-15*-7.42**1~DTM*472*20191101~CAS*PR*3*-1~CAS*CO*45*-6.58~REF*6R*CPEHG3MLR0FK~AMT*B6*8.42~LQ*HE*N381~LQ*HE*N381~CLP*000100024447*1*15*7.42*1*MC*5220023020179~NM1*QC*1*ARMSTRONG YOUNGBLOOD*CASSIDY****MR*Y096253~NM1*74*1*YOUNGBLOOD**R~NM1*82*1*KLAKER*JULIE*M***XX*1215134705~REF*EA*37E6EA58A4C646E9841CFA28E7BDB0A8~DTM*232*20191101~DTM*233*20191101~SVC*HC:81025*15*7.42**1~DTM*472*20191101~CAS*PR*3*1~CAS*CO*45*6.58~REF*6R*CPEHG3MLR0FK~AMT*B6*8.42~LQ*HE*N381~LQ*HE*N381~PLB*1508250911*20201231*CS:0000373527409*-2.37*CS:0000373527409*2.37*CS:0000373575547*-7.34*CS:0000373575547*7.34*CS:0000373629617*-10.11*CS:0000373629617*10.11~PLB*1508250911*20201231*CS:0000373590244*-2.37*CS:0000373590244*2.37*CS:0000373599033*-7.42*CS:0000373599033*7.42~SE*2125*000010012~GE*1*300018420~IEA*1*300018420~