ISA*00*          *00*          *ZZ*COMEDASSISTPROG*ZZ*6769489        *200120*0231*^*00501*300011797*0*P*:~GS*HP*COMEDASSISTPROG*6769489*20200120*023149*300011797*X*005010X221A1~ST*835*000010013~BPR*I*21599.58*C*ACH*CCP*01*075911603*DA*00000004556640373*1811725341**01*102000076*DA*2838835219*20200120~TRN*1*000873172*1811725341~REF*EV*1508250911~DTM*405*20200117~N1*PR*CO_TXIX*XV*7912900843~N3*P.O. BOX 30~N4*DENVER*CO*80201~PER*CX*MEDICAID PROVIDER SERVICES*TE*8442352387~PER*BL*MEDICAID PROVIDER SERVICES*TE*8442352387~N1*PE*HEALTH SOLUTIONS MED CENTER*XX*1508250911~REF*TJ*841158933~LX*1~CLP*35147*2*328*18.93**MC*2220016007622~NM1*QC*1*DOYLE*JAMES*G***MR*P777747~DTM*232*20190419~DTM*233*20190419~SVC*HC:99214*328*18.93**1~DTM*472*20190419~CAS*CO*45*309.07~REF*HPI*1164974580~AMT*B6*18.93~LQ*HE*N381~LQ*HE*N381~CLP*37034*2*90*12.94**MC*2220016007717~NM1*QC*1*DOYLE*JAMES*G***MR*P777747~DTM*232*20190528~DTM*233*20190528~SVC*HC:99213*90*12.94**1~DTM*472*20190528~CAS*CO*45*77.06~REF*HPI*1164974580~AMT*B6*12.94~LQ*HE*N381~LQ*HE*N381~CLP*38738*2*55*7.87**MC*2220016007959~NM1*QC*1*DOYLE*JAMES*G***MR*P777747~DTM*232*20190710~DTM*233*20190710~SVC*HC:99213*55*7.87**1~DTM*472*20190710~CAS*CO*45*47.13~REF*HPI*1164974580~AMT*B6*7.87~LQ*HE*N381~CLP*34901*2*221.28*34.88**MC*2220016009421~NM1*QC*1*DUNHAM*ZACHARIAH*L***MR*P798365~DTM*232*20190522~DTM*233*20190522~SVC*HC:99204:25*165*28.64**1~DTM*472*20190522~CAS*CO*45*136.36~REF*HPI*1659521045~AMT*B6*28.64~LQ*HE*N381~LQ*HE*N381~SVC*HC:G0444*20.12*0**1~DTM*472*20190522~CAS*CO*45*20.12~REF*HPI*1659521045~SVC*HC:G0396*36.16*6.24**1~DTM*472*20190522~CAS*OA*P22*29.92~REF*HPI*1659521045~AMT*B6*6.24~LQ*HE*MA125~CLP*34842*2*135*18.93**MC*2220016009893~NM1*QC*1*DUNLAP*CHELSEY*R***MR*O524412~DTM*232*20190507~DTM*233*20190507~SVC*HC:99214*135*18.93**1~DTM*472*20190507~CAS*CO*45*116.07~REF*HPI*1164974580~AMT*B6*18.93~LQ*HE*N381~LQ*HE*N381~CLP*22231*2*134*89.1**MC*2220014002880~NM1*QC*1*RUCKER*MARITTA*A***MR*P639220~DTM*232*20190911~DTM*233*20190911~SVC*HC:99214*134*89.1**1~DTM*472*20190911~CAS*CO*45*44.9~REF*HPI*1447291851~AMT*B6*89.1~LQ*HE*N381~LQ*HE*N381~CLP*23866*2*201*3.11**MC*2220014002974~NM1*QC*1*RUCKER*MARITTA*A***MR*P639220~DTM*232*20191017~DTM*233*20191017~SVC*HC:99214:25*134*3.11**1~DTM*472*20191017~CAS*CO*45*130.89~REF*HPI*1447291851~AMT*B6*3.11~LQ*HE*N381~LQ*HE*N381~SVC*HC:G0008*32*0**0**1~DTM*472*20191017~CAS*PI*16*32~REF*HPI*1447291851~LQ*HE*N381~LQ*HE*N56~SVC*HC:90674*35*0**1~DTM*472*20191017~CAS*CO*45*35~REF*HPI*1447291851~LQ*HE*N381~CLP*24853*2*134*89.1**MC*2220014003084~NM1*QC*1*RUCKER*MARITTA*A***MR*P639220~DTM*232*20191107~DTM*233*20191107~SVC*HC:99214*134*89.1**1~DTM*472*20191107~CAS*CO*45*44.9~REF*HPI*1447291851~AMT*B6*89.1~LQ*HE*N381~LQ*HE*N381~CLP*000100027277*1*175*114.94**MC*2020013056987~NM1*QC*1*ABEYTA*KRISTA****MR*G102892~NM1*82*1*LUCAS*PEGGI*S***XX*1366419582~REF*EA*FD99307E6A2B4D86BF5343D868AFFE39~DTM*232*20191227~DTM*233*20191227~SVC*HC:99396*175*114.94**1~DTM*472*20191227~CAS*CO*45*60.06~REF*6R*CPL67SNOPC84~AMT*B6*114.94~LQ*HE*N381~CLP*000100027783*1*134*97.11**MC*2020017046405~NM1*QC*1*AMORIN*KALIZMA****MR*P525380~NM1*82*1*CADDALI*ESTRELLA*A***XX*1164974580~REF*EA*A401B3D90F7C449EA9FA53E9133495EA~DTM*232*20200107~DTM*233*20200107~SVC*HC:99214*134*97.11**1~DTM*472*20200107~CAS*CO*45*36.89~REF*6R*CPLAEQ1BIEQ2~AMT*B6*97.11~LQ*HE*N381~CLP*000100027787*1*134*97.11**MC*2020017046447~NM1*QC*1*ANTHONY*MELVIN*T***MR*Y839789~NM1*82*1*CADDALI*ESTRELLA*A***XX*1164974580~REF*EA*57A0720FFA494B1C854FD858FE4E0841~DTM*232*20200107~DTM*233*20200107~SVC*HC:99214*134*97.11**1~DTM*472*20200107~CAS*CO*45*36.89~REF*6R*CPLAY59LW4EH~AMT*B6*97.11~LQ*HE*N381~CLP*000100027833*1*134*95.11*2*MC*2020017046093~NM1*QC*1*ARELLANO*CHELSEA****MR*O487114~NM1*82*1*SEARLES*DENISE*A***XX*1396971230~REF*EA*0D253905FB724DFDBC6F2965B94D0B55~DTM*232*20200108~DTM*233*20200108~SVC*HC:99214*134*95.11**1~DTM*472*20200108~CAS*PR*3*2~CAS*CO*45*36.89~REF*6R*CPLATNBIUGVF~AMT*B6*97.11~LQ*HE*N381~LQ*HE*N381~CLP*000100027353*1*204*138.31**MC*2020013057041~NM1*QC*1*BACA*CHRISTOPHER*J***MR*G968174~NM1*82*1*GRONEMEYER*LEANNE*R***XX*1659521045~REF*EA*F51ADCFE5935421BA3F6A61056F95214~DTM*232*20191230~DTM*233*20191230~SVC*HC:99214:25*134*97.11**1~DTM*472*20191230~CAS*CO*45*36.89~REF*6R*CPL6ZXZW7IR6~AMT*B6*97.11~LQ*HE*N381~SVC*HC:90471*35*19.46**1~DTM*472*20191230~CAS*CO*45*15.54~REF*6R*CPL6NRPOK00G~AMT*B6*19.46~LQ*HE*N381~SVC*HC:90674*35*21.74**1~DTM*472*20191230~CAS*CO*45*13.26~REF*6R*CPL6DC3MSMRG~AMT*B6*21.74~LQ*HE*N381~CLP*000100027829*1*134*97.11**MC*2020017046319~NM1*QC*1*BACA*DONOVAN*D***MR*U406657~NM1*82*1*GRONEMEYER*LEANNE*R***XX*1659521045~REF*EA*57AAEDF99B7C4D058C8CFE03E2E65D11~DTM*232*20200108~DTM*233*20200108~SVC*HC:99214*134*97.11**1~DTM*472*20200108~CAS*CO*45*36.89~REF*6R*CPLABW17XGI5~AMT*B6*97.11~LQ*HE*N381~CLP*000100027379*1*134*97.11**MC*2020013057023~NM1*QC*1*BACKUSH*SUMAYAH*H***MR*Y862562~NM1*82*1*GRONEMEYER*LEANNE*R***XX*1659521045~REF*EA*C3C39AEEDA3D433FAF1005347374D94F~DTM*232*20191230~DTM*233*20191230~SVC*HC:99214*134*97.11**1~DTM*472*20191230~CAS*CO*45*36.89~REF*6R*CPL6FR4UJU08~AMT*B6*97.11~LQ*HE*N381~CLP*000100027384*1*90*65.81**MC*2020013056983~NM1*QC*1*BAROS*MELANIE*A***MR*L096798~NM1*82*1*LUCAS*PEGGI*S***XX*1366419582~REF*EA*9581A0EF78494811987FD85E634FA2BD~DTM*232*20191230~DTM*233*20191230~SVC*HC:99213*90*65.81**1~DTM*472*20191230~CAS*CO*45*24.19~REF*6R*CPL6YICZ0FD2~AMT*B6*65.81~LQ*HE*N381~CLP*000100027666*1*149*105.53**MC*2020017045896~NM1*QC*1*BAROS*MELANIE*A***MR*L096798~NM1*82*1*HOOSHMAND-PARSI*KAYHOSROW****XX*1447291851~REF*EA*6EF900244C65478B9AD5A02D8199D8F9~DTM*232*20200106~DTM*233*20200106~SVC*HC:99214:25*134*97.11**1~DTM*472*20200106~CAS*CO*45*36.89~REF*6R*CPLAPWNC5XC6~AMT*B6*97.11~LQ*HE*N381~SVC*HC:81025*15*8.42**1~DTM*472*20200106~CAS*CO*45*6.58~REF*6R*CPLA9T0V4CBX~AMT*B6*8.42~LQ*HE*N381~CLP*000100027582*1*134*97.11**MC*2020013056995~NM1*QC*1*BENTLEY*REBECCA*R***MR*P629844~NM1*82*1*CADDALI*ESTRELLA*A***XX*1164974580~REF*EA*95A7D217ADAA4D748710E3F88EBE7FCC~DTM*232*20200103~DTM*233*20200103~SVC*HC:99214*134*97.11**1~DTM*472*20200103~CAS*CO*45*36.89~REF*6R*CPL61TCSFHR6~AMT*B6*97.11~LQ*HE*N381~CLP*000100027512*1*272*186.64**MC*2020013056953~NM1*QC*1*BOULIER*JEWEL*R***MR*W913486~NM1*82*1*CADDALI*ESTRELLA*A***XX*1164974580~REF*EA*D980B970EF4B4B19BFFA6F4035A57D96~DTM*232*20200102~DTM*233*20200102~SVC*HC:99213:25:FP*90*81.55**1~DTM*472*20200102~CAS*CO*45*8.45~REF*6R*CPL6201GYJ07~AMT*B6*81.55~LQ*HE*N381~SVC*HC:96372:FP*32*15.67**1~DTM*472*20200102~CAS*CO*45*16.33~REF*6R*CPL6QW74H4CJ~AMT*B6*15.67~LQ*HE*N381~SVC*HC:J1050:FP*135*81**150~DTM*472*20200102~CAS*CO*45*54~REF*6R*CPL6B62EGW18~AMT*B6*81~LQ*HE*N381~SVC*HC:81025:FP*15*8.42**1~DTM*472*20200102~CAS*CO*45*6.58~REF*6R*CPL6R0E1ZN29~AMT*B6*8.42~LQ*HE*N381~CLP*000100027742*1*90*65.81**MC*2020015059171~NM1*QC*1*BRODEUR*MICHAEL****MR*O634397~NM1*82*1*ROBERTS*BRAD*A***XX*1538435698~REF*EA*E547C43118074EC5B3A76D92A7A7A20C~DTM*232*20200107~DTM*233*20200107~SVC*HC:99213*90*65.81**1~DTM*472*20200107~CAS*CO*45*24.19~REF*6R*CPLQ1IBNEKOI~AMT*B6*65.81~LQ*HE*N381~CLP*000100027441*1*105*72.23*2*MC*2020015059290~NM1*QC*1*PORTER*ASHLEY*C***MR*G299091~NM1*74*1*BURCH~NM1*82*1*GRONEMEYER*LEANNE*R***XX*1659521045~REF*EA*8B4B7C44230C4572827832CD3EDBF546~DTM*232*20200102~DTM*233*20200102~SVC*HC:99213:25*90*63.81**1~DTM*472*20200102~CAS*PR*3*2~CAS*CO*45*24.19~REF*6R*CPLQFTX1CBET~AMT*B6*65.81~LQ*HE*N381~LQ*HE*N381~SVC*HC:81025*15*8.42**1~DTM*472*20200102~CAS*CO*45*6.58~REF*6R*CPLQUV7EG9JA~AMT*B6*8.42~LQ*HE*N381~CLP*000100027524*1*134*95.11*2*MC*2020013056886~NM1*QC*1*CABELLO*JOSHUA****MR*W859481~NM1*82*1*GRONEMEYER*LEANNE*R***XX*1659521045~REF*EA*F747EA681D21422299BBAB7A05416A6C~DTM*232*20200102~DTM*233*20200102~SVC*HC:99214*134*95.11**1~DTM*472*20200102~CAS*PR*3*2~CAS*CO*45*36.89~REF*6R*CPL6EVZKCEQM~AMT*B6*97.11~LQ*HE*N381~LQ*HE*N381~CLP*000100027688*1*149*105.53**MC*2020015059517~NM1*QC*1*CALDERON*DAVINA*R***MR*J450070~NM1*82*1*HOOSHMAND-PARSI*KAYHOSROW****XX*1447291851~REF*EA*B91677904A364F8B8D1D5581AD8C4DB8~DTM*232*20200106~DTM*233*20200106~SVC*HC:99214:25*134*97.11**1~DTM*472*20200106~CAS*CO*45*36.89~REF*6R*CPLQCM35ZQWU~AMT*B6*97.11~LQ*HE*N381~SVC*HC:81025*15*8.42**1~DTM*472*20200106~CAS*CO*45*6.58~REF*6R*CPLQO5AQSSJP~AMT*B6*8.42~LQ*HE*N381~CLP*000100027528*1*149*105.53**MC*2020013056971~NM1*QC*1*CAMPBELL*TAMMY*L***MR*Y574975~NM1*82*1*SEARLES*DENISE*A***XX*1396971230~REF*EA*E1A44A8F2EC44272B0D16F180526D77C~DTM*232*20200103~DTM*233*20200103~SVC*HC:99214:25*134*97.11**1~DTM*472*20200103~CAS*CO*45*36.89~REF*6R*CPL6CVBKH3YX~AMT*B6*97.11~LQ*HE*N381~SVC*HC:81025*15*8.42**1~DTM*472*20200103~CAS*CO*45*6.58~REF*6R*CPL6ZVGOV3YI~AMT*B6*8.42~LQ*HE*N381~CLP*000100027217*1*280*178.48**MC*2020013056974~NM1*QC*1*CAMPBELL*TAMMY*L***MR*Y574975~NM1*82*1*SEARLES*DENISE*A***XX*1396971230~REF*EA*5B671A3075454F688F53BA06E416C139~DTM*232*20191226~DTM*233*20191226~SVC*HC:99215:25*180*129.99**1~DTM*472*20191226~CAS*CO*45*50.01~REF*6R*CPL6IJF6150U~AMT*B6*129.99~LQ*HE*N381~SVC*HC:99415*45*7.11**1~DTM*472*20191226~CAS*CO*45*37.89~REF*6R*CPL68RES2YCX~AMT*B6*7.11~LQ*HE*N381~SVC*HC:97602*40*32.96**1~DTM*472*20191226~CAS*CO*45*7.04~REF*6R*CPL6F8ILQHNV~AMT*B6*32.96~LQ*HE*N381~SVC*HC:81025*15*8.42**1~DTM*472*20191226~CAS*CO*45*6.58~REF*6R*CPL6VNBCXDNG~AMT*B6*8.42~LQ*HE*N381~CLP*000100027180*1*218.66*6.67**MC*2020013056977~NM1*QC*1*CAMPBELL*TAMMY*L***MR*Y574975~NM1*82*1*LUCAS*PEGGI*S***XX*1366419582~REF*EA*C1EAEF305D4C4AD6B35EA6BB553AB4B1~DTM*232*20191223~DTM*233*20191223~SVC*HC:99214:25*134*0**0**1~DTM*472*20191223~CAS*PI*16*134~REF*6R*CPL6MMYW7P65~LQ*HE*N56~LQ*HE*N381~SVC*HC:86580*8.66*6.67**1~DTM*472*20191223~CAS*CO*45*1.99~REF*6R*CPL67CQLRMD2~AMT*B6*6.67~LQ*HE*N381~SVC*HC:H0049*36*0**0**1~DTM*472*20191223~CAS*PI*16*36~REF*6R*CPL6PC24T4PR~LQ*HE*N56~LQ*HE*N381~SVC*HC:G8431*40*0**0**1~DTM*472*20191223~CAS*PI*16*40~REF*6R*CPL62YG42ZPK~LQ*HE*N56~LQ*HE*N381~CLP*000100027786*1*134*97.11**MC*2020017045851~NM1*QC*1*CAMPBELL*TAMMY*L***MR*Y574975~NM1*82*1*LUCAS*PEGGI*S***XX*1366419582~REF*EA*E8D1EE7AD8AA4F86A60BE938905FD5F5~DTM*232*20200107~DTM*233*20200107~SVC*HC:99214*134*97.11**1~DTM*472*20200107~CAS*CO*45*36.89~REF*6R*CPLAENIS4X9O~AMT*B6*97.11~LQ*HE*N381~CLP*000100027737*1*134*97.11**MC*2020015059431~NM1*QC*1*CASACK*JACOB****MR*Y190717~NM1*82*1*LUCAS*PEGGI*S***XX*1366419582~REF*EA*C7F665E3306B4B34AD2A1C05FC315721~DTM*232*20200107~DTM*233*20200107~SVC*HC:99214*134*97.11**1~DTM*472*20200107~CAS*CO*45*36.89~REF*6R*CPLQII1XA0FF~AMT*B6*97.11~LQ*HE*N381~CLP*000100027739*1*115*104.26**MC*2020015059537~NM1*QC*1*CASAUS*TRACY*A***MR*K186814~NM1*82*1*LEWIS*HOLLY*G***XX*1295234128~REF*EA*54B888C6DBBE439E8699F2D229D6EFD3~DTM*232*20200107~DTM*233*20200107~SVC*HC:90837*115*104.26**1~DTM*472*20200107~CAS*CO*45*10.74~REF*6R*CPLQA2G4HBS1~AMT*B6*104.26~LQ*HE*N381~CLP*000100027726*1*90*65.81**MC*2020017046301~NM1*QC*1*CASAUS*TRACY*A***MR*K186814~NM1*82*1*ROBERTS*BRAD*A***XX*1538435698~REF*EA*88492A26C7CE4F04BC8A5524B785169C~DTM*232*20200107~DTM*233*20200107~SVC*HC:99213*90*65.81**1~DTM*472*20200107~CAS*CO*45*24.19~REF*6R*CPLAGDVJ8MBF~AMT*B6*65.81~LQ*HE*N381~CLP*000100027890*1*90*63.81*2*MC*2020017045762~NM1*QC*1*CASTANO*DIEGO*H***MR*O821515~NM1*82*1*HOOSHMAND-PARSI*KAYHOSROW****XX*1447291851~REF*EA*C689723B478A44008D6189D4E2E50B7B~DTM*232*20200109~DTM*233*20200109~SVC*HC:99213*90*63.81**1~DTM*472*20200109~CAS*PR*3*2~CAS*CO*45*24.19~REF*6R*CPLAZQM2I0QE~AMT*B6*65.81~LQ*HE*N381~LQ*HE*N381~CLP*000100027401*1*149*105.53**MC*2020013056991~NM1*QC*1*CHAVEZ*CELINA*A***MR*I557323~NM1*82*1*LUCAS*PEGGI*S***XX*1366419582~REF*EA*38117A1B0AEF4192920105A09DFC2D19~DTM*232*20191230~DTM*233*20191230~SVC*HC:99214:25*134*97.11**1~DTM*472*20191230~CAS*CO*45*36.89~REF*6R*CPL6NUKDJ73M~AMT*B6*97.11~LQ*HE*N381~SVC*HC:81025*15*8.42**1~DTM*472*20191230~CAS*CO*45*6.58~REF*6R*CPL65RO3OUUX~AMT*B6*8.42~LQ*HE*N381~CLP*000100027686*1*149*105.53**MC*2020015059353~NM1*QC*1*CHAVEZ*CELINA*A***MR*I557323~NM1*82*1*LUCAS*PEGGI*S***XX*1366419582~REF*EA*EA4AAF8091F2441F9177E61D37CBF217~DTM*232*20200106~DTM*233*20200106~SVC*HC:99214:25*134*97.11**1~DTM*472*20200106~CAS*CO*45*36.89~REF*6R*CPLQUUD9KGDV~AMT*B6*97.11~LQ*HE*N381~SVC*HC:81025*15*8.42**1~DTM*472*20200106~CAS*CO*45*6.58~REF*6R*CPLQH5AHZ31W~AMT*B6*8.42~LQ*HE*N381~CLP*000100027504*1*90*65.81**MC*2020013056901~NM1*QC*1*CHAVEZ*MELISSA****MR*J002962~NM1*82*1*KLAKER*JULIE*M***XX*1215134705~REF*EA*899B51E6C6524B16BE497FD6DB7BE500~DTM*232*20200102~DTM*233*20200102~SVC*HC:99213*90*65.81**1~DTM*472*20200102~CAS*CO*45*24.19~REF*6R*CPL6FUXO41KO~AMT*B6*65.81~LQ*HE*N381~CLP*000100027411*1*105*89.97**MC*2020013057002~NM1*QC*1*COLEMAN*ZOEI*J***MR*P176370~NM1*82*1*GRONEMEYER*LEANNE*R***XX*1659521045~REF*EA*8F55A981F2E14C88949865FF8DF3823E~DTM*232*20191230~DTM*233*20191230~SVC*HC:99213:25:FP*90*81.55**1~DTM*472*20191230~CAS*CO*45*8.45~REF*6R*CPL6XXPVAM1O~AMT*B6*81.55~LQ*HE*N381~SVC*HC:81025:FP*15*8.42**1~DTM*472*20191230~CAS*CO*45*6.58~REF*6R*CPL678OD7WUI~AMT*B6*8.42~LQ*HE*N381~CLP*000100027480*1*134*95.11*2*MC*2020015059325~NM1*QC*1*CORDOVA*GINA****MR*Q922006~NM1*82*1*GRONEMEYER*LEANNE*R***XX*1659521045~REF*EA*4232E9A7BE5946988FDB6E7094A51C24~DTM*232*20200102~DTM*233*20200102~SVC*HC:99214*134*95.11**1~DTM*472*20200102~CAS*PR*3*2~CAS*CO*45*36.89~REF*6R*CPLQ53YTMKSD~AMT*B6*97.11~LQ*HE*N381~LQ*HE*N381~CLP*000100027368*1*149*103.53*2*MC*2020013056922~NM1*QC*1*CRAMER*CHELSEA*C***MR*G314138~NM1*82*1*LUCAS*PEGGI*S***XX*1366419582~REF*EA*D188CB15D66F4FB9A637E19F9FEA8159~DTM*232*20191230~DTM*233*20191230~SVC*HC:99214:25*134*95.11**1~DTM*472*20191230~CAS*PR*3*2~CAS*CO*45*36.89~REF*6R*CPL65TITAWNA~AMT*B6*97.11~LQ*HE*N381~LQ*HE*N381~SVC*HC:81025*15*8.42**1~DTM*472*20191230~CAS*CO*45*6.58~REF*6R*CPL6IWAQHKLH~AMT*B6*8.42~LQ*HE*N381~CLP*000100027667*1*149*103.53*2*MC*2020015059199~NM1*QC*1*CRAMER*CHELSEA*C***MR*G314138~NM1*82*1*LUCAS*PEGGI*S***XX*1366419582~REF*EA*C20EF532BBC9424FB3D97D0BB09D0984~DTM*232*20200106~DTM*233*20200106~SVC*HC:99214:25*134*95.11**1~DTM*472*20200106~CAS*PR*3*2~CAS*CO*45*36.89~REF*6R*CPLQDCM76QMZ~AMT*B6*97.11~LQ*HE*N381~LQ*HE*N381~SVC*HC:81025*15*8.42**1~DTM*472*20200106~CAS*CO*45*6.58~REF*6R*CPLQWT8K1BYQ~AMT*B6*8.42~LQ*HE*N381~CLP*000100027661*1*134*97.11**MC*2020015059302~NM1*QC*1*CRUZ*MARIAH****MR*U875752~NM1*82*1*HOOSHMAND-PARSI*KAYHOSROW****XX*1447291851~REF*EA*4C8D5DCA2B8742EF9AB7DB0866D8B8AF~DTM*232*20200106~DTM*233*20200106~SVC*HC:99214*134*97.11**1~DTM*472*20200106~CAS*CO*45*36.89~REF*6R*CPLQFJYI0OVQ~AMT*B6*97.11~LQ*HE*N381~CLP*000100025714*1*105*74.23**MC*2020017045826~NM1*QC*1*CRUZ*MARIAH****MR*U875752~NM1*82*1*HOOSHMAND-PARSI*KAYHOSROW****XX*1447291851~REF*EA*42AD68C8561A4B1F97DC6D91A241CC54~DTM*232*20191125~DTM*233*20191125~SVC*HC:99213:25*90*65.81**1~DTM*472*20191125~CAS*CO*45*24.19~REF*6R*CPLABBQ7NK2D~AMT*B6*65.81~LQ*HE*N381~SVC*HC:81025*15*8.42**1~DTM*472*20191125~CAS*CO*45*6.58~REF*6R*CPLAUNM6RDEF~AMT*B6*8.42~LQ*HE*N381~CLP*000100027744*1*215*92.45**MC*2020017046055~NM1*QC*1*CUMMINGS*TASHA****MR*R438911~NM1*82*1*SEARLES*DENISE*A***XX*1396971230~REF*EA*B218121B4EE14DD29EB0B262D6AD4893~DTM*232*20200107~DTM*233*20200107~SVC*HC:99202:25*135*67.13**1~DTM*472*20200107~CAS*CO*45*67.87~REF*6R*CPLAP0X909HV~AMT*B6*67.13~LQ*HE*N381~SVC*HC:H0049*36*10.92**1~DTM*472*20200107~CAS*CO*45*25.08~REF*6R*CPLATZIGWBQW~AMT*B6*10.92~LQ*HE*N381~SVC*HC:G8510*40*11**1~DTM*472*20200107~CAS*CO*45*29~REF*6R*CPLAKXNTPSSL~AMT*B6*11~LQ*HE*N381~SVC*HC:81002*4*3.4**1~DTM*472*20200107~CAS*CO*45*.6~REF*6R*CPLALZ72D2PB~AMT*B6*3.4~LQ*HE*N381~CLP*000100027544*1*134*97.11**MC*2020013056989~NM1*QC*1*DEJOY*ANTHONY****MR*W988017~NM1*82*1*LUCAS*PEGGI*S***XX*1366419582~REF*EA*481BE3066F3449868DB286F9B7FB8618~DTM*232*20200103~DTM*233*20200103~SVC*HC:99214*134*97.11**1~DTM*472*20200103~CAS*CO*45*36.89~REF*6R*CPL6W1037XYR~AMT*B6*97.11~LQ*HE*N381~CLP*000100027405*1*105*74.23**MC*2020013057028~NM1*QC*1*DIAMOND*MICHELLE*R***MR*I424730~NM1*82*1*LUCAS*PEGGI*S***XX*1366419582~REF*EA*E02AE6916F8848B490491520C115F856~DTM*232*20191230~DTM*233*20191230~SVC*HC:99213:25*90*65.81**1~DTM*472*20191230~CAS*CO*45*24.19~REF*6R*CPL6ICGQAVQZ~AMT*B6*65.81~LQ*HE*N381~SVC*HC:81025*15*8.42**1~DTM*472*20191230~CAS*CO*45*6.58~REF*6R*CPL6DZVZ4JX9~AMT*B6*8.42~LQ*HE*N381~CLP*000100027745*1*134*97.11**MC*2020015059598~NM1*QC*1*DIAZ*DOMINIC*M***MR*U857412~NM1*82*1*LUCAS*PEGGI*S***XX*1366419582~REF*EA*0AC6CEF9A21D48D0BFDB27C25CF391A1~DTM*232*20200107~DTM*233*20200107~SVC*HC:99214*134*97.11**1~DTM*472*20200107~CAS*CO*45*36.89~REF*6R*CPLQK6JMCWYC~AMT*B6*97.11~LQ*HE*N381~CLP*000100027660*1*380*238.28**MC*2020015059602~NM1*QC*1*DIAZ*DOMINIC*M***MR*U857412~NM1*82*1*LUCAS*PEGGI*S***XX*1366419582~REF*EA*6C63CCA66EE24F0181FEB4916800D081~DTM*232*20200106~DTM*233*20200106~SVC*HC:99205:25*255*186.33**1~DTM*472*20200106~CAS*CO*45*68.67~REF*6R*CPLQUZF8CAEQ~AMT*B6*186.33~LQ*HE*N381~SVC*HC:99415*45*7.11**1~DTM*472*20200106~CAS*CO*45*37.89~REF*6R*CPLQJUCFDT8K~AMT*B6*7.11~LQ*HE*N381~SVC*HC:H0049*36*10.92**1~DTM*472*20200106~CAS*CO*45*25.08~REF*6R*CPLQ5IQP0XXN~AMT*B6*10.92~LQ*HE*N381~SVC*HC:G8431*40*30.52**1~DTM*472*20200106~CAS*CO*45*9.48~REF*6R*CPLQD6483E17~AMT*B6*30.52~LQ*HE*N381~SVC*HC:81002*4*3.4**1~DTM*472*20200106~CAS*CO*45*.6~REF*6R*CPLQ6Q4REZD8~AMT*B6*3.4~LQ*HE*N381~CLP*000100027509*1*90*63.81*2*MC*2020013056955~NM1*QC*1*DURAN*ALVIN*R***MR*W176209~NM1*82*1*KLAKER*JULIE*M***XX*1215134705~REF*EA*47CB8087BCFB4882A3F3F51BD59DC7B3~DTM*232*20200102~DTM*233*20200102~SVC*HC:99213*90*63.81**1~DTM*472*20200102~CAS*PR*3*2~CAS*CO*45*24.19~REF*6R*CPL6TXB9BKMS~AMT*B6*65.81~LQ*HE*N381~LQ*HE*N381~CLP*000100027876*1*134*95.11*2*MC*2020017046176~NM1*QC*1*DURAN*CLIFFORD*R***MR*P500498~NM1*82*1*LUCAS*PEGGI*S***XX*1366419582~REF*EA*16962633C3764479850A8DBEE29349DC~DTM*232*20200108~DTM*233*20200108~SVC*HC:99214*134*95.11**1~DTM*472*20200108~CAS*PR*3*2~CAS*CO*45*36.89~REF*6R*CPLAMM3I2XQN~AMT*B6*97.11~LQ*HE*N381~LQ*HE*N381~CLP*000100027351*1*2217*1429.48*2*MC*2020013056962~NM1*QC*1*DURAN*MARIO****MR*J219178~NM1*82*1*LUCAS*PEGGI*S***XX*1366419582~REF*EA*124895D9D63645729CD22C826E7CD995~DTM*232*20191230~DTM*233*20191230~SVC*HC:99205:25*255*184.33**1~DTM*472*20191230~CAS*PR*3*2~CAS*CO*45*68.67~REF*6R*CPL6XKAG7EXT~AMT*B6*186.33~LQ*HE*N381~LQ*HE*N381~SVC*HC:99415*45*7.11**1~DTM*472*20191230~CAS*CO*45*37.89~REF*6R*CPL6JZEXVHRY~AMT*B6*7.11~LQ*HE*N381~SVC*HC:96372*32*0**0**1~DTM*472*20191230~CAS*CO*109*32~REF*6R*CPL6AG4TU3VS~LQ*HE*N381~SVC*HC:J2315*1805*1193.2**380~DTM*472*20191230~CAS*CO*45*611.8~REF*6R*CPL6B7LMVFW3~AMT*B6*1193.2~LQ*HE*N381~SVC*HC:H0049*36*10.92**1~DTM*472*20191230~CAS*CO*45*25.08~REF*6R*CPL65VI6FA4Y~AMT*B6*10.92~LQ*HE*N381~SVC*HC:G8431*40*30.52**1~DTM*472*20191230~CAS*CO*45*9.48~REF*6R*CPL64BCJD2ZH~AMT*B6*30.52~LQ*HE*N381~SVC*HC:81002*4*3.4**1~DTM*472*20191230~CAS*CO*45*.6~REF*6R*CPL6YBBDXNHW~AMT*B6*3.4~LQ*HE*N381~CLP*000100027537*1*391*243.3**MC*2020015059439~NM1*QC*1*EARP*SAMANTHA*J***MR*G171512~NM1*82*1*KLAKER*JULIE*M***XX*1215134705~REF*EA*1940A4B744CE4574877CC0DAFE92EE56~DTM*232*20200103~DTM*233*20200103~SVC*HC:99205:25*255*186.33**1~DTM*472*20200103~CAS*CO*45*68.67~REF*6R*CPLQH51QUODB~AMT*B6*186.33~LQ*HE*N381~SVC*HC:99415*45*7.11**1~DTM*472*20200103~CAS*CO*45*37.89~REF*6R*CPLQKHI796C6~AMT*B6*7.11~LQ*HE*N381~SVC*HC:H0049*36*10.92**1~DTM*472*20200103~CAS*CO*45*25.08~REF*6R*CPLQECTFJF7Y~AMT*B6*10.92~LQ*HE*N381~SVC*HC:G8431*40*30.52**1~DTM*472*20200103~CAS*CO*45*9.48~REF*6R*CPLQINTU2YXJ~AMT*B6*30.52~LQ*HE*N381~SVC*HC:81025*15*8.42**1~DTM*472*20200103~CAS*CO*45*6.58~REF*6R*CPLQF88VWYUK~AMT*B6*8.42~LQ*HE*N381~CLP*000100027683*1*149*105.53**MC*2020015059459~NM1*QC*1*EARP*SAMANTHA*J***MR*G171512~NM1*82*1*LUCAS*PEGGI*S***XX*1366419582~REF*EA*CEC26F47CE8349ACA257D45778E59AEB~DTM*232*20200106~DTM*233*20200106~SVC*HC:99214:25*134*97.11**1~DTM*472*20200106~CAS*CO*45*36.89~REF*6R*CPLQJKWDMGDR~AMT*B6*97.11~LQ*HE*N381~SVC*HC:81025*15*8.42**1~DTM*472*20200106~CAS*CO*45*6.58~REF*6R*CPLQC5UYGANX~AMT*B6*8.42~LQ*HE*N381~CLP*000100027499*1*134*97.11**MC*2020013057005~NM1*QC*1*ECHTERMEYER*AMY*M***MR*W318355~NM1*82*1*GRONEMEYER*LEANNE*R***XX*1659521045~REF*EA*2FEF06BC9C9A41E2BF1B590E8439C275~DTM*232*20200102~DTM*233*20200102~SVC*HC:99214*134*97.11**1~DTM*472*20200102~CAS*CO*45*36.89~REF*6R*CPL606IYIIEA~AMT*B6*97.11~LQ*HE*N381~CLP*000100027724*1*149*105.53**MC*2020017045692~NM1*QC*1*EHLERS*DESIREE*F***MR*P131523~NM1*82*1*LUCAS*PEGGI*S***XX*1366419582~REF*EA*A75359CA3CDD46B692F5D86D4A9E8CF6~DTM*232*20200107~DTM*233*20200107~SVC*HC:99214:25*134*97.11**1~DTM*472*20200107~CAS*CO*45*36.89~REF*6R*CPLA7SXY7GSC~AMT*B6*97.11~LQ*HE*N381~SVC*HC:81025*15*8.42**1~DTM*472*20200107~CAS*CO*45*6.58~REF*6R*CPLAIYXHPXKF~AMT*B6*8.42~LQ*HE*N381~CLP*000100027508*1*54*39.39**MC*2020013056984~NM1*QC*1*EURIOSTE*RICHARD****MR*H551756~NM1*82*1*CADDALI*ESTRELLA*A***XX*1164974580~REF*EA*44E4B510204C415A85D11C6DB9869D7E~DTM*232*20200102~DTM*233*20200102~SVC*HC:99212*54*39.39**1~DTM*472*20200102~CAS*CO*45*14.61~REF*6R*CPL6362CO8XG~AMT*B6*39.39~LQ*HE*N381~CLP*000100027128*1*174*130.07**MC*2020013056930~NM1*QC*1*FERNANDEZ*CHARLES****MR*I154949~NM1*82*1*SEARLES*DENISE*A***XX*1396971230~REF*EA*445CF42BA3C24385A1953920856CB02F~DTM*232*20191220~DTM*233*20191220~SVC*HC:99214:25*134*97.11**1~DTM*472*20191220~CAS*CO*45*36.89~REF*6R*CPL63UHG7Y3O~AMT*B6*97.11~LQ*HE*N381~SVC*HC:97602*40*32.96**1~DTM*472*20191220~CAS*CO*45*7.04~REF*6R*CPL6PDELCKLL~AMT*B6*32.96~LQ*HE*N381~CLP*000100027910*1*90*65.81**MC*2020017046111~NM1*QC*1*FERNANDEZ*KATRINA*D***MR*G600177~NM1*82*1*CADDALI*ESTRELLA*A***XX*1164974580~REF*EA*88404BE4F5B745B3BE6C4D182CCB7526~DTM*232*20200109~DTM*233*20200109~SVC*HC:99213*90*65.81**1~DTM*472*20200109~CAS*CO*45*24.19~REF*6R*CPLAEQOP4BVI~AMT*B6*65.81~LQ*HE*N381~CLP*000100027471*1*169*132.11**MC*2020013057033~NM1*QC*1*FERNANDEZ*RICO*J***MR*P485087~NM1*82*1*CADDALI*ESTRELLA*A***XX*1164974580~REF*EA*BD9A8F069CB94DBDB4632E5DC5927972~DTM*232*20200102~DTM*233*20200102~SVC*HC:99214:25*134*97.11**1~DTM*472*20200102~CAS*CO*45*36.89~REF*6R*CPL6HIHLQX60~AMT*B6*97.11~LQ*HE*N381~SVC*HC:69209:50*35*35**1~DTM*472*20200102~REF*6R*CPL6VR5UQEE2~AMT*B6*35~LQ*HE*N381~CLP*000100027746*1*134*95.11*2*MC*2020015059548~NM1*QC*1*FERRIS*DAMIEN*N***MR*P832891~NM1*82*1*LUCAS*PEGGI*S***XX*1366419582~REF*EA*E1C2D0805EFE4FB5BED44D0D0CFAAD23~DTM*232*20200107~DTM*233*20200107~SVC*HC:99214*134*95.11**1~DTM*472*20200107~CAS*PR*3*2~CAS*CO*45*36.89~REF*6R*CPLQT3DY5LS2~AMT*B6*97.11~LQ*HE*N381~LQ*HE*N381~CLP*000100027485*1*149*105.53**MC*2020013056860~NM1*QC*1*FIORINI*CHRISTENA*E***MR*Y109693~NM1*82*1*KLAKER*JULIE*M***XX*1215134705~REF*EA*859F3AE79C634F79AA1986EA30DCA807~DTM*232*20200102~DTM*233*20200102~SVC*HC:99214:25*134*97.11**1~DTM*472*20200102~CAS*CO*45*36.89~REF*6R*CPL64YCXITPF~AMT*B6*97.11~LQ*HE*N381~SVC*HC:81025*15*8.42**1~DTM*472*20200102~CAS*CO*45*6.58~REF*6R*CPL67493TPUY~AMT*B6*8.42~LQ*HE*N381~CLP*000100027913*1*134*97.11**MC*2020017045739~NM1*QC*1*FRASER*WILLIAM****MR*P773944~NM1*82*1*CADDALI*ESTRELLA*A***XX*1164974580~REF*EA*DF2A9268F1584FEA84B9FC4B376AF4B5~DTM*232*20200109~DTM*233*20200109~SVC*HC:99214*134*97.11**1~DTM*472*20200109~CAS*CO*45*36.89~REF*6R*CPLAW0A8YQQN~AMT*B6*97.11~LQ*HE*N381~CLP*000100027463*1*326*198.14**MC*2020013056946~NM1*QC*1*GALLUZZO*KATHERINE*P***MR*C651916~NM1*82*1*KLAKER*JULIE*M***XX*1215134705~REF*EA*2AA5EEF379F54AAB834AB1802C3ED7E5~DTM*232*20200102~DTM*233*20200102~SVC*HC:99204:25*205*149.59**1~DTM*472*20200102~CAS*CO*45*55.41~REF*6R*CPL6Q3V1BPK3~AMT*B6*149.59~LQ*HE*N381~SVC*HC:99415*45*7.11**1~DTM*472*20200102~CAS*CO*45*37.89~REF*6R*CPL6M8ZAYZK5~AMT*B6*7.11~LQ*HE*N381~SVC*HC:H0049*36*10.92**1~DTM*472*20200102~CAS*CO*45*25.08~REF*6R*CPL6RPZZYSC5~AMT*B6*10.92~LQ*HE*N381~SVC*HC:G8431*40*30.52**1~DTM*472*20200102~CAS*CO*45*9.48~REF*6R*CPL6VTCUR6GR~AMT*B6*30.52~LQ*HE*N381~CLP*000100027452*1*65*55.35**MC*2020013056949~NM1*QC*1*GALLUZZO*KATHERINE*P***MR*C651916~NM1*82*1*LEWIS*HOLLY*G***XX*1295234128~REF*EA*995B6138ECD644FE9C94BAD286F38CBE~DTM*232*20200102~DTM*233*20200102~SVC*HC:90832*65*55.35**1~DTM*472*20200102~CAS*CO*45*9.65~REF*6R*CPL6VTXS3FOL~AMT*B6*55.35~LQ*HE*N381~CLP*000100027826*1*90*65.81**MC*2020017046329~NM1*QC*1*GARCIA*DANIEL*R***MR*S702489~NM1*82*1*GRONEMEYER*LEANNE*R***XX*1659521045~REF*EA*DA9A89C33BBD4465A1D22C9034A3F471~DTM*232*20200108~DTM*233*20200108~SVC*HC:99213*90*65.81**1~DTM*472*20200108~CAS*CO*45*24.19~REF*6R*CPLAQA90JRZB~AMT*B6*65.81~LQ*HE*N381~CLP*000100027662*1*90*65.81**MC*2020015059193~NM1*QC*1*GARCIA*MARIO****MR*D425963~NM1*82*1*LUCAS*PEGGI*S***XX*1366419582~REF*EA*1C0EC2136E76459DAC33BB74B5B9A93C~DTM*232*20200106~DTM*233*20200106~SVC*HC:99213*90*65.81**1~DTM*472*20200106~CAS*CO*45*24.19~REF*6R*CPLQ01SS9MDA~AMT*B6*65.81~LQ*HE*N381~CLP*000100027535*1*391*223.78**MC*2020015059465~NM1*QC*1*GONZALES*CRYSTAL*D***MR*M921754~NM1*82*1*SEARLES*DENISE*A***XX*1396971230~REF*EA*5AD355202E8741549616FCBB037F21AC~DTM*232*20200103~DTM*233*20200103~SVC*HC:99205:25*255*186.33**1~DTM*472*20200103~CAS*CO*45*68.67~REF*6R*CPLQJ4QF871K~AMT*B6*186.33~LQ*HE*N381~SVC*HC:99415*45*7.11**1~DTM*472*20200103~CAS*CO*45*37.89~REF*6R*CPLQT6NS92MU~AMT*B6*7.11~LQ*HE*N381~SVC*HC:H0049*36*10.92**1~DTM*472*20200103~CAS*CO*45*25.08~REF*6R*CPLQ7IFKZITC~AMT*B6*10.92~LQ*HE*N381~SVC*HC:G8510*40*11**1~DTM*472*20200103~CAS*CO*45*29~REF*6R*CPLQ9QCA0GIG~AMT*B6*11~LQ*HE*N381~SVC*HC:81025*15*8.42**1~DTM*472*20200103~CAS*CO*45*6.58~REF*6R*CPLQ8CK39XB9~AMT*B6*8.42~LQ*HE*N381~CLP*000100027533*1*165*107.82**MC*2020013056980~NM1*QC*1*GONZALES*JAMIE*S***MR*X142887~NM1*82*1*CADDALI*ESTRELLA*A***XX*1164974580~REF*EA*D8E05D7898444FBD8B90E693A02BD1CD~DTM*232*20200103~DTM*233*20200103~SVC*HC:99395*165*107.82**1~DTM*472*20200103~CAS*CO*45*57.18~REF*6R*CPL64QT3AI4D~AMT*B6*107.82~LQ*HE*N381~CLP*000100027593*1*134*97.11**MC*2020013056956~NM1*QC*1*GONZALES*MARY*L***MR*F639710~NM1*74*1*GONZALEZ~NM1*82*1*LUCAS*PEGGI*S***XX*1366419582~REF*EA*C1F654A3CC394D48A8F023CDD73CFE6F~DTM*232*20200103~DTM*233*20200103~SVC*HC:99214*134*97.11**1~DTM*472*20200103~CAS*CO*45*36.89~REF*6R*CPL6N9HNSDU3~AMT*B6*97.11~LQ*HE*N381~CLP*000100027732*1*90*65.81**MC*2020015059610~NM1*QC*1*GOODWIN*JEREMY*M***MR*O688532~NM1*82*1*ROBERTS*BRAD*A***XX*1538435698~REF*EA*565B8D0C49A64BE7833186BB4D86DA6C~DTM*232*20200107~DTM*233*20200107~SVC*HC:99213*90*65.81**1~DTM*472*20200107~CAS*CO*45*24.19~REF*6R*CPLQD3SQ99BT~AMT*B6*65.81~LQ*HE*N381~CLP*000100027357*1*158*118.61**MC*2020013057016~NM1*QC*1*GUTIERREZ*ELOY****MR*M826573~NM1*82*1*GRONEMEYER*LEANNE*R***XX*1659521045~REF*EA*64451B9335254138B14346248F373682~DTM*232*20191230~DTM*233*20191230~SVC*HC:99214:25*134*97.11**1~DTM*472*20191230~CAS*CO*45*36.89~REF*6R*CPL6V6S1Z8R5~AMT*B6*97.11~LQ*HE*N381~SVC*HC:93000:76*24*21.5**1~DTM*472*20191230~CAS*CO*45*2.5~REF*6R*CPL6OBRPHWRM~AMT*B6*21.5~LQ*HE*N381~CLP*000100027553*1*285*174.91**MC*2020015059160~NM1*QC*1*HARDIE*JONATHAN*D***MR*G661013~NM1*82*1*KLAKER*JULIE*M***XX*1215134705~REF*EA*828D53CF4E964365BA52C0E516FB15D0~DTM*232*20200103~DTM*233*20200103~SVC*HC:99204:25*205*149.59**1~DTM*472*20200103~CAS*CO*45*55.41~REF*6R*CPLQJ9I1AHNF~AMT*B6*149.59~LQ*HE*N381~SVC*HC:H0049*36*10.92**1~DTM*472*20200103~CAS*CO*45*25.08~REF*6R*CPLQ4S4U0GDY~AMT*B6*10.92~LQ*HE*N381~SVC*HC:G8510*40*11**1~DTM*472*20200103~CAS*CO*45*29~REF*6R*CPLQOL7LOG64~AMT*B6*11~LQ*HE*N381~SVC*HC:81002*4*3.4**1~DTM*472*20200103~CAS*CO*45*.6~REF*6R*CPLQJ928IHJG~AMT*B6*3.4~LQ*HE*N381~CLP*000100027575*1*153*108.93**MC*2020015059221~NM1*QC*1*HARRIS*ANGELA****MR*J327161~NM1*82*1*CADDALI*ESTRELLA*A***XX*1164974580~REF*EA*D2709E54AB354AF8808BA3CD52ADA52C~DTM*232*20200103~DTM*233*20200103~SVC*HC:99214:25*134*97.11**1~DTM*472*20200103~CAS*CO*45*36.89~REF*6R*CPLQ9DP2ISJO~AMT*B6*97.11~LQ*HE*N381~SVC*HC:81025*15*8.42**1~DTM*472*20200103~CAS*CO*45*6.58~REF*6R*CPLQXEBC36Z8~AMT*B6*8.42~LQ*HE*N381~SVC*HC:81002*4*3.4**1~DTM*472*20200103~CAS*CO*45*.6~REF*6R*CPLQH6E3IB0J~AMT*B6*3.4~LQ*HE*N381~CLP*000100027658*1*134*97.11**MC*2020015059216~NM1*QC*1*HEREDIA*NEISHA****MR*M350525~NM1*82*1*HOOSHMAND-PARSI*KAYHOSROW****XX*1447291851~REF*EA*8C3324DD2AFD4BFBB8A25BBED0A05BB7~DTM*232*20200106~DTM*233*20200106~SVC*HC:99214*134*97.11**1~DTM*472*20200106~CAS*CO*45*36.89~REF*6R*CPLQ6JWTZIP1~AMT*B6*97.11~LQ*HE*N381~CLP*000100027929*1*134*97.11**MC*2020017046039~NM1*QC*1*HERRERA*JEREMY****MR*E258249~NM1*82*1*SEARLES*DENISE*A***XX*1396971230~REF*EA*4F98B8D106234AD6B4AD4F59C62C666C~DTM*232*20200109~DTM*233*20200109~SVC*HC:99214*134*97.11**1~DTM*472*20200109~CAS*CO*45*36.89~REF*6R*CPLA3RCGG4NB~AMT*B6*97.11~LQ*HE*N381~CLP*000100027315*1*134*97.11**MC*2020013057007~NM1*QC*1*HOWARD*CLAUDIA*M***MR*Y099982~NM1*82*1*SEARLES*DENISE*A***XX*1396971230~REF*EA*6453995D19CF406CB3CE6113DD33DDB7~DTM*232*20191227~DTM*233*20191227~SVC*HC:99214*134*97.11**1~DTM*472*20191227~CAS*CO*45*36.89~REF*6R*CPL6WVCZYHKP~AMT*B6*97.11~LQ*HE*N381~CLP*000100027487*1*105*74.23**MC*2020017046072~NM1*QC*1*HOWARD*CLAUDIA*M***MR*Y099982~NM1*82*1*KLAKER*JULIE*M***XX*1215134705~REF*EA*DB006299ECC94E898A548072E52E2DF0~DTM*232*20200102~DTM*233*20200102~SVC*HC:99213:25*90*65.81**1~DTM*472*20200102~CAS*CO*45*24.19~REF*6R*CPLAJALPIJ75~AMT*B6*65.81~LQ*HE*N381~SVC*HC:81025*15*8.42**1~DTM*472*20200102~CAS*CO*45*6.58~REF*6R*CPLAYJI9ENI3~AMT*B6*8.42~LQ*HE*N381~CLP*000100027578*1*134*97.11**MC*2020013057044~NM1*QC*1*HYNDMAN*DEVIN****MR*L572566~NM1*82*1*SEARLES*DENISE*A***XX*1396971230~REF*EA*C3F7F05FE3CF425FBF015D11BC778306~DTM*232*20200103~DTM*233*20200103~SVC*HC:99214*134*97.11**1~DTM*472*20200103~CAS*CO*45*36.89~REF*6R*CPL6H1L0Q1JC~AMT*B6*97.11~LQ*HE*N381~CLP*000100027230*1*380*186.33**MC*2020013057046~NM1*QC*1*JAQUES*AARON****MR*L567079~NM1*82*1*SEARLES*DENISE*A***XX*1396971230~REF*EA*DEA4F495F6954FE2B33AD46F2F0F2C3D~DTM*232*20191226~DTM*233*20191226~SVC*HC:99205:25*255*186.33**1~DTM*472*20191226~CAS*CO*45*68.67~REF*6R*CPL6VDTVTPJT~AMT*B6*186.33~LQ*HE*N381~SVC*HC:99415*45*0**0**1~DTM*472*20191226~CAS*PI*16*45~REF*6R*CPL61THZLOSY~LQ*HE*N56~LQ*HE*N381~SVC*HC:H0049*36*0**0**1~DTM*472*20191226~CAS*PI*16*36~REF*6R*CPL6HYIWRD29~LQ*HE*N56~LQ*HE*N381~SVC*HC:G8431*40*0**0**1~DTM*472*20191226~CAS*PI*16*40~REF*6R*CPL6YUIASCJV~LQ*HE*N56~LQ*HE*N381~SVC*HC:81002*4*0**0**1~DTM*472*20191226~CAS*PI*16*4~REF*6R*CPL672TOCRKM~LQ*HE*N56~LQ*HE*N381~CLP*000100027447*1*134*97.11**MC*2020013057051~NM1*QC*1*JAQUES*AARON****MR*L567079~NM1*82*1*KLAKER*JULIE*M***XX*1215134705~REF*EA*B33EAC370C9F4628960F9F2CBE139CFF~DTM*232*20200102~DTM*233*20200102~SVC*HC:99214*134*97.11**1~DTM*472*20200102~CAS*CO*45*36.89~REF*6R*CPL6JRJVRV7H~AMT*B6*97.11~LQ*HE*N381~CLP*000100027346*1*2217*1431.48**MC*2020013056950~NM1*QC*1*JIRON*ROMAN****MR*G679343~NM1*82*1*LUCAS*PEGGI*S***XX*1366419582~REF*EA*475BDF7AA27C46E49CE32AE6F1F37E78~DTM*232*20191230~DTM*233*20191230~SVC*HC:99205:25*255*186.33**1~DTM*472*20191230~CAS*CO*45*68.67~REF*6R*CPL6J4M68LL2~AMT*B6*186.33~LQ*HE*N381~SVC*HC:99415*45*7.11**1~DTM*472*20191230~CAS*CO*45*37.89~REF*6R*CPL67FPV70LD~AMT*B6*7.11~LQ*HE*N381~SVC*HC:96372*32*0**0**1~DTM*472*20191230~CAS*CO*109*32~REF*6R*CPL62ZYPJMDG~LQ*HE*N381~SVC*HC:J2315*1805*1193.2**380~DTM*472*20191230~CAS*CO*45*611.8~REF*6R*CPL6GJXTQC5G~AMT*B6*1193.2~LQ*HE*N381~SVC*HC:H0049*36*10.92**1~DTM*472*20191230~CAS*CO*45*25.08~REF*6R*CPL6WOAGV1S7~AMT*B6*10.92~LQ*HE*N381~SVC*HC:G8431*40*30.52**1~DTM*472*20191230~CAS*CO*45*9.48~REF*6R*CPL66PX5YF06~AMT*B6*30.52~LQ*HE*N381~SVC*HC:81002*4*3.4**1~DTM*472*20191230~CAS*CO*45*.6~REF*6R*CPL6GYROHOG9~AMT*B6*3.4~LQ*HE*N381~CLP*000100027704*1*134*95.11*2*MC*2020015059211~NM1*QC*1*JOHNSON*MARK*A***MR*P242576~NM1*82*1*GRONEMEYER*LEANNE*R***XX*1659521045~REF*EA*0A3DC2E6877D455AAA45EE538B292F94~DTM*232*20200106~DTM*233*20200106~SVC*HC:99214*134*95.11**1~DTM*472*20200106~CAS*PR*3*2~CAS*CO*45*36.89~REF*6R*CPLQADE2F45W~AMT*B6*97.11~LQ*HE*N381~LQ*HE*N381~CLP*000100027879*1*134*97.11**MC*2020017046263~NM1*QC*1*JOHNSON*NORA****MR*J694925~NM1*82*1*LUCAS*PEGGI*S***XX*1366419582~REF*EA*1AA2AA627E794FB19F5DCD755319F768~DTM*232*20200108~DTM*233*20200108~SVC*HC:99214*134*97.11**1~DTM*472*20200108~CAS*CO*45*36.89~REF*6R*CPLARGWBBEQ1~AMT*B6*97.11~LQ*HE*N381~CLP*000100027898*1*90*65.81**MC*2020017046294~NM1*QC*1*JOHNSON*NORA****MR*J694925~NM1*82*1*GRONEMEYER*LEANNE*R***XX*1659521045~REF*EA*2FC9E8C726034C5DB8B4DD2A2B83E4E3~DTM*232*20200109~DTM*233*20200109~SVC*HC:99213*90*65.81**1~DTM*472*20200109~CAS*CO*45*24.19~REF*6R*CPLAXGVL8A11~AMT*B6*65.81~LQ*HE*N381~CLP*000100027711*1*134*95.11*2*MC*2020017045684~NM1*QC*1*JUSTIS*JALYN****MR*W031230~NM1*82*1*LUCAS*PEGGI*S***XX*1366419582~REF*EA*E683E6E09CF44939896D6B3ED62DCAE1~DTM*232*20200106~DTM*233*20200106~SVC*HC:99214*134*95.11**1~DTM*472*20200106~CAS*PR*3*2~CAS*CO*45*36.89~REF*6R*CPLAQ9Y2OV8M~AMT*B6*97.11~LQ*HE*N381~LQ*HE*N381~CLP*000100027848*1*134*97.11**MC*2020017046134~NM1*QC*1*KEENEY*AMBER*D***MR*G217802~NM1*82*1*CADDALI*ESTRELLA*A***XX*1164974580~REF*EA*602BCA008E9D4C57BA45C1B0D0767D8A~DTM*232*20200108~DTM*233*20200108~SVC*HC:99214*134*97.11**1~DTM*472*20200108~CAS*CO*45*36.89~REF*6R*CPLAXG8NZKKJ~AMT*B6*97.11~LQ*HE*N381~CLP*000100027494*1*134*95.11*2*MC*2020015059408~NM1*QC*1*KLEPPERICH*MICHAELA****MR*Y719389~NM1*82*1*GRONEMEYER*LEANNE*R***XX*1659521045~REF*EA*8AB2BEFFEF7244348067EBF6F7D410D2~DTM*232*20200102~DTM*233*20200102~SVC*HC:99214*134*95.11**1~DTM*472*20200102~CAS*PR*3*2~CAS*CO*45*36.89~REF*6R*CPLQPVOTNBE3~AMT*B6*97.11~LQ*HE*N381~LQ*HE*N381~CLP*000100027548*1*281*189.03*2*MC*2020015059475~NM1*QC*1*LARKINS*AMANDA****MR*Y703807~NM1*82*1*LUCAS*PEGGI*S***XX*1366419582~REF*EA*2D649FECA9534EEA8E7053C1F3E67D75~DTM*232*20200103~DTM*233*20200103~SVC*HC:99204:25*205*147.59**1~DTM*472*20200103~CAS*PR*3*2~CAS*CO*45*55.41~REF*6R*CPLQASDCR996~AMT*B6*149.59~LQ*HE*N381~LQ*HE*N381~SVC*HC:H0049*36*10.92**1~DTM*472*20200103~CAS*CO*45*25.08~REF*6R*CPLQ9532XANL~AMT*B6*10.92~LQ*HE*N381~SVC*HC:G8431*40*30.52**1~DTM*472*20200103~CAS*CO*45*9.48~REF*6R*CPLQTC5LNSOD~AMT*B6*30.52~LQ*HE*N381~CLP*000100027563*1*65*55.35**MC*2020015059490~NM1*QC*1*LARKINS*AMANDA****MR*Y703807~NM1*82*1*LEWIS*HOLLY*G***XX*1295234128~REF*EA*726D307375CF4FE9A9DF7006EF108DAB~DTM*232*20200103~DTM*233*20200103~SVC*HC:90832*65*55.35**1~DTM*472*20200103~CAS*CO*45*9.65~REF*6R*CPLQZEPLMCMI~AMT*B6*55.35~LQ*HE*N381~CLP*000100027877*1*134*95.11*2*MC*2020017046186~NM1*QC*1*LARKINS*AMANDA****MR*Y703807~NM1*82*1*LUCAS*PEGGI*S***XX*1366419582~REF*EA*2EEB019272A14AD3AD68A9333A0D3236~DTM*232*20200108~DTM*233*20200108~SVC*HC:99214*134*95.11**1~DTM*472*20200108~CAS*PR*3*2~CAS*CO*45*36.89~REF*6R*CPLAVT84EMSW~AMT*B6*97.11~LQ*HE*N381~LQ*HE*N381~CLP*000100027349*1*138*90.61**MC*2020013056926~NM1*QC*1*LERMA*CAREMI****MR*P878927~NM1*82*1*GRONEMEYER*LEANNE*R***XX*1659521045~REF*EA*EB6CA28B677A43FF83EF99FA6C290E3F~DTM*232*20191230~DTM*233*20191230~SVC*HC:99391*138*90.61**1~DTM*472*20191230~CAS*CO*45*47.39~REF*6R*CPL6RDI2X5OV~AMT*B6*90.61~LQ*HE*N381~CLP*000100027922*1*149*105.53**MC*2020017045668~NM1*QC*1*LINDSAY SANDERS*SHABREA*D***MR*Q818873~NM1*74*1*LINDSAYSANDERS~NM1*82*1*SEARLES*DENISE*A***XX*1396971230~REF*EA*60B3BACF7A5B4C4F9A45E3CBC3AD2460~DTM*232*20200109~DTM*233*20200109~SVC*HC:99214:25*134*97.11**1~DTM*472*20200109~CAS*CO*45*36.89~REF*6R*CPLAFRA2OQB1~AMT*B6*97.11~LQ*HE*N381~SVC*HC:81025*15*8.42**1~DTM*472*20200109~CAS*CO*45*6.58~REF*6R*CPLABPFVGU3L~AMT*B6*8.42~LQ*HE*N381~CLP*000100027930*1*134*97.11**MC*2020017045958~NM1*QC*1*LONGORIA*JULIE*A***MR*D395679~NM1*82*1*SEARLES*DENISE*A***XX*1396971230~REF*EA*DF2B1D38E2614DF3AC56CA201ED69E2F~DTM*232*20200109~DTM*233*20200109~SVC*HC:99214*134*97.11**1~DTM*472*20200109~CAS*CO*45*36.89~REF*6R*CPLA1JRDNQD5~AMT*B6*97.11~LQ*HE*N381~CLP*000100027492*1*175*114.94**MC*2020015059529~NM1*QC*1*LOPEZ*ALEX*A***MR*Y991632~NM1*82*1*CADDALI*ESTRELLA*A***XX*1164974580~REF*EA*C7D3CDE753174F4C8C93ECFB22A406E0~DTM*232*20200102~DTM*233*20200102~SVC*HC:99396*175*114.94**1~DTM*472*20200102~CAS*CO*45*60.06~REF*6R*CPLQQGVKSN9B~AMT*B6*114.94~LQ*HE*N381~CLP*000100027627*1*134*97.11**MC*2020015059333~NM1*QC*1*LOPEZ*NICK*A***MR*N301220~NM1*82*1*LUCAS*PEGGI*S***XX*1366419582~REF*EA*5C3722AD1FF2419D8CADF47EB3D3F672~DTM*232*20200106~DTM*233*20200106~SVC*HC:99214*134*97.11**1~DTM*472*20200106~CAS*CO*45*36.89~REF*6R*CPLQPM8CNVJ4~AMT*B6*97.11~LQ*HE*N381~CLP*000100027721*1*134*97.11**MC*2020015059340~NM1*QC*1*LOPEZ*NICK*A***MR*N301220~NM1*82*1*LUCAS*PEGGI*S***XX*1366419582~REF*EA*FCBA1AA7CA7E4F0380C0714F8C738E51~DTM*232*20200107~DTM*233*20200107~SVC*HC:99214*134*97.11**1~DTM*472*20200107~CAS*CO*45*36.89~REF*6R*CPLQNQLN0W3Z~AMT*B6*97.11~LQ*HE*N381~CLP*000100027457*1*90*63.81*2*MC*2020013056969~NM1*QC*1*LOPEZ*SHERRY****MR*L192498~NM1*82*1*CADDALI*ESTRELLA*A***XX*1164974580~REF*EA*B386359A724F4146B1F7B66B0D41AF9B~DTM*232*20200102~DTM*233*20200102~SVC*HC:99213*90*63.81**1~DTM*472*20200102~CAS*PR*3*2~CAS*CO*45*24.19~REF*6R*CPL6WUDYAK9K~AMT*B6*65.81~LQ*HE*N381~LQ*HE*N381~CLP*000100027626*1*134*97.11**MC*2020015059259~NM1*QC*1*LORETO*JOSHUA*R***MR*E192810~NM1*82*1*LUCAS*PEGGI*S***XX*1366419582~REF*EA*F22A7E08FE854D1991DF78053717970F~DTM*232*20200106~DTM*233*20200106~SVC*HC:99214*134*97.11**1~DTM*472*20200106~CAS*CO*45*36.89~REF*6R*CPLQZL0M41OV~AMT*B6*97.11~LQ*HE*N381~CLP*000100027908*1*134*97.11**MC*2020017046164~NM1*QC*1*LOVATO*JOHN****MR*C530359~NM1*82*1*GRONEMEYER*LEANNE*R***XX*1659521045~REF*EA*D96AEE32DE0847B69DDEA6D08727B87A~DTM*232*20200109~DTM*233*20200109~SVC*HC:99214*134*97.11**1~DTM*472*20200109~CAS*CO*45*36.89~REF*6R*CPLAFSK95F9F~AMT*B6*97.11~LQ*HE*N381~CLP*000100027561*1*105*72.23*2*MC*2020015059588~NM1*QC*1*MAGANA*CARLA*R***MR*M671813~NM1*82*1*KLAKER*JULIE*M***XX*1215134705~REF*EA*8D659430720E4C4D97E6FDBE22158BFB~DTM*232*20200103~DTM*233*20200103~SVC*HC:99213:25*90*63.81**1~DTM*472*20200103~CAS*PR*3*2~CAS*CO*45*24.19~REF*6R*CPLQT2SFKSJI~AMT*B6*65.81~LQ*HE*N381~LQ*HE*N381~SVC*HC:81025*15*8.42**1~DTM*472*20200103~CAS*CO*45*6.58~REF*6R*CPLQ4OH4QIJ0~AMT*B6*8.42~LQ*HE*N381~CLP*000100027868*1*65*55.35**MC*2020017045920~NM1*QC*1*MALDONDO*BRENT****MR*I008392~NM1*74*1*MALDONADO**R~NM1*82*1*LEWIS*HOLLY*G***XX*1295234128~REF*EA*35F8EEAFC0CD4EBDB8B6A0407ABC8748~DTM*232*20200108~DTM*233*20200108~SVC*HC:90832*65*55.35**1~DTM*472*20200108~CAS*CO*45*9.65~REF*6R*CPLAM5AO7ZUZ~AMT*B6*55.35~LQ*HE*N381~CLP*000100027443*1*90*63.81*2*MC*2020013057026~NM1*QC*1*MANZANARES*DUANE*E***MR*Q083072~NM1*82*1*KLAKER*JULIE*M***XX*1215134705~REF*EA*B6BC6EAB247D4B0AAE4A3F34A0464901~DTM*232*20200102~DTM*233*20200102~SVC*HC:99213*90*63.81**1~DTM*472*20200102~CAS*PR*3*2~CAS*CO*45*24.19~REF*6R*CPL69C6R7LVJ~AMT*B6*65.81~LQ*HE*N381~LQ*HE*N381~CLP*000100027689*1*149*105.53**MC*2020015059311~NM1*QC*1*MARTIN*SABRINA*L***MR*Y030235~NM1*82*1*HOOSHMAND-PARSI*KAYHOSROW****XX*1447291851~REF*EA*0F547696F41D4D8A903582607317FC80~DTM*232*20200106~DTM*233*20200106~SVC*HC:99214:25*134*97.11**1~DTM*472*20200106~CAS*CO*45*36.89~REF*6R*CPLQDPQZPZ8T~AMT*B6*97.11~LQ*HE*N381~SVC*HC:81025*15*8.42**1~DTM*472*20200106~CAS*CO*45*6.58~REF*6R*CPLQNH3L4ZZB~AMT*B6*8.42~LQ*HE*N381~CLP*000100027736*1*134*97.11**MC*2020015059320~NM1*QC*1*MARTIN*SABRINA*L***MR*Y030235~NM1*82*1*CADDALI*ESTRELLA*A***XX*1164974580~REF*EA*23709D5B7A3A45E3BC014D3C53116BED~DTM*232*20200107~DTM*233*20200107~SVC*HC:99214*134*97.11**1~DTM*472*20200107~CAS*CO*45*36.89~REF*6R*CPLQSGP09IM2~AMT*B6*97.11~LQ*HE*N381~CLP*000100027771*1*90*63.81*2*MC*2020017045752~NM1*QC*1*MARTINEZ*VICTORIA*J***MR*P606270~NM1*82*1*CADDALI*ESTRELLA*A***XX*1164974580~REF*EA*E675C7003FD948CA947F1E72AD2742B1~DTM*232*20200107~DTM*233*20200107~SVC*HC:99213*90*63.81**1~DTM*472*20200107~CAS*PR*3*2~CAS*CO*45*24.19~REF*6R*CPLA90BNJUAW~AMT*B6*65.81~LQ*HE*N381~LQ*HE*N381~CLP*000100027526*1*134*97.11**MC*2020013057037~NM1*QC*1*MCBRIDE*JOHN****MR*M382015~NM1*82*1*LUCAS*PEGGI*S***XX*1366419582~REF*EA*5903A4A978F64E10B2B6DB5B67BA2888~DTM*232*20200103~DTM*233*20200103~SVC*HC:99214*134*97.11**1~DTM*472*20200103~CAS*CO*45*36.89~REF*6R*CPL6PR9CK9Q7~AMT*B6*97.11~LQ*HE*N381~CLP*000100027385*1*1971*1290.31**MC*2020013057039~NM1*QC*1*MCGARVY*CHARLES*E***MR*O963904~NM1*82*1*LUCAS*PEGGI*S***XX*1366419582~REF*EA*9D7D2E38C84A486A92FB9965394B8EF8~DTM*232*20191230~DTM*233*20191230~SVC*HC:99214:25*134*97.11**1~DTM*472*20191230~CAS*CO*45*36.89~REF*6R*CPL68E9SMJB8~AMT*B6*97.11~LQ*HE*N381~SVC*HC:96372*32*0**0**1~DTM*472*20191230~CAS*CO*109*32~REF*6R*CPL6POCWT52D~LQ*HE*N381~SVC*HC:J2315*1805*1193.2**380~DTM*472*20191230~CAS*CO*45*611.8~REF*6R*CPL6C0WRYEE2~AMT*B6*1193.2~LQ*HE*N381~CLP*000100027805*1*90*65.81**MC*2020017046428~NM1*QC*1*MEDINA*DAVID*A***MR*D602793~NM1*82*1*CADDALI*ESTRELLA*A***XX*1164974580~REF*EA*8F136249117B4794A8894063B3280BB3~DTM*232*20200108~DTM*233*20200108~SVC*HC:99213*90*65.81**1~DTM*472*20200108~CAS*CO*45*24.19~REF*6R*CPLA27BQOR6E~AMT*B6*65.81~LQ*HE*N381~CLP*000100027945*1*149*105.53**MC*2020017046451~NM1*QC*1*MEDINA*TAMMY*A***MR*F616296~NM1*82*1*SEARLES*DENISE*A***XX*1396971230~REF*EA*195B665D47654027B5FE0E0347BBE814~DTM*232*20200110~DTM*233*20200110~SVC*HC:99214:25*134*97.11**1~DTM*472*20200110~CAS*CO*45*36.89~REF*6R*CPLA9GNAXCTR~AMT*B6*97.11~LQ*HE*N381~SVC*HC:81025*15*8.42**1~DTM*472*20200110~CAS*CO*45*6.58~REF*6R*CPLA5T4QZDBF~AMT*B6*8.42~LQ*HE*N381~CLP*000100027827*1*134*97.11**MC*2020017046373~NM1*QC*1*MERCADO*ROBERT****MR*D360665~NM1*82*1*HOOSHMAND-PARSI*KAYHOSROW****XX*1447291851~REF*EA*4455F1B4898E4B1697DCC21E46921B46~DTM*232*20200108~DTM*233*20200108~SVC*HC:99214*134*97.11**1~DTM*472*20200108~CAS*CO*45*36.89~REF*6R*CPLADHMA1GPW~AMT*B6*97.11~LQ*HE*N381~CLP*000100027747*1*120*109.71**MC*2020017046378~NM1*QC*1*MERCADO*ROBERT****MR*D360665~NM1*82*1*LEWIS*HOLLY*G***XX*1295234128~REF*EA*1739A707FCAA4251917F64C8E1FFF9EF~DTM*232*20200107~DTM*233*20200107~SVC*HC:90791*120*109.71**1~DTM*472*20200107~CAS*CO*45*10.29~REF*6R*CPLA2FRTME46~AMT*B6*109.71~LQ*HE*N381~CLP*000100027298*1*90*65.81**MC*2020013056915~NM1*QC*1*METOYER*RYAN*Q***MR*G506439~NM1*82*1*CADDALI*ESTRELLA*A***XX*1164974580~REF*EA*58D7FE7CB67A4A79AD513B7A359DC359~DTM*232*20191227~DTM*233*20191227~SVC*HC:99213*90*65.81**1~DTM*472*20191227~CAS*CO*45*24.19~REF*6R*CPL6P30JXAV0~AMT*B6*65.81~LQ*HE*N381~CLP*000100027664*1*148*96.78**MC*2020015059250~NM1*QC*1*METTS*MALCOLM*X***MR*P609645~NM1*82*1*GRONEMEYER*LEANNE*R***XX*1659521045~REF*EA*901D0F74C5A443D69ED3E6ED42B6EBD9~DTM*232*20200106~DTM*233*20200106~SVC*HC:99392*148*96.78**1~DTM*472*20200106~CAS*CO*45*51.22~REF*6R*CPLQTABOD8WW~AMT*B6*96.78~LQ*HE*N381~CLP*000100027522*1*54*37.39*2*MC*2020013057035~NM1*QC*1*MILNE*JAYSON*M***MR*O696036~NM1*82*1*GRONEMEYER*LEANNE*R***XX*1659521045~REF*EA*A7430A2E5B314D8FA3F32D745DD1E33A~DTM*232*20200102~DTM*233*20200102~SVC*HC:99212*54*37.39**1~DTM*472*20200102~CAS*PR*3*2~CAS*CO*45*14.61~REF*6R*CPL66RN8CCOY~AMT*B6*39.39~LQ*HE*N381~LQ*HE*N381~CLP*000100027530*1*149*105.53**MC*2020013056891~NM1*QC*1*MITCHELL*JORDAN*K***MR*P498565~NM1*82*1*KLAKER*JULIE*M***XX*1215134705~REF*EA*FCAF98338AC34CE3A12851B05DB5AB98~DTM*232*20200103~DTM*233*20200103~SVC*HC:99214:25*134*97.11**1~DTM*472*20200103~CAS*CO*45*36.89~REF*6R*CPL6TTPS59BI~AMT*B6*97.11~LQ*HE*N381~SVC*HC:81025*15*8.42**1~DTM*472*20200103~CAS*CO*45*6.58~REF*6R*CPL6IAAUYW5Z~AMT*B6*8.42~LQ*HE*N381~CLP*000100027592*1*90*65.81**MC*2020015059371~NM1*QC*1*MOLZOW*THOMAS*P***MR*O956576~NM1*82*1*SEARLES*DENISE*A***XX*1396971230~REF*EA*76A4E27C56024C128FD8972B3E528BD2~DTM*232*20200103~DTM*233*20200103~SVC*HC:99213*90*65.81**1~DTM*472*20200103~CAS*CO*45*24.19~REF*6R*CPLQHYSGQ8BD~AMT*B6*65.81~LQ*HE*N381~CLP*000100027442*1*105*74.23**MC*2020015059496~NM1*QC*1*MONSON*SAVANNAH*R***MR*U391305~NM1*82*1*GRONEMEYER*LEANNE*R***XX*1659521045~REF*EA*DAF8CF1332534DD2B2E05A577101EF9F~DTM*232*20200102~DTM*233*20200102~SVC*HC:99213:25*90*65.81**1~DTM*472*20200102~CAS*CO*45*24.19~REF*6R*CPLQZCFS82J4~AMT*B6*65.81~LQ*HE*N381~SVC*HC:81025*15*8.42**1~DTM*472*20200102~CAS*CO*45*6.58~REF*6R*CPLQ6J13J0UU~AMT*B6*8.42~LQ*HE*N381~CLP*000100027572*1*1931*1258.61**MC*2020017046358~NM1*QC*1*MORENO*RUBEN****MR*K039021~NM1*82*1*KLAKER*JULIE*M***XX*1215134705~REF*EA*22570EF092DB4F42922FBA279B4EBFCE~DTM*232*20200103~DTM*233*20200103~SVC*HC:99213:25*90*65.81**1~DTM*472*20200103~CAS*CO*45*24.19~REF*6R*CPLA4DET33F0~AMT*B6*65.81~LQ*HE*N381~SVC*HC:96372*32*0**0**1~DTM*472*20200103~CAS*CO*109*32~REF*6R*CPLAI8LVBP57~LQ*HE*N381~SVC*HC:J2315*1805*1189.4**380~DTM*472*20200103~CAS*CO*45*615.6~REF*6R*CPLAS100IHMB~AMT*B6*1189.4~LQ*HE*N381~SVC*HC:81002*4*3.4**1~DTM*472*20200103~CAS*CO*45*.6~REF*6R*CPLAHEN631KQ~AMT*B6*3.4~LQ*HE*N381~CLP*000100027534*1*256*151.91**MC*2020015059178~NM1*QC*1*NEWCOMBE*NOLAN*J***MR*G938738~NM1*82*1*KLAKER*JULIE*M***XX*1215134705~REF*EA*0962363107954090AD815763656C846A~DTM*232*20200103~DTM*233*20200103~SVC*HC:99215:25*180*129.99**1~DTM*472*20200103~CAS*CO*45*50.01~REF*6R*CPLQ2XM1WZ1I~AMT*B6*129.99~LQ*HE*N381~SVC*HC:H0049*36*10.92**1~DTM*472*20200103~CAS*CO*45*25.08~REF*6R*CPLQA1CQNLW0~AMT*B6*10.92~LQ*HE*N381~SVC*HC:G8510*40*11**1~DTM*472*20200103~CAS*CO*45*29~REF*6R*CPLQC0PFFYRL~AMT*B6*11~LQ*HE*N381~CLP*000100027693*1*134*97.11**MC*2020015059190~NM1*QC*1*NEWCOMBE*NOLAN*J***MR*G938738~NM1*82*1*LUCAS*PEGGI*S***XX*1366419582~REF*EA*F7FF4A7BD5EC437A896EDA314C5358F3~DTM*232*20200106~DTM*233*20200106~SVC*HC:99214*134*97.11**1~DTM*472*20200106~CAS*CO*45*36.89~REF*6R*CPLQRKNTT5QV~AMT*B6*97.11~LQ*HE*N381~CLP*000100027819*1*90*65.81**MC*2020017045717~NM1*QC*1*NORTON*TIMOTHY*L***MR*O938357~NM1*82*1*GRONEMEYER*LEANNE*R***XX*1659521045~REF*EA*40BAD43AC65547AE9D7DE06CF746BAC2~DTM*232*20200108~DTM*233*20200108~SVC*HC:99213*90*65.81**1~DTM*472*20200108~CAS*CO*45*24.19~REF*6R*CPLA0S9JMUX3~AMT*B6*65.81~LQ*HE*N381~CLP*000100027477*1*134*97.11**MC*2020013057019~NM1*QC*1*PACHECO*ALAINA****MR*U641428~NM1*82*1*GRONEMEYER*LEANNE*R***XX*1659521045~REF*EA*42332F9947D642298FBFB39326EF1BD2~DTM*232*20200102~DTM*233*20200102~SVC*HC:99214*134*97.11**1~DTM*472*20200102~CAS*CO*45*36.89~REF*6R*CPL6ZFKVTPFL~AMT*B6*97.11~LQ*HE*N381~CLP*000100027519*1*180*129.99**MC*2020013057013~NM1*QC*1*PACHECO*CHRISTOPHER****MR*K453230~NM1*82*1*CADDALI*ESTRELLA*A***XX*1164974580~REF*EA*CF7C50B63FD24A8AA415ECF2A2AA22C1~DTM*232*20200102~DTM*233*20200102~SVC*HC:99215:25*180*129.99**1~DTM*472*20200102~CAS*CO*45*50.01~REF*6R*CPL658UDGIVA~AMT*B6*129.99~LQ*HE*N381~CLP*000100027785*1*90*65.81**MC*2020017045784~NM1*QC*1*PACHECO*JOSEPH*L***MR*P778684~NM1*82*1*SEARLES*DENISE*A***XX*1396971230~REF*EA*80AD0D75BCC64D6CAF40D85D3B02D351~DTM*232*20200107~DTM*233*20200107~SVC*HC:99213*90*65.81**1~DTM*472*20200107~CAS*CO*45*24.19~REF*6R*CPLAM5BPO2CA~AMT*B6*65.81~LQ*HE*N381~CLP*000100027565*1*90*63.81*2*MC*2020013056945~NM1*QC*1*PLY*GARY****MR*P789657~NM1*82*1*CADDALI*ESTRELLA*A***XX*1164974580~REF*EA*06F9B46CF54044588BB6F8778AB80FC6~DTM*232*20200103~DTM*233*20200103~SVC*HC:99213*90*63.81**1~DTM*472*20200103~CAS*PR*3*2~CAS*CO*45*24.19~REF*6R*CPL6JSXFOTT2~AMT*B6*65.81~LQ*HE*N381~LQ*HE*N381~CLP*000100027915*1*134*97.11**MC*2020017046440~NM1*QC*1*QUINTANA*ANDRES****MR*P873770~NM1*82*1*GRONEMEYER*LEANNE*R***XX*1659521045~REF*EA*3B3E2DB9D47C458FB05E55F4E6762891~DTM*232*20200109~DTM*233*20200109~SVC*HC:99214*134*97.11**1~DTM*472*20200109~CAS*CO*45*36.89~REF*6R*CPLAHGE0PYZJ~AMT*B6*97.11~LQ*HE*N381~CLP*000100027927*1*149*105.53**MC*2020017045972~NM1*QC*1*QUINTANA*DANIELLE*A***MR*N559116~NM1*82*1*SEARLES*DENISE*A***XX*1396971230~REF*EA*8963828A26B242ABAE4A038C6F51E651~DTM*232*20200109~DTM*233*20200109~SVC*HC:99214:25*134*97.11**1~DTM*472*20200109~CAS*CO*45*36.89~REF*6R*CPLA1WPA0QVY~AMT*B6*97.11~LQ*HE*N381~SVC*HC:81025*15*8.42**1~DTM*472*20200109~CAS*CO*45*6.58~REF*6R*CPLAOP4I0UC9~AMT*B6*8.42~LQ*HE*N381~CLP*000100027912*1*115*104.26**MC*2020017046004~NM1*QC*1*QUINTANA*DANIELLE*A***MR*N559116~NM1*82*1*LEWIS*HOLLY*G***XX*1295234128~REF*EA*10E08D249F864B21AC58D03D2A521243~DTM*232*20200109~DTM*233*20200109~SVC*HC:90837*115*104.26**1~DTM*472*20200109~CAS*CO*45*10.74~REF*6R*CPLAF7UH1WWA~AMT*B6*104.26~LQ*HE*N381~CLP*000100027451*1*90*65.81**MC*2020013057011~NM1*QC*1*RAMIREZ*JAVIER****MR*F684344~NM1*82*1*KLAKER*JULIE*M***XX*1215134705~REF*EA*B2950EAE77DE475AB25879A62545DBA4~DTM*232*20200102~DTM*233*20200102~SVC*HC:99213*90*65.81**1~DTM*472*20200102~CAS*CO*45*24.19~REF*6R*CPL6ENUEUU2P~AMT*B6*65.81~LQ*HE*N381~CLP*000100027625*1*134*97.11**MC*2020015059384~NM1*QC*1*RAMIREZ*JAVIER****MR*F684344~NM1*82*1*LUCAS*PEGGI*S***XX*1366419582~REF*EA*DF02CD85FAAE4E5394A2EA4806DB7314~DTM*232*20200106~DTM*233*20200106~SVC*HC:99214*134*97.11**1~DTM*472*20200106~CAS*CO*45*36.89~REF*6R*CPLQIKGFVTI5~AMT*B6*97.11~LQ*HE*N381~CLP*000100027685*1*134*97.11**MC*2020017046383~NM1*QC*1*RATHBUN*AARON*W***MR*P304001~NM1*82*1*HOOSHMAND-PARSI*KAYHOSROW****XX*1447291851~REF*EA*261866D8ECDA429FB84A68AC90FDE48F~DTM*232*20200106~DTM*233*20200106~SVC*HC:99214*134*97.11**1~DTM*472*20200106~CAS*CO*45*36.89~REF*6R*CPLAQ8VQ86GW~AMT*B6*97.11~LQ*HE*N381~CLP*000100027588*1*90*65.81**MC*2020013056920~NM1*QC*1*RIESE*TED****MR*O996967~NM1*82*1*SEARLES*DENISE*A***XX*1396971230~REF*EA*E2A10CBEC80548C0B8C6712F4A08B713~DTM*232*20200103~DTM*233*20200103~SVC*HC:99213*90*65.81**1~DTM*472*20200103~CAS*CO*45*24.19~REF*6R*CPL6AJ6TBA1H~AMT*B6*65.81~LQ*HE*N381~CLP*000100027352*1*2153*1380.16**MC*2020015059390~NM1*QC*1*RODRIGUEZ*ADREENA*M***MR*P905929~NM1*82*1*LUCAS*PEGGI*S***XX*1366419582~REF*EA*A70C0DE76CCD4FC288C77D6455D6F49F~DTM*232*20191230~DTM*233*20191230~SVC*HC:99215:25*180*129.99**1~DTM*472*20191230~CAS*CO*45*50.01~REF*6R*CPLQ3UCDU9BI~AMT*B6*129.99~LQ*HE*N381~SVC*HC:99415*45*7.11**1~DTM*472*20191230~CAS*CO*45*37.89~REF*6R*CPLQ0CLKPZAZ~AMT*B6*7.11~LQ*HE*N381~SVC*HC:96372*32*0**0**1~DTM*472*20191230~CAS*CO*109*32~REF*6R*CPLQG09OEJLS~LQ*HE*N381~SVC*HC:J2315*1805*1193.2**380~DTM*472*20191230~CAS*CO*45*611.8~REF*6R*CPLQQS20C0SF~AMT*B6*1193.2~LQ*HE*N381~SVC*HC:H0049*36*10.92**1~DTM*472*20191230~CAS*CO*45*25.08~REF*6R*CPLQ4A0K82YH~AMT*B6*10.92~LQ*HE*N381~SVC*HC:G8431*40*30.52**1~DTM*472*20191230~CAS*CO*45*9.48~REF*6R*CPLQ1ST19CR0~AMT*B6*30.52~LQ*HE*N381~SVC*HC:81025*15*8.42**1~DTM*472*20191230~CAS*CO*45*6.58~REF*6R*CPLQIZRVD0XP~AMT*B6*8.42~LQ*HE*N381~CLP*000100025918*1*115*59.69**MC*2020013056941~NM1*QC*1*ROYBAL*CELESTINA*A***MR*I238627~NM1*82*1*CADDALI*ESTRELLA*A***XX*1164974580~REF*EA*8724E212EA314EA5B70F35C319FCF6D9~DTM*232*20191127~DTM*233*20191127~SVC*HC:12032*115*59.69**1~DTM*472*20191127~CAS*CO*45*55.31~REF*6R*CPL6BFZBPBIE~AMT*B6*59.69~LQ*HE*N381~CLP*000100027304*1*105*74.23**MC*2020013056997~NM1*QC*1*SALAZAR*FELICIA*H***MR*G554326~NM1*82*1*KLAKER*JULIE*M***XX*1215134705~REF*EA*6BAD20F2E3434B9A9BD70498DBD04333~DTM*232*20191227~DTM*233*20191227~SVC*HC:99213:25*90*65.81**1~DTM*472*20191227~CAS*CO*45*24.19~REF*6R*CPL60RJQ1547~AMT*B6*65.81~LQ*HE*N381~SVC*HC:81025*15*8.42**1~DTM*472*20191227~CAS*CO*45*6.58~REF*6R*CPL6EV97XMU9~AMT*B6*8.42~LQ*HE*N381~CLP*000100027554*1*105*74.23**MC*2020015059378~NM1*QC*1*SALAZAR*FELICIA*H***MR*G554326~NM1*82*1*KLAKER*JULIE*M***XX*1215134705~REF*EA*08A3EB0B03814C41932E59E0CCC91E1D~DTM*232*20200103~DTM*233*20200103~SVC*HC:99213:25*90*65.81**1~DTM*472*20200103~CAS*CO*45*24.19~REF*6R*CPLQCT2187NV~AMT*B6*65.81~LQ*HE*N381~SVC*HC:81025*15*8.42**1~DTM*472*20200103~CAS*CO*45*6.58~REF*6R*CPLQRFV8SDWJ~AMT*B6*8.42~LQ*HE*N381~CLP*000100027623*1*134*97.11**MC*2020015059556~NM1*QC*1*SANCHEZ*AMBER****MR*J869881~NM1*82*1*GRONEMEYER*LEANNE*R***XX*1659521045~REF*EA*7E764E60EA2A46E38C3648FF821BE2FF~DTM*232*20200106~DTM*233*20200106~SVC*HC:99214*134*97.11**1~DTM*472*20200106~CAS*CO*45*36.89~REF*6R*CPLQRGWF0XA4~AMT*B6*97.11~LQ*HE*N381~CLP*000100027476*1*134*97.11**MC*2020013056928~NM1*QC*1*SANCHEZ*DANIEL****MR*P420487~NM1*82*1*CADDALI*ESTRELLA*A***XX*1164974580~REF*EA*F3F3112DF7DD4CFBA67ED5E5AEA47B59~DTM*232*20200102~DTM*233*20200102~SVC*HC:99214*134*97.11**1~DTM*472*20200102~CAS*CO*45*36.89~REF*6R*CPL6H6YYYZMF~AMT*B6*97.11~LQ*HE*N381~CLP*000100027919*1*94*69.21**MC*2020017045874~NM1*QC*1*SANCHEZ*MARRISSA*J***MR*U945928~NM1*82*1*CADDALI*ESTRELLA*A***XX*1164974580~REF*EA*3331F12CF92A4AFA83B076A4A551CFD7~DTM*232*20200109~DTM*233*20200109~SVC*HC:99213:25*90*65.81**1~DTM*472*20200109~CAS*CO*45*24.19~REF*6R*CPLAWV312AV7~AMT*B6*65.81~LQ*HE*N381~SVC*HC:81002*4*3.4**1~DTM*472*20200109~CAS*CO*45*.6~REF*6R*CPLAW6QQA7E6~AMT*B6*3.4~LQ*HE*N381~CLP*000100027712*1*80*71.25**MC*2020015059506~NM1*QC*1*SANCHEZ*RANDY****MR*Y196130~NM1*82*1*LEWIS*HOLLY*G***XX*1295234128~REF*EA*B4BD11C180644E34B41CC279C63A5EF3~DTM*232*20200106~DTM*233*20200106~SVC*HC:90834*80*71.25**1~DTM*472*20200106~CAS*CO*45*8.75~REF*6R*CPLQQT3QHULM~AMT*B6*71.25~LQ*HE*N381~CLP*000100027696*1*134*97.11**MC*2020015059513~NM1*QC*1*SANCHEZ*RANDY****MR*Y196130~NM1*82*1*GRONEMEYER*LEANNE*R***XX*1659521045~REF*EA*FB9D8B6993544D3A90F3CCF4EFFD83A7~DTM*232*20200106~DTM*233*20200106~SVC*HC:99214*134*97.11**1~DTM*472*20200106~CAS*CO*45*36.89~REF*6R*CPLQO1ZLNY6M~AMT*B6*97.11~LQ*HE*N381~CLP*000100027302*1*105*74.23**MC*2020013056935~NM1*QC*1*SANCHEZ*YVONNE*A***MR*J289148~NM1*82*1*KLAKER*JULIE*M***XX*1215134705~REF*EA*78355BBADEE4431392C60F24CB248DEF~DTM*232*20191227~DTM*233*20191227~SVC*HC:99213:25*90*65.81**1~DTM*472*20191227~CAS*CO*45*24.19~REF*6R*CPL68JTRYTIJ~AMT*B6*65.81~LQ*HE*N381~SVC*HC:81025*15*8.42**1~DTM*472*20191227~CAS*CO*45*6.58~REF*6R*CPL6DSRW905E~AMT*B6*8.42~LQ*HE*N381~CLP*000100027566*1*105*72.23*2*MC*2020015059232~NM1*QC*1*SANCHEZ*YVONNE*A***MR*J289148~NM1*82*1*KLAKER*JULIE*M***XX*1215134705~REF*EA*3D7A356A4CA5458EB3E20A1FABCCAC9A~DTM*232*20200103~DTM*233*20200103~SVC*HC:99213:25*90*63.81**1~DTM*472*20200103~CAS*PR*3*2~CAS*CO*45*24.19~REF*6R*CPLQ4UHKQ4DB~AMT*B6*65.81~LQ*HE*N381~LQ*HE*N381~SVC*HC:81025*15*8.42**1~DTM*472*20200103~CAS*CO*45*6.58~REF*6R*CPLQZ4YUC8O6~AMT*B6*8.42~LQ*HE*N381~CLP*000100027741*1*134*119.65**MC*2020017046123~NM1*QC*1*SANDOVAL*JULIA****MR*Y177297~NM1*82*1*CADDALI*ESTRELLA*A***XX*1164974580~REF*EA*8E02C1631AD342DB932E17D9C51CBB9F~DTM*232*20200107~DTM*233*20200107~SVC*HC:99214:FP*134*119.65**1~DTM*472*20200107~CAS*CO*45*14.35~REF*6R*CPLAM5XAKC6R~AMT*B6*119.65~LQ*HE*N381~CLP*000100027551*1*134*97.11**MC*2020013056960~NM1*QC*1*SANDOVAL*WAYNE****MR*N882963~NM1*82*1*KLAKER*JULIE*M***XX*1215134705~REF*EA*F138EBDB7A454FB58A150A5DE5D7B5CD~DTM*232*20200103~DTM*233*20200103~SVC*HC:99214*134*97.11**1~DTM*472*20200103~CAS*CO*45*36.89~REF*6R*CPL6G8S75Y0N~AMT*B6*97.11~LQ*HE*N381~CLP*000100027291*1*134*97.11**MC*2020015059283~NM1*QC*1*SANDOVAL*WAYNE****MR*N882963~NM1*82*1*KLAKER*JULIE*M***XX*1215134705~REF*EA*0C6298D6E2834341A8809CC720384CB6~DTM*232*20191227~DTM*233*20191227~SVC*HC:99214*134*97.11**1~DTM*472*20191227~CAS*CO*45*36.89~REF*6R*CPLQ81V4PL95~AMT*B6*97.11~LQ*HE*N381~CLP*000100027668*1*134*95.11*2*MC*2020015059253~NM1*QC*1*SCHUDAR*JOHN*R***MR*Y988342~NM1*82*1*LUCAS*PEGGI*S***XX*1366419582~REF*EA*CF02EAE49AB148F490CE8A83627B12A3~DTM*232*20200106~DTM*233*20200106~SVC*HC:99214*134*95.11**1~DTM*472*20200106~CAS*PR*3*2~CAS*CO*45*36.89~REF*6R*CPLQXAZA821E~AMT*B6*97.11~LQ*HE*N381~LQ*HE*N381~CLP*000100027871*1*65*55.35**MC*2020017046157~NM1*QC*1*SCOTT*BERNADETTE*R***MR*O591335~NM1*82*1*LEWIS*HOLLY*G***XX*1295234128~REF*EA*27B97ED5533449CDB818A651F1C58182~DTM*232*20200108~DTM*233*20200108~SVC*HC:90832*65*55.35**1~DTM*472*20200108~CAS*CO*45*9.65~REF*6R*CPLAADUWTWMK~AMT*B6*55.35~LQ*HE*N381~CLP*000100027768*1*65*55.35**MC*2020017045771~NM1*QC*1*SCOTT*MADDISON*R***MR*O591333~NM1*82*1*LEWIS*HOLLY*G***XX*1295234128~REF*EA*055CDD21C3A941B2B4F8DBFCE7BDE0D7~DTM*232*20200107~DTM*233*20200107~SVC*HC:90832*65*55.35**1~DTM*472*20200107~CAS*CO*45*9.65~REF*6R*CPLA511K3QIJ~AMT*B6*55.35~LQ*HE*N381~CLP*000100027728*1*180*127.99*2*MC*2020015059577~NM1*QC*1*SILVA*JOHN*H***MR*O988730~NM1*82*1*CADDALI*ESTRELLA*A***XX*1164974580~REF*EA*17470D2BAD9E416FB34726AB079BAD2E~DTM*232*20200107~DTM*233*20200107~SVC*HC:99215*180*127.99**1~DTM*472*20200107~CAS*PR*3*2~CAS*CO*45*50.01~REF*6R*CPLQTC8L936D~AMT*B6*129.99~LQ*HE*N381~LQ*HE*N381~CLP*000100027720*1*105*74.23**MC*2020017045793~NM1*QC*1*SOSA*KENDRA*E***MR*R268169~NM1*82*1*ROBERTS*BRAD*A***XX*1538435698~REF*EA*3CBB34D8BB474DE781220E16B2711ED7~DTM*232*20200107~DTM*233*20200107~SVC*HC:99213:25*90*65.81**1~DTM*472*20200107~CAS*CO*45*24.19~REF*6R*CPLACXB54SEF~AMT*B6*65.81~LQ*HE*N381~SVC*HC:81025*15*8.42**1~DTM*472*20200107~CAS*CO*45*6.58~REF*6R*CPLAEIHRBDDD~AMT*B6*8.42~LQ*HE*N381~CLP*000100027702*1*134*97.11**MC*2020015059273~NM1*QC*1*STELLE*NANCY****MR*E258967~NM1*82*1*GRONEMEYER*LEANNE*R***XX*1659521045~REF*EA*733D88604F9B455A9F3F19AE5A17D96B~DTM*232*20200106~DTM*233*20200106~SVC*HC:99214*134*97.11**1~DTM*472*20200106~CAS*CO*45*36.89~REF*6R*CPLQ2F3K37YB~AMT*B6*97.11~LQ*HE*N381~CLP*000100027613*1*149*105.53**MC*2020015059363~NM1*QC*1*TANKSLEY*DAYSHA*A***MR*O203621~NM1*82*1*LUCAS*PEGGI*S***XX*1366419582~REF*EA*89FEDC14EC584509923B5420B7DDC005~DTM*232*20200106~DTM*233*20200106~SVC*HC:99214:25*134*97.11**1~DTM*472*20200106~CAS*CO*45*36.89~REF*6R*CPLQB3JN40RZ~AMT*B6*97.11~LQ*HE*N381~SVC*HC:81025*15*8.42**1~DTM*472*20200106~CAS*CO*45*6.58~REF*6R*CPLQJWRH223L~AMT*B6*8.42~LQ*HE*N381~CLP*000100027850*1*134*97.11**MC*2020017046029~NM1*QC*1*TANKSLEY*DAYSHA*A***MR*O203621~NM1*82*1*LUCAS*PEGGI*S***XX*1366419582~REF*EA*1148DB199A9A4E479DD564578A65BEFF~DTM*232*20200108~DTM*233*20200108~SVC*HC:99214*134*97.11**1~DTM*472*20200108~CAS*CO*45*36.89~REF*6R*CPLAW268MG0N~AMT*B6*97.11~LQ*HE*N381~CLP*000100027725*1*145*97.43**MC*2020015059267~NM1*QC*1*THOMPSON*BRENDA****MR*P195366~NM1*82*1*SEARLES*DENISE*A***XX*1396971230~REF*EA*32E99AE3C99240E5BAF274637C9CF0A1~DTM*232*20200107~DTM*233*20200107~SVC*HC:99203*145*97.43**1~DTM*472*20200107~CAS*CO*45*47.57~REF*6R*CPLQ6SQ1PKLC~AMT*B6*97.43~LQ*HE*N381~CLP*000100027916*1*134*97.11**MC*2020017046391~NM1*QC*1*TOMLINSON*SEAN*B***MR*O382609~NM1*82*1*SEARLES*DENISE*A***XX*1396971230~REF*EA*84F0981762C34C6380A3E8F7A6FA6F13~DTM*232*20200109~DTM*233*20200109~SVC*HC:99214*134*97.11**1~DTM*472*20200109~CAS*CO*45*36.89~REF*6R*CPLA3V61K7PU~AMT*B6*97.11~LQ*HE*N381~CLP*000100027748*1*134*97.11**MC*2020017046416~NM1*QC*1*TORRES*HAVEN*D***MR*L088241~NM1*82*1*CADDALI*ESTRELLA*A***XX*1164974580~REF*EA*0B30E0EAA5C04711A35C4B946E78E808~DTM*232*20200107~DTM*233*20200107~SVC*HC:99214*134*97.11**1~DTM*472*20200107~CAS*CO*45*36.89~REF*6R*CPLATCT5UZ47~AMT*B6*97.11~LQ*HE*N381~CLP*000100027852*1*134*95.11*2*MC*2020017046215~NM1*QC*1*TURNER*DAVID*R***MR*P547112~NM1*82*1*CADDALI*ESTRELLA*A***XX*1164974580~REF*EA*E351A0977F8F4F3BBB377931E7E60D3C~DTM*232*20200108~DTM*233*20200108~SVC*HC:99214*134*95.11**1~DTM*472*20200108~CAS*PR*3*2~CAS*CO*45*36.89~REF*6R*CPLAN1ILM895~AMT*B6*97.11~LQ*HE*N381~LQ*HE*N381~CLP*000100027585*1*134*95.11*2*MC*2020017046229~NM1*QC*1*TURNER*DAVID*R***MR*P547112~NM1*82*1*CADDALI*ESTRELLA*A***XX*1164974580~REF*EA*2F5C50D832764706B3F9095A397B5CDF~DTM*232*20200103~DTM*233*20200103~SVC*HC:99214*134*95.11**1~DTM*472*20200103~CAS*PR*3*2~CAS*CO*45*36.89~REF*6R*CPLAGSNUZ3NQ~AMT*B6*97.11~LQ*HE*N381~LQ*HE*N381~CLP*000100027559*1*134*97.11**MC*2020015059345~NM1*QC*1*ULIBARRI*STEPHANIE*R***MR*W341555~NM1*82*1*KLAKER*JULIE*M***XX*1215134705~REF*EA*97DE7645A3294B1BB3DD6CE1924AE24A~DTM*232*20200103~DTM*233*20200103~SVC*HC:99214*134*97.11**1~DTM*472*20200103~CAS*CO*45*36.89~REF*6R*CPLQ44XX2BNO~AMT*B6*97.11~LQ*HE*N381~CLP*000100027676*1*160*107.01**MC*2020015059567~NM1*QC*1*VIGIL*TANESHA*M***MR*E303136~NM1*82*1*GRONEMEYER*LEANNE*R***XX*1659521045~REF*EA*4DDD0EF57E3A4BD0B781B8FDBCEE7097~DTM*232*20200106~DTM*233*20200106~SVC*HC:99213:25*90*65.81**1~DTM*472*20200106~CAS*CO*45*24.19~REF*6R*CPLQGROVP5FG~AMT*B6*65.81~LQ*HE*N381~SVC*HC:90471*35*19.46**1~DTM*472*20200106~CAS*CO*45*15.54~REF*6R*CPLQLUJD5IRU~AMT*B6*19.46~LQ*HE*N381~SVC*HC:90674*35*21.74**1~DTM*472*20200106~CAS*CO*45*13.26~REF*6R*CPLQR7PGAHYT~AMT*B6*21.74~LQ*HE*N381~CLP*000100027648*1*105*74.23**MC*2020015059416~NM1*QC*1*VILLASENOR*MIQUEILA*C***MR*K174349~NM1*82*1*HOOSHMAND-PARSI*KAYHOSROW****XX*1447291851~REF*EA*16B929340AA6489584524F034AA62067~DTM*232*20200106~DTM*233*20200106~SVC*HC:99213:25*90*65.81**1~DTM*472*20200106~CAS*CO*45*24.19~REF*6R*CPLQ81U0V29A~AMT*B6*65.81~LQ*HE*N381~SVC*HC:81025*15*8.42**1~DTM*472*20200106~CAS*CO*45*6.58~REF*6R*CPLQ64B6PSR0~AMT*B6*8.42~LQ*HE*N381~CLP*000100027569*1*134*97.11**MC*2020013056966~NM1*QC*1*WAL*KORRA*N***MR*P498567~NM1*82*1*SEARLES*DENISE*A***XX*1396971230~REF*EA*F4042304AFD84162B5D60AE281A873E5~DTM*232*20200103~DTM*233*20200103~SVC*HC:99214*134*97.11**1~DTM*472*20200103~CAS*CO*45*36.89~REF*6R*CPL6XRPB72U4~AMT*B6*97.11~LQ*HE*N381~CLP*000100027867*1*90*65.81**MC*2020017045778~NM1*QC*1*WILLIS*KAILEY*D***MR*P650618~NM1*82*1*CADDALI*ESTRELLA*A***XX*1164974580~REF*EA*C2B09AC22CE74E7A94328053D9CCE973~DTM*232*20200108~DTM*233*20200108~SVC*HC:99213*90*65.81**1~DTM*472*20200108~CAS*CO*45*24.19~REF*6R*CPLAKW39MD2J~AMT*B6*65.81~LQ*HE*N381~CLP*000100027722*1*149*105.53**MC*2020017046239~NM1*QC*1*WINEGARD*ERIN*E***MR*U514872~NM1*82*1*LUCAS*PEGGI*S***XX*1366419582~REF*EA*3FE9E7EAD33A45B0A7C9CC5214272B0E~DTM*232*20200107~DTM*233*20200107~SVC*HC:99214:25*134*97.11**1~DTM*472*20200107~CAS*CO*45*36.89~REF*6R*CPLAN9A0UGR6~AMT*B6*97.11~LQ*HE*N381~SVC*HC:81025*15*8.42**1~DTM*472*20200107~CAS*CO*45*6.58~REF*6R*CPLAK2TR7AKV~AMT*B6*8.42~LQ*HE*N381~CLP*000100027782*1*134*97.11**MC*2020017046340~NM1*QC*1*WYATT*NADINE*D***MR*O816818~NM1*82*1*CADDALI*ESTRELLA*A***XX*1164974580~REF*EA*CA65CC663708482FB5734B8F0BA79E5D~DTM*232*20200107~DTM*233*20200107~SVC*HC:99214*134*97.11**1~DTM*472*20200107~CAS*CO*45*36.89~REF*6R*CPLA6WLYC4ZN~AMT*B6*97.11~LQ*HE*N381~CLP*000100027657*1*149*103.53*2*MC*2020015059580~NM1*QC*1*WYATT*SERENITY*L***MR*P779049~NM1*82*1*LUCAS*PEGGI*S***XX*1366419582~REF*EA*2759A81995DD4E8DB4E5A912BED08BE3~DTM*232*20200106~DTM*233*20200106~SVC*HC:99214:25*134*95.11**1~DTM*472*20200106~CAS*PR*3*2~CAS*CO*45*36.89~REF*6R*CPLQYYRR93I1~AMT*B6*97.11~LQ*HE*N381~LQ*HE*N381~SVC*HC:81025*15*8.42**1~DTM*472*20200106~CAS*CO*45*6.58~REF*6R*CPLQ2KYO9TV7~AMT*B6*8.42~LQ*HE*N381~CLP*000100027941*4*54*0**MC*2020017045716~NM1*QC*1*JACKSON*TIMEKU****MR*M493473~NM1*82*1*CADDALI*ESTRELLA*A***XX*1164974580~REF*EA*1355AB0B93CB4338AFBEBA49EF629911~DTM*232*20200110~DTM*233*20200110~SVC*HC:99212*54*0**0**1~DTM*472*20200110~CAS*PI*16*54~REF*6R*CPLALZDHR2RS~LQ*HE*N554~CLP*000100027905*4*134*0**MC*2020017045731~NM1*QC*1*LOVE*DORIS*J***MR*D733937~NM1*82*1*GRONEMEYER*LEANNE*R***XX*1659521045~REF*EA*78B30829189243FB9996876669D177FE~DTM*232*20200109~DTM*233*20200109~SVC*HC:99214*134*0**0**1~DTM*472*20200109~CAS*PI*96*134~REF*6R*CPLAZD0YM5DD~LQ*HE*N30~LQ*HE*MA92~CLP*000100027488*4*90*0**MC*2020013056907~NM1*QC*1*SHIELDS*MCKAYLA****MR*Y923577~NM1*82*1*CADDALI*ESTRELLA*A***XX*1164974580~REF*EA*B14914E8382843638090063F2BDFE6FD~DTM*232*20200102~DTM*233*20200102~DTM*036*20191231~SVC*HC:99213*90*0**0**1~DTM*472*20200102~CAS*CO*26*90~REF*6R*CPL64V7IZ421~LQ*HE*N30~CLP*000100026511*22*-321*-247.5**MC*2019354050114~NM1*QC*1*FERNANDEZ*CHARLES****MR*I154949~NM1*82*1*SEARLES*DENISE*A***XX*1396971230~REF*EA*FF06B952DF2B47CBAD6517C54C2AC897~DTM*232*20191210~DTM*233*20191210~SVC*HC:99204:FP*-205*-184.02**1~DTM*472*20191210~CAS*CO*45*-20.98~REF*6R*CPOT1FLKB9NA~AMT*B6*184.02~LQ*HE*N381~SVC*HC:97602*-40*-32.96**1~DTM*472*20191210~CAS*CO*45*-7.04~REF*6R*CPOT41PRSUGY~AMT*B6*32.96~LQ*HE*N381~SVC*HC:H0049*-36*0**0**1~DTM*472*20191210~CAS*PI*97*-36~REF*6R*CPOTZ8P8F2ZZ~LQ*HE*N20~LQ*HE*N381~SVC*HC:G8431*-40*-30.52**1~DTM*472*20191210~CAS*CO*45*-9.48~REF*6R*CPOT42WZ2ISD~AMT*B6*30.52~LQ*HE*N381~CLP*000100026511*1*321*223.99**MC*5920013005524~NM1*QC*1*FERNANDEZ*CHARLES****MR*I154949~DTM*232*20191210~DTM*233*20191210~SVC*HC:99204:25*205*149.59**1~DTM*472*20191210~CAS*CO*45*55.41~REF*HPI*1396971230~AMT*B6*149.59~LQ*HE*N381~SVC*HC:97602*40*32.96**1~DTM*472*20191210~CAS*CO*45*7.04~REF*HPI*1396971230~AMT*B6*32.96~LQ*HE*N381~SVC*HC:H0049*36*10.92**1~DTM*472*20191210~CAS*CO*45*25.08~REF*HPI*1396971230~AMT*B6*10.92~LQ*HE*N381~SVC*HC:G8431*40*30.52**1~DTM*472*20191210~CAS*CO*45*9.48~REF*HPI*1396971230~AMT*B6*30.52~LQ*HE*N381~PLB*1508250911*20201231*CS:0000373048282*-247.5*CS:0000373048282*247.5~SE*2754*000010013~GE*1*300011797~IEA*1*300011797~