ISA*00*          *00*          *ZZ*COMEDASSISTPROG*ZZ*6769489        *200518*0229*^*00501*300024503*0*P*:~GS*HP*COMEDASSISTPROG*6769489*20200518*022914*300024503*X*005010X221A1~ST*835*000010012~BPR*I*18027.31*C*ACH*CCP*01*075911603*DA*00000004556640373*1811725341**01*102106569*DA*2200002989138*20200518~TRN*1*000978756*1811725341~REF*EV*1508250911~DTM*405*20200515~N1*PR*CO_TXIX*XV*7912900843~N3*P.O. BOX 30~N4*DENVER*CO*80201~PER*CX*MEDICAID PROVIDER SERVICES*TE*8442352387~PER*BL*MEDICAID PROVIDER SERVICES*TE*8442352387~N1*PE*HEALTH SOLUTIONS MED CENTER*XX*1508250911~REF*TJ*841158933~LX*1~CLP*000100022620*2*134*18.93**MC*2020134002436~NM1*QC*1*BACA*FLORA*J***MR*N338297~NM1*82*1*GRONEMEYER*LEANNE*R***XX*1659521045~REF*EA*63A4D5BE3AEC4526B172AC6949099634~DTM*232*20190923~DTM*233*20190923~SVC*HC:99214*134*18.93**1~DTM*472*20190923~CAS*CO*45*115.07~REF*6R*CPGYGJWP5J3H~AMT*B6*18.93~LQ*HE*N381~LQ*HE*N381~CLP*000100032963*2*22*2.28**MC*2020133001061~NM1*QC*1*DIAZ*CARL*J***MR*I533514~NM1*82*1*CADDALI*ESTRELLA*A***XX*1164974580~REF*EA*220C1A9F1CBD4BE9961CF53BAE0013BF~DTM*232*20200408~DTM*233*20200408~SVC*HC:G2012*22*2.28**1~DTM*472*20200408~CAS*OA*P22*19.72~REF*6R*CPGM5N9HWH1A~AMT*B6*2.28~LQ*HE*MA125~LQ*HE*MA125~CLP*000100031656*2*280.47*25.29**MC*2020133001066~NM1*QC*1*NIOUS*LATEEFAH*S***MR*J459949~NM1*82*1*SEARLES*DENISE*A***XX*1396971230~REF*EA*C57E65EE84564C7B8CC56158787D4803~DTM*232*20200317~DTM*233*20200317~SVC*HC:99214:25*134*19**1~DTM*472*20200317~CAS*CO*45*115~REF*6R*CPGM33CKRJZ3~AMT*B6*19~LQ*HE*N381~LQ*HE*N381~SVC*HC:G0444*30.75*0**1~DTM*472*20200317~CAS*CO*45*30.75~REF*6R*CPGM1E1PCPIG~SVC*HC:G0396*107.06*6.29**1~DTM*472*20200317~CAS*OA*P22*100.77~REF*6R*CPGMJVJGWXLZ~AMT*B6*6.29~LQ*HE*MA125~LQ*HE*MA125~SVC*HC:86580*8.66*0**1~DTM*472*20200317~CAS*CO*45*1.99~CAS*OA*23*6.67~REF*6R*CPGMT553UL8H~LQ*HE*N381~LQ*HE*N381~CLP*000100032542*2*178.3*8.93**MC*2020134002437~NM1*QC*1*NIOUS*LATEEFAH*S***MR*J459949~NM1*82*1*GRONEMEYER*LEANNE*R***XX*1659521045~REF*EA*0FDD656BD5A74926A2C7CAB6BAB162DE~DTM*232*20200401~DTM*233*20200401~SVC*HC:99213:25*178.3*8.93**1~DTM*472*20200401~CAS*CO*45*169.37~REF*6R*CPGY1YW7DI3X~AMT*B6*8.93~LQ*HE*N381~LQ*HE*N381~CLP*000100032929*2*22*2.28**MC*2020134002441~NM1*QC*1*NIOUS*LATEEFAH*S***MR*J459949~NM1*82*1*CADDALI*ESTRELLA*A***XX*1164974580~REF*EA*410B5BAEC8AE45C8A44A7BD8656878F4~DTM*232*20200408~DTM*233*20200408~SVC*HC:G2012*22*2.28**1~DTM*472*20200408~CAS*OA*P22*19.72~REF*6R*CPGYMQS6JM35~AMT*B6*2.28~LQ*HE*MA125~LQ*HE*MA125~CLP*000100032136*2*22*2.28**MC*2020134002442~NM1*QC*1*NIOUS*LATEEFAH*S***MR*J459949~NM1*82*1*GRONEMEYER*LEANNE*R***XX*1659521045~REF*EA*713C21475C96493F914EFADEB094728A~DTM*232*20200325~DTM*233*20200325~SVC*HC:G2012*22*2.28**1~DTM*472*20200325~CAS*OA*P22*19.72~REF*6R*CPGYGFNIO8D2~AMT*B6*2.28~LQ*HE*MA125~LQ*HE*MA125~CLP*000100032970*2*22*2.28**MC*2020133001058~NM1*QC*1*PLEASANTS*DAVID*E***MR*O659677~NM1*82*1*SEARLES*DENISE*A***XX*1396971230~REF*EA*02F1EEA4854F4EE4A603FB57CEB78744~DTM*232*20200408~DTM*233*20200408~SVC*HC:G2012*22*2.28**1~DTM*472*20200408~CAS*OA*P22*19.72~REF*6R*CPGM6DRJIHJF~AMT*B6*2.28~LQ*HE*MA125~CLP*000100032618*2*22*2.28**MC*2020134002434~NM1*QC*1*SWETKY*VICTOR****MR*N729768~NM1*82*1*GRONEMEYER*LEANNE*R***XX*1659521045~REF*EA*4480FF3B074C4ECD9E84C9140183D286~DTM*232*20200402~DTM*233*20200402~SVC*HC:G2012*22*2.28**1~DTM*472*20200402~CAS*OA*P22*19.72~REF*6R*CPGYPSLR5Q13~AMT*B6*2.28~LQ*HE*MA125~LQ*HE*MA125~CLP*000100034069*1*178.3*65.81**MC*2020136046791~NM1*QC*1*ADAMS*CHRISTOPHER****MR*Y546450~NM1*82*1*SEARLES*DENISE*A***XX*1396971230~REF*EA*7F9DC686681B42AB92CDC0439875C64F~DTM*232*20200430~DTM*233*20200430~SVC*HC:99213*178.3*65.81**1~DTM*472*20200430~CAS*CO*45*112.49~REF*6R*CPPQ1BY3F6IZ~AMT*B6*65.81~LQ*HE*N381~CLP*000100034618*1*178.3*65.81**MC*2020136046910~NM1*QC*1*AMES*STACY*L***MR*K978061~NM1*82*1*CADDALI*ESTRELLA*A***XX*1164974580~REF*EA*0D9C3AAF2F7F4290B9B3AE1D8A1711F2~DTM*232*20200512~DTM*233*20200512~SVC*HC:99213*178.3*65.81**1~DTM*472*20200512~CAS*CO*45*112.49~REF*6R*CPPQGFZ7GZX9~AMT*B6*65.81~LQ*HE*N381~CLP*000100034002*1*54.67*21.5**MC*2020136046907~NM1*QC*1*AMORIN*KALIZMA****MR*P525380~NM1*82*1*CADDALI*ESTRELLA*A***XX*1164974580~REF*EA*1083292BB6D54B3892C29AECDB84A175~DTM*232*20200429~DTM*233*20200429~SVC*HC:93000*54.67*21.5**1~DTM*472*20200429~CAS*CO*45*33.17~REF*6R*CPPQDILTNO3I~AMT*B6*21.5~LQ*HE*N381~CLP*000100033904*1*272.99*97.11**MC*2020136046731~NM1*QC*1*ANDERSON*JACQULINE*M***MR*G934658~NM1*82*1*SEARLES*DENISE*A***XX*1396971230~REF*EA*36F29AED63A04576B1DBF44240BD4219~DTM*232*20200428~DTM*233*20200428~SVC*HC:99214*272.99*97.11**1~DTM*472*20200428~CAS*CO*45*175.88~REF*6R*CPPQMDXP193T~AMT*B6*97.11~LQ*HE*N381~CLP*000100034466*1*1888.99*1254**MC*2020136046874~NM1*QC*1*BACA*DONOVAN*D***MR*U406657~NM1*82*1*SEARLES*DENISE*A***XX*1396971230~REF*EA*38130F4C8D8E4822885C85273CB1D299~DTM*232*20200508~DTM*233*20200508~SVC*HC:96372*83.99*0**0**1~DTM*472*20200508~CAS*CO*109*83.99~REF*6R*CPPQR9ZM9X6Z~LQ*HE*N381~SVC*HC:J2315*1805*1254**380~DTM*472*20200508~CAS*CO*45*551~REF*6R*CPPQ325MHUH6~AMT*B6*1254~LQ*HE*N381~CLP*000100034466*1*218.3*76.81**MC*2020136046875~NM1*QC*1*BACA*DONOVAN*D***MR*U406657~NM1*82*1*SEARLES*DENISE*A***XX*1396971230~REF*EA*26D1707F062F4983A34711DA31646B12~DTM*232*20200508~DTM*233*20200508~SVC*HC:99213:25*178.3*65.81**1~DTM*472*20200508~CAS*CO*45*112.49~REF*6R*CPPQK4LBKHKY~AMT*B6*65.81~LQ*HE*N381~SVC*HC:G8510*40*11**1~DTM*472*20200508~CAS*CO*45*29~REF*6R*CPPQ4XNATSRX~AMT*B6*11~LQ*HE*N381~CLP*000100034066*1*178.3*65.81**MC*2020136046781~NM1*QC*1*BOULIER*JEWEL*R***MR*W913486~NM1*82*1*SEARLES*DENISE*A***XX*1396971230~REF*EA*8FED7C1DA9834E08A2E72646CD68B0D2~DTM*232*20200430~DTM*233*20200430~SVC*HC:99213:25*178.3*65.81**1~DTM*472*20200430~CAS*CO*45*112.49~REF*6R*CPPQCZ3ZZQAF~AMT*B6*65.81~LQ*HE*N381~CLP*000100034066*1*15*8.42**MC*2020136046787~NM1*QC*1*BOULIER*JEWEL*R***MR*W913486~NM1*82*1*SEARLES*DENISE*A***XX*1396971230~REF*EA*957534DFF6B5460C80E2C96520041FDF~DTM*232*20200430~DTM*233*20200430~SVC*HC:81025*15*8.42**1~DTM*472*20200430~CAS*CO*45*6.58~REF*6R*CPPQM8LUSQI2~AMT*B6*8.42~LQ*HE*N381~CLP*000100033075*1*4*3.4**MC*2020136046869~NM1*QC*1*CALDERON*DAVINA*R***MR*J450070~NM1*82*1*SEARLES*DENISE*A***XX*1396971230~REF*EA*8BED534B4B2B4F1D90BA1FEA1153DEA1~DTM*232*20200410~DTM*233*20200410~SVC*HC:81002*4*3.4**1~DTM*472*20200410~CAS*CO*45*.6~REF*6R*CPPQO5M2SRXA~AMT*B6*3.4~LQ*HE*N381~CLP*000100033075*1*88.54*39.39**MC*2020136046871~NM1*QC*1*CALDERON*DAVINA*R***MR*J450070~NM1*82*1*SEARLES*DENISE*A***XX*1396971230~REF*EA*2D20DE30FD7146EA9B7378329387A24F~DTM*232*20200410~DTM*233*20200410~SVC*HC:99212:25*88.54*39.39**1~DTM*472*20200410~CAS*CO*45*49.15~REF*6R*CPPQVH20K6YQ~AMT*B6*39.39~LQ*HE*N381~CLP*000100034472*1*15*8.42**MC*2020136046863~NM1*QC*1*CARBAJAL*MELISSA****MR*A287390~NM1*82*1*SEARLES*DENISE*A***XX*1396971230~REF*EA*E749F3B045AD4440B6AC4E7B1379F445~DTM*232*20200508~DTM*233*20200508~SVC*HC:81025*15*8.42**1~DTM*472*20200508~CAS*CO*45*6.58~REF*6R*CPPQO6PJXSIA~AMT*B6*8.42~LQ*HE*N381~CLP*000100034472*1*178.3*65.81**MC*2020136046865~NM1*QC*1*CARBAJAL*MELISSA****MR*A287390~NM1*82*1*SEARLES*DENISE*A***XX*1396971230~REF*EA*C65CBDB1E2184A82A4E129D568985B1E~DTM*232*20200508~DTM*233*20200508~SVC*HC:99213:25*178.3*65.81**1~DTM*472*20200508~CAS*CO*45*112.49~REF*6R*CPPQH426K9AI~AMT*B6*65.81~LQ*HE*N381~CLP*000100034411*1*178.3*65.81**MC*2020136046866~NM1*QC*1*CARBAJAL*MELISSA****MR*A287390~NM1*82*1*CADDALI*ESTRELLA*A***XX*1164974580~REF*EA*12E75CCE0ABC460E8368F1D1BDEF06EF~DTM*232*20200507~DTM*233*20200507~SVC*HC:99213*178.3*65.81**1~DTM*472*20200507~CAS*CO*45*112.49~REF*6R*CPPQWE2NWMV8~AMT*B6*65.81~LQ*HE*N381~CLP*000100033945*1*178.3*65.81**MC*2020136046772~NM1*QC*1*CARDINAL*CRISTINA*R***MR*N436588~NM1*82*1*SEARLES*DENISE*A***XX*1396971230~REF*EA*28A35B408E574BEAA82C7CB67FCAADEC~DTM*232*20200428~DTM*233*20200428~SVC*HC:99213*178.3*65.81**1~DTM*472*20200428~CAS*CO*45*112.49~REF*6R*CPPQOUA9T0GK~AMT*B6*65.81~LQ*HE*N381~CLP*000100033713*1*178.3*65.81**MC*2020136046872~NM1*QC*1*CARRILLO*JOHN*P***MR*Q013327~NM1*82*1*SEARLES*DENISE*A***XX*1396971230~REF*EA*0AD755F9872240DAB940E4DE451000E3~DTM*232*20200423~DTM*233*20200423~SVC*HC:99213*178.3*65.81**1~DTM*472*20200423~CAS*CO*45*112.49~REF*6R*CPPQ02NBJMPV~AMT*B6*65.81~LQ*HE*N381~CLP*000100034491*1*88.54*39.39**MC*2020136046856~NM1*QC*1*CASADOS*ADAM*N***MR*P210395~NM1*82*1*SEARLES*DENISE*A***XX*1396971230~REF*EA*3F1A34BE922A434B9C446A9331B3D5F7~DTM*232*20200508~DTM*233*20200508~SVC*HC:99212*88.54*39.39**1~DTM*472*20200508~CAS*CO*45*49.15~REF*6R*CPPQ16APUDL6~AMT*B6*39.39~LQ*HE*N381~CLP*000100033657*1*178.3*65.81**MC*2020136046857~NM1*QC*1*CASADOS*ADAM*N***MR*P210395~NM1*82*1*SEARLES*DENISE*A***XX*1396971230~REF*EA*9D31167CA0E0409A902464FCAE2D1837~DTM*232*20200423~DTM*233*20200423~SVC*HC:99213*178.3*65.81**1~DTM*472*20200423~CAS*CO*45*112.49~REF*6R*CPPQNEGNVDR5~AMT*B6*65.81~LQ*HE*N381~CLP*000100034251*1*619.02*89.05**MC*2020136046829~NM1*QC*1*CHACON*ALISSA****MR*P951315~NM1*82*1*SEARLES*DENISE*A***XX*1396971230~REF*EA*A67294FDAE704D1BA43B4F77840265FC~DTM*232*20200505~DTM*233*20200505~SVC*HC:99202:25*175.85*67.13**1~DTM*472*20200505~CAS*CO*45*108.72~REF*6R*CPPQL8YZECYH~AMT*B6*67.13~LQ*HE*N381~SVC*HC:H0049*403.17*10.92**1~DTM*472*20200505~CAS*CO*45*392.25~REF*6R*CPPQDHRB8OYA~AMT*B6*10.92~LQ*HE*N381~SVC*HC:G8510*40*11**1~DTM*472*20200505~CAS*CO*45*29~REF*6R*CPPQCGD0HZCC~AMT*B6*11~LQ*HE*N381~CLP*000100034068*1*178.3*63.81*2*MC*2020136046743~NM1*QC*1*CHAZAN*MARY*L***MR*O800446~NM1*82*1*CADDALI*ESTRELLA*A***XX*1164974580~REF*EA*51F325F6BA474C95AB7291AE8A59C133~DTM*232*20200430~DTM*233*20200430~SVC*HC:99213*178.3*63.81**1~DTM*472*20200430~CAS*PR*3*2~CAS*CO*45*112.49~REF*6R*CPPQRR52VGIV~AMT*B6*65.81~LQ*HE*N381~LQ*HE*N381~CLP*000100034232*1*178.3*65.81**MC*2020136046897~NM1*QC*1*COLEBURN*JENNIFER*M***MR*P379930~NM1*82*1*CADDALI*ESTRELLA*A***XX*1164974580~REF*EA*D2BA107FE2B0469996CBD086DE52F205~DTM*232*20200505~DTM*233*20200505~SVC*HC:99213*178.3*65.81**1~DTM*472*20200505~CAS*CO*45*112.49~REF*6R*CPPQ8R846QMO~AMT*B6*65.81~LQ*HE*N381~CLP*000100034256*1*272.99*97.11**MC*2020136046822~NM1*QC*1*DEJOY*ANTHONY****MR*W988017~NM1*82*1*CADDALI*ESTRELLA*A***XX*1164974580~REF*EA*589DBACDBA3C4D86826D258BCE0DFE61~DTM*232*20200505~DTM*233*20200505~SVC*HC:99214*272.99*97.11**1~DTM*472*20200505~CAS*CO*45*175.88~REF*6R*CPPQVJYFXFP4~AMT*B6*97.11~LQ*HE*N381~CLP*000100034215*1*178.3*65.81**MC*2020136046759~NM1*QC*1*DIMENT*LINDA****MR*D564001~NM1*82*1*CADDALI*ESTRELLA*A***XX*1164974580~REF*EA*27C0F9A550F449F89531CF90B0BF9A85~DTM*232*20200505~DTM*233*20200505~SVC*HC:99213*178.3*65.81**1~DTM*472*20200505~CAS*CO*45*112.49~REF*6R*CPPQKDYAPLTZ~AMT*B6*65.81~LQ*HE*N381~CLP*000100034224*1*175.85*65.13*2*MC*2020136046832~NM1*QC*1*DONOHEW*DEBORA*J***MR*O638224~NM1*82*1*SEARLES*DENISE*A***XX*1396971230~REF*EA*FE936CE345644206A9A9DD2B63396C7A~DTM*232*20200505~DTM*233*20200505~SVC*HC:99202*175.85*65.13**1~DTM*472*20200505~CAS*PR*3*2~CAS*CO*45*108.72~REF*6R*CPPQQOBNI21F~AMT*B6*67.13~LQ*HE*N381~LQ*HE*N381~CLP*000100034222*1*175.85*65.13*2*MC*2020136046849~NM1*QC*1*DONOHEW*JAMES*W***MR*O638223~NM1*82*1*SEARLES*DENISE*A***XX*1396971230~REF*EA*4381CE89966B4CDBA55C3F28FC3AE547~DTM*232*20200505~DTM*233*20200505~SVC*HC:99202*175.85*65.13**1~DTM*472*20200505~CAS*PR*3*2~CAS*CO*45*108.72~REF*6R*CPPQKG0V5R7S~AMT*B6*67.13~LQ*HE*N381~LQ*HE*N381~CLP*000100034465*1*217.66*55.35**MC*2020136046681~NM1*QC*1*EARP*SAMANTHA*J***MR*G171512~NM1*82*1*LEWIS*HOLLY*G***XX*1295234128~REF*EA*55D003FE56164654B3306AE6902BDAF6~DTM*232*20200508~DTM*233*20200508~SVC*HC:90832*217.66*55.35**1~DTM*472*20200508~CAS*CO*45*162.31~REF*6R*CPPQSRZRFDMM~AMT*B6*55.35~LQ*HE*N381~CLP*000100034710*1*290.21*71.25**MC*2020136046687~NM1*QC*1*EARP*SAMANTHA*J***MR*G171512~NM1*82*1*LEWIS*HOLLY*G***XX*1295234128~REF*EA*0BF761189B0048EEB0B7055DF5ACC0B4~DTM*232*20200513~DTM*233*20200513~SVC*HC:90834*290.21*71.25**1~DTM*472*20200513~CAS*CO*45*218.96~REF*6R*CPPQN061G6J7~AMT*B6*71.25~LQ*HE*N381~CLP*000100034092*1*217.66*55.35**MC*2020136046692~NM1*QC*1*EARP*SAMANTHA*J***MR*G171512~NM1*82*1*LEWIS*HOLLY*G***XX*1295234128~REF*EA*D6F728F0D76F4752B006CCD06E518B17~DTM*232*20200501~DTM*233*20200501~SVC*HC:90832*217.66*55.35**1~DTM*472*20200501~CAS*CO*45*162.31~REF*6R*CPPQSH6ZU12M~AMT*B6*55.35~LQ*HE*N381~CLP*000100034081*1*1888.99*1254**MC*2020136046889~NM1*QC*1*ESPINOZA*KEVIN****MR*K850336~NM1*82*1*SEARLES*DENISE*A***XX*1396971230~REF*EA*65E4E3A524C7469C8AD108E1C7378D4E~DTM*232*20200501~DTM*233*20200501~SVC*HC:96372*83.99*0**0**1~DTM*472*20200501~CAS*CO*109*83.99~REF*6R*CPPQXL7DL3FU~LQ*HE*N381~SVC*HC:J2315*1805*1254**380~DTM*472*20200501~CAS*CO*45*551~REF*6R*CPPQGBRW8EHM~AMT*B6*1254~LQ*HE*N381~CLP*000100034081*1*266.84*97.43**MC*2020136046890~NM1*QC*1*ESPINOZA*KEVIN****MR*K850336~NM1*82*1*SEARLES*DENISE*A***XX*1396971230~REF*EA*14BCD42E376A462591B79529D9F7A7BF~DTM*232*20200501~DTM*233*20200501~SVC*HC:99203:25*266.84*97.43**1~DTM*472*20200501~CAS*CO*45*169.41~REF*6R*CPPQU6TQ9N8F~AMT*B6*97.43~LQ*HE*N381~CLP*000100034295*1*436.54*104.26**MC*2020136046662~NM1*QC*1*ESQUIBEL*SANTINO****MR*Y798815~NM1*82*1*LEWIS*HOLLY*G***XX*1295234128~REF*EA*031F68F6B55149F1902782D4D5E5DD7B~DTM*232*20200506~DTM*233*20200506~SVC*HC:90837*436.54*104.26**1~DTM*472*20200506~CAS*CO*45*332.28~REF*6R*CPPQ5DGYA7L6~AMT*B6*104.26~LQ*HE*N381~CLP*000100034670*1*436.54*104.26**MC*2020136046667~NM1*QC*1*ESQUIBEL*SANTINO****MR*Y798815~NM1*82*1*LEWIS*HOLLY*G***XX*1295234128~REF*EA*3CD14AF58B3F4A63AC7DF21B7A4BC473~DTM*232*20200513~DTM*233*20200513~SVC*HC:90837*436.54*104.26**1~DTM*472*20200513~CAS*CO*45*332.28~REF*6R*CPPQ90MDXGDT~AMT*B6*104.26~LQ*HE*N381~CLP*000100033995*1*437.77*109.71**MC*2020136046669~NM1*QC*1*ESQUIBEL*SANTINO****MR*Y798815~NM1*82*1*LEWIS*HOLLY*G***XX*1295234128~REF*EA*59CF2D745C4445BDAD1503B5B38F3463~DTM*232*20200429~DTM*233*20200429~SVC*HC:90791*437.77*109.71**1~DTM*472*20200429~CAS*CO*45*328.06~REF*6R*CPPQNO97UZ0P~AMT*B6*109.71~LQ*HE*N381~CLP*000100034316*1*178.3*65.81**MC*2020136046813~NM1*QC*1*ESQUIBEL*SANTINO****MR*Y798815~NM1*82*1*CADDALI*ESTRELLA*A***XX*1164974580~REF*EA*549590BF5C3A4EE2BBC34C1A668E1EAE~DTM*232*20200506~DTM*233*20200506~SVC*HC:99213*178.3*65.81**1~DTM*472*20200506~CAS*CO*45*112.49~REF*6R*CPPQKPL9O2DQ~AMT*B6*65.81~LQ*HE*N381~CLP*000100033588*1*272.99*97.11**MC*2020136046867~NM1*QC*1*EVEN*JILL*D***MR*O870653~NM1*82*1*SEARLES*DENISE*A***XX*1396971230~REF*EA*07E7E420765D4A3EAB75CAF29246F521~DTM*232*20200422~DTM*233*20200422~SVC*HC:99214*272.99*97.11**1~DTM*472*20200422~CAS*CO*45*175.88~REF*6R*CPPQYRIBBFXW~AMT*B6*97.11~LQ*HE*N381~CLP*000100034285*1*178.3*65.81**MC*2020136046740~NM1*QC*1*FIORINI*CHRISTENA*E***MR*Y109693~NM1*82*1*CADDALI*ESTRELLA*A***XX*1164974580~REF*EA*5037CA48F570448A9359F0C4CDD7D1BF~DTM*232*20200506~DTM*233*20200506~SVC*HC:99213*178.3*65.81**1~DTM*472*20200506~CAS*CO*45*112.49~REF*6R*CPPQY3UX83S7~AMT*B6*65.81~LQ*HE*N381~CLP*000100034713*1*178.3*65.81**MC*2020136046908~NM1*QC*1*FLORES*JOE*F***MR*P507699~NM1*82*1*CADDALI*ESTRELLA*A***XX*1164974580~REF*EA*32C35B1F08A247219E679E0F2DC99703~DTM*232*20200513~DTM*233*20200513~SVC*HC:99213*178.3*65.81**1~DTM*472*20200513~CAS*CO*45*112.49~REF*6R*CPPQG6631QKJ~AMT*B6*65.81~LQ*HE*N381~CLP*000100034241*1*621.47*87.73**MC*2020136046767~NM1*QC*1*FREIDENBERGER*JOANN****MR*D982237~NM1*82*1*SEARLES*DENISE*A***XX*1396971230~REF*EA*C0602BAA0F69401392DB9A43A1414739~DTM*232*20200505~DTM*233*20200505~SVC*HC:99213:25*178.3*65.81**1~DTM*472*20200505~CAS*CO*45*112.49~REF*6R*CPPQKI21Z1JP~AMT*B6*65.81~LQ*HE*N381~SVC*HC:H0049*403.17*10.92**1~DTM*472*20200505~CAS*CO*45*392.25~REF*6R*CPPQHJ20520I~AMT*B6*10.92~LQ*HE*N381~SVC*HC:G8510*40*11**1~DTM*472*20200505~CAS*CO*45*29~REF*6R*CPPQ8O2FQDBQ~AMT*B6*11~LQ*HE*N381~CLP*000100034476*1*217.66*55.35**MC*2020136046708~NM1*QC*1*GAUGHAN*ISABELLA*Z***MR*G134723~NM1*82*1*LEWIS*HOLLY*G***XX*1295234128~REF*EA*716FF1023CEB422DBACC5B5165FCFDB0~DTM*232*20200508~DTM*233*20200508~SVC*HC:90832*217.66*55.35**1~DTM*472*20200508~CAS*CO*45*162.31~REF*6R*CPPQXECYFG3R~AMT*B6*55.35~LQ*HE*N381~CLP*000100034320*1*619.02*108.57**MC*2020136046901~NM1*QC*1*GAUGHAN*ISABELLA*Z***MR*G134723~NM1*82*1*SEARLES*DENISE*A***XX*1396971230~REF*EA*2467A2F7ADD24F058DCFA6E100A35BEF~DTM*232*20200506~DTM*233*20200506~SVC*HC:99202:25*175.85*67.13**1~DTM*472*20200506~CAS*CO*45*108.72~REF*6R*CPPQ4RE45IYU~AMT*B6*67.13~LQ*HE*N381~SVC*HC:H0049*403.17*10.92**1~DTM*472*20200506~CAS*CO*45*392.25~REF*6R*CPPQR2U243EY~AMT*B6*10.92~LQ*HE*N381~SVC*HC:G8431*40*30.52**1~DTM*472*20200506~CAS*CO*45*9.48~REF*6R*CPPQLUFWF903~AMT*B6*30.52~LQ*HE*N381~CLP*000100034360*1*621.47*87.73**MC*2020136046854~NM1*QC*1*GONZALES*CRYSTAL*D***MR*M921754~NM1*82*1*SEARLES*DENISE*A***XX*1396971230~REF*EA*63D8F06958394633825EC6BCC747B46F~DTM*232*20200507~DTM*233*20200507~SVC*HC:99213:25*178.3*65.81**1~DTM*472*20200507~CAS*CO*45*112.49~REF*6R*CPPQUF1J1GHA~AMT*B6*65.81~LQ*HE*N381~SVC*HC:H0049*403.17*10.92**1~DTM*472*20200507~CAS*CO*45*392.25~REF*6R*CPPQMY0MD1IB~AMT*B6*10.92~LQ*HE*N381~SVC*HC:G8510*40*11**1~DTM*472*20200507~CAS*CO*45*29~REF*6R*CPPQU2N75ZL0~AMT*B6*11~LQ*HE*N381~CLP*000100034360*1*1903.99*1262.42**MC*2020136046855~NM1*QC*1*GONZALES*CRYSTAL*D***MR*M921754~NM1*82*1*SEARLES*DENISE*A***XX*1396971230~REF*EA*81BEFC72FB4441BDB381F198EE6017AF~DTM*232*20200507~DTM*233*20200507~SVC*HC:96372*83.99*0**0**1~DTM*472*20200507~CAS*CO*109*83.99~REF*6R*CPPQYQHQX3UT~LQ*HE*N381~SVC*HC:J2315*1805*1254**380~DTM*472*20200507~CAS*CO*45*551~REF*6R*CPPQDGVIN82M~AMT*B6*1254~LQ*HE*N381~SVC*HC:81025*15*8.42**1~DTM*472*20200507~CAS*CO*45*6.58~REF*6R*CPPQRE01WT3K~AMT*B6*8.42~LQ*HE*N381~CLP*000100033704*1*1888.99*1254**MC*2020136046834~NM1*QC*1*HOWARD*CLAUDIA*M***MR*Y099982~NM1*82*1*SEARLES*DENISE*A***XX*1396971230~REF*EA*40F7C8F276174CC68C3299361A5DB089~DTM*232*20200423~DTM*233*20200423~SVC*HC:96372*83.99*0**0**1~DTM*472*20200423~CAS*CO*109*83.99~REF*6R*CPPQBBC6L4DL~LQ*HE*N381~SVC*HC:J2315*1805*1254**380~DTM*472*20200423~CAS*CO*45*551~REF*6R*CPPQ5GWM0F5R~AMT*B6*1254~LQ*HE*N381~CLP*000100033704*1*621.47*87.73**MC*2020136046837~NM1*QC*1*HOWARD*CLAUDIA*M***MR*Y099982~NM1*82*1*SEARLES*DENISE*A***XX*1396971230~REF*EA*6A30687AB51043448F2E5550FFBB0C5A~DTM*232*20200423~DTM*233*20200423~SVC*HC:99213:25*178.3*65.81**1~DTM*472*20200423~CAS*CO*45*112.49~REF*6R*CPPQSFR4K2WF~AMT*B6*65.81~LQ*HE*N381~SVC*HC:H0049*403.17*10.92**1~DTM*472*20200423~CAS*CO*45*392.25~REF*6R*CPPQ972H1R4O~AMT*B6*10.92~LQ*HE*N381~SVC*HC:G8510*40*11**1~DTM*472*20200423~CAS*CO*45*29~REF*6R*CPPQEV24C6HN~AMT*B6*11~LQ*HE*N381~CLP*000100033402*1*175.85*67.13**MC*2020136046756~NM1*QC*1*JOHNSON*JESSICA****MR*J757714~NM1*82*1*SEARLES*DENISE*A***XX*1396971230~REF*EA*83B56A73B7404D79A12E8B0B1D4A1C51~DTM*232*20200418~DTM*233*20200418~SVC*HC:99202*175.85*67.13**1~DTM*472*20200418~CAS*CO*45*108.72~REF*6R*CPPQF0QRJBFY~AMT*B6*67.13~LQ*HE*N381~CLP*000100034473*1*178.3*65.81**MC*2020136046714~NM1*QC*1*JONES*PAULA****MR*M040589~NM1*82*1*SEARLES*DENISE*A***XX*1396971230~REF*EA*301135DD4E1F42DBB6A267012D079FFD~DTM*232*20200508~DTM*233*20200508~SVC*HC:99213*178.3*65.81**1~DTM*472*20200508~CAS*CO*45*112.49~REF*6R*CPPQVCP79JBD~AMT*B6*65.81~LQ*HE*N381~CLP*000100034101*1*178.3*65.81**MC*2020136046717~NM1*QC*1*JONES*PAULA****MR*M040589~NM1*82*1*SEARLES*DENISE*A***XX*1396971230~REF*EA*DC27F43C48574D43925E85D67E4B8F37~DTM*232*20200501~DTM*233*20200501~SVC*HC:99213*178.3*65.81**1~DTM*472*20200501~CAS*CO*45*112.49~REF*6R*CPPQDBMQIPUO~AMT*B6*65.81~LQ*HE*N381~CLP*000100034062*1*178.3*65.81**MC*2020136046805~NM1*QC*1*KIMES*JEREMEY****MR*Y243724~NM1*82*1*CADDALI*ESTRELLA*A***XX*1164974580~REF*EA*A9E2985964AF42558B41D7D5A885536C~DTM*232*20200430~DTM*233*20200430~SVC*HC:99213*178.3*65.81**1~DTM*472*20200430~CAS*CO*45*112.49~REF*6R*CPPQAZSKTD6H~AMT*B6*65.81~LQ*HE*N381~CLP*000100034368*1*178.3*65.81**MC*2020136046852~NM1*QC*1*LAIRD*AMY*J***MR*T813895~NM1*82*1*CADDALI*ESTRELLA*A***XX*1164974580~REF*EA*381A5DA4EFCA47008FDED3BA43F23F47~DTM*232*20200507~DTM*233*20200507~SVC*HC:99213*178.3*65.81**1~DTM*472*20200507~CAS*CO*45*112.49~REF*6R*CPPQ75VGN6JQ~AMT*B6*65.81~LQ*HE*N381~CLP*000100033595*1*178.3*65.81**MC*2020136046868~NM1*QC*1*LARK*WILLIAM****MR*K533858~NM1*82*1*SEARLES*DENISE*A***XX*1396971230~REF*EA*BCB2B334FFF947C79E8624D7E188E2BC~DTM*232*20200422~DTM*233*20200422~SVC*HC:99213*178.3*65.81**1~DTM*472*20200422~CAS*CO*45*112.49~REF*6R*CPPQZVJ3J5VE~AMT*B6*65.81~LQ*HE*N381~CLP*000100033872*1*27.33*6.67**MC*2020136046883~NM1*QC*1*LEYVA*JORDAN****MR*Q083353~NM1*82*1*SEARLES*DENISE*A***XX*1396971230~REF*EA*C2FCE0CB1BF443B5921797D9B01AA84E~DTM*232*20200428~DTM*233*20200428~SVC*HC:86580*27.33*6.67**1~DTM*472*20200428~CAS*CO*45*20.66~REF*6R*CPPQ879UROCU~AMT*B6*6.67~LQ*HE*N381~CLP*000100034480*1*178.3*65.81**MC*2020136046884~NM1*QC*1*LEYVA*JORDAN****MR*Q083353~NM1*82*1*CADDALI*ESTRELLA*A***XX*1164974580~REF*EA*1DA773CCB8CB452B952FE9A1E6264C92~DTM*232*20200508~DTM*233*20200508~SVC*HC:99213*178.3*65.81**1~DTM*472*20200508~CAS*CO*45*112.49~REF*6R*CPPQOL7OMWH6~AMT*B6*65.81~LQ*HE*N381~CLP*000100033872*1*716.16*138.55**MC*2020136046885~NM1*QC*1*LEYVA*JORDAN****MR*Q083353~NM1*82*1*SEARLES*DENISE*A***XX*1396971230~REF*EA*85DCB5F127484FEDB8C5C12927053305~DTM*232*20200428~DTM*233*20200428~SVC*HC:99214:25*272.99*97.11**1~DTM*472*20200428~CAS*CO*45*175.88~REF*6R*CPPQZS17DG1L~AMT*B6*97.11~LQ*HE*N381~SVC*HC:H0049*403.17*10.92**1~DTM*472*20200428~CAS*CO*45*392.25~REF*6R*CPPQ2ZW4QRUB~AMT*B6*10.92~LQ*HE*N381~SVC*HC:G8431*40*30.52**1~DTM*472*20200428~CAS*CO*45*9.48~REF*6R*CPPQ4AK6VEBS~AMT*B6*30.52~LQ*HE*N381~CLP*000100034546*1*217.66*55.35**MC*2020136046696~NM1*QC*1*LOBATO*DAVINA****MR*H882144~NM1*82*1*LEWIS*HOLLY*G***XX*1295234128~REF*EA*D72F1A9E29894BA3A5F447B86308D301~DTM*232*20200511~DTM*233*20200511~SVC*HC:90832*217.66*55.35**1~DTM*472*20200511~CAS*CO*45*162.31~REF*6R*CPPQFR5WLH3D~AMT*B6*55.35~LQ*HE*N381~CLP*000100033721*1*621.47*87.73**MC*2020136046819~NM1*QC*1*LONGORIA*JULIE*A***MR*D395679~NM1*82*1*SEARLES*DENISE*A***XX*1396971230~REF*EA*A4A273FF804945978F1AAFA79699D551~DTM*232*20200423~DTM*233*20200423~SVC*HC:99213:25*178.3*65.81**1~DTM*472*20200423~CAS*CO*45*112.49~REF*6R*CPPQ9DVIE2TU~AMT*B6*65.81~LQ*HE*N381~SVC*HC:H0049*403.17*10.92**1~DTM*472*20200423~CAS*CO*45*392.25~REF*6R*CPPQLL2Z057Y~AMT*B6*10.92~LQ*HE*N381~SVC*HC:G8510*40*11**1~DTM*472*20200423~CAS*CO*45*29~REF*6R*CPPQIEJJP2GO~AMT*B6*11~LQ*HE*N381~CLP*000100034414*1*621.47*87.73**MC*2020136046774~NM1*QC*1*LORETO*JOSHUA*R***MR*E192810~NM1*82*1*SEARLES*DENISE*A***XX*1396971230~REF*EA*0F6BE375AB1B4B67BAB7A52621FE6BAE~DTM*232*20200507~DTM*233*20200507~SVC*HC:99213:25*178.3*65.81**1~DTM*472*20200507~CAS*CO*45*112.49~REF*6R*CPPQPD4UXVVU~AMT*B6*65.81~LQ*HE*N381~SVC*HC:H0049*403.17*10.92**1~DTM*472*20200507~CAS*CO*45*392.25~REF*6R*CPPQJ2DVGXNJ~AMT*B6*10.92~LQ*HE*N381~SVC*HC:G8510*40*11**1~DTM*472*20200507~CAS*CO*45*29~REF*6R*CPPQ2FPAZ9U0~AMT*B6*11~LQ*HE*N381~CLP*000100033706*1*1888.99*1254**MC*2020136046861~NM1*QC*1*MAES*ERNEST*R***MR*K993029~NM1*82*1*SEARLES*DENISE*A***XX*1396971230~REF*EA*31D972631ADF4FBBBEF4E60C1B77773D~DTM*232*20200423~DTM*233*20200423~SVC*HC:96372*83.99*0**0**1~DTM*472*20200423~CAS*CO*109*83.99~REF*6R*CPPQGV1P1AVS~LQ*HE*N381~SVC*HC:J2315*1805*1254**380~DTM*472*20200423~CAS*CO*45*551~REF*6R*CPPQZSMHUZG5~AMT*B6*1254~LQ*HE*N381~CLP*000100033706*1*178.3*65.81**MC*2020136046862~NM1*QC*1*MAES*ERNEST*R***MR*K993029~NM1*82*1*SEARLES*DENISE*A***XX*1396971230~REF*EA*2B104BB5E735453FAAF571CA998A0C60~DTM*232*20200423~DTM*233*20200423~SVC*HC:99213:25*178.3*65.81**1~DTM*472*20200423~CAS*CO*45*112.49~REF*6R*CPPQQ61IBQ5G~AMT*B6*65.81~LQ*HE*N381~CLP*000100034282*1*178.3*65.81**MC*2020136046859~NM1*QC*1*MAES*ODEAN****MR*J060945~NM1*82*1*CADDALI*ESTRELLA*A***XX*1164974580~REF*EA*731DB268F6664DA5991A66C80607EEF2~DTM*232*20200506~DTM*233*20200506~SVC*HC:99213*178.3*65.81**1~DTM*472*20200506~CAS*CO*45*112.49~REF*6R*CPPQAIUDH4CT~AMT*B6*65.81~LQ*HE*N381~CLP*000100034650*1*88.54*39.39**MC*2020136046860~NM1*QC*1*MAES*ODEAN****MR*J060945~NM1*82*1*CADDALI*ESTRELLA*A***XX*1164974580~REF*EA*A6BF07D4A93B4447A10FBA259BDBF89D~DTM*232*20200513~DTM*233*20200513~SVC*HC:99212*88.54*39.39**1~DTM*472*20200513~CAS*CO*45*49.15~REF*6R*CPPQNTQ5SIX1~AMT*B6*39.39~LQ*HE*N381~CLP*000100034363*1*1888.99*1254**MC*2020136046898~NM1*QC*1*MAEZ*DANIEL*E***MR*B173664~NM1*82*1*SEARLES*DENISE*A***XX*1396971230~REF*EA*46B6B48AC0C4460A8791EB248DD7E9E2~DTM*232*20200507~DTM*233*20200507~SVC*HC:96372*83.99*0**0**1~DTM*472*20200507~CAS*CO*109*83.99~REF*6R*CPPQUWFHHZ6W~LQ*HE*N381~SVC*HC:J2315*1805*1254**380~DTM*472*20200507~CAS*CO*45*551~REF*6R*CPPQRQ1SLDU4~AMT*B6*1254~LQ*HE*N381~CLP*000100034363*1*178.3*65.81**MC*2020136046900~NM1*QC*1*MAEZ*DANIEL*E***MR*B173664~NM1*82*1*SEARLES*DENISE*A***XX*1396971230~REF*EA*98921E4D5FCF494297CF0DF84D18F444~DTM*232*20200507~DTM*233*20200507~SVC*HC:99213:25*178.3*65.81**1~DTM*472*20200507~CAS*CO*45*112.49~REF*6R*CPPQP1ZA8L3M~AMT*B6*65.81~LQ*HE*N381~CLP*000100034496*1*178.3*65.81**MC*2020136046905~NM1*QC*1*MAGANA*CARLA*R***MR*M671813~NM1*82*1*CADDALI*ESTRELLA*A***XX*1164974580~REF*EA*25692074F7674E829B7CEC5D0CBCEB7D~DTM*232*20200508~DTM*233*20200508~SVC*HC:99213*178.3*65.81**1~DTM*472*20200508~CAS*CO*45*112.49~REF*6R*CPPQGJ6F3WW1~AMT*B6*65.81~LQ*HE*N381~CLP*000100034647*1*272.99*97.11**MC*2020136046911~NM1*QC*1*MALLETTE*ANTHONY*M***MR*G065099~NM1*82*1*CADDALI*ESTRELLA*A***XX*1164974580~REF*EA*79F422806FA246CD87636DF668C700F2~DTM*232*20200513~DTM*233*20200513~SVC*HC:99214*272.99*97.11**1~DTM*472*20200513~CAS*CO*45*175.88~REF*6R*CPPQDINBDPMX~AMT*B6*97.11~LQ*HE*N381~CLP*000100033653*1*621.47*87.73**MC*2020136046894~NM1*QC*1*MARTINEZ*DEBRA*A***MR*D395711~NM1*82*1*SEARLES*DENISE*A***XX*1396971230~REF*EA*F5E40FB843674D61A816095D7479DA51~DTM*232*20200423~DTM*233*20200423~SVC*HC:99213:25*178.3*65.81**1~DTM*472*20200423~CAS*CO*45*112.49~REF*6R*CPPQI9NWJ4EH~AMT*B6*65.81~LQ*HE*N381~SVC*HC:H0049*403.17*10.92**1~DTM*472*20200423~CAS*CO*45*392.25~REF*6R*CPPQ0WMSM23T~AMT*B6*10.92~LQ*HE*N381~SVC*HC:G8510*40*11**1~DTM*472*20200423~CAS*CO*45*29~REF*6R*CPPQ50E1YXYT~AMT*B6*11~LQ*HE*N381~CLP*000100034336*1*178.3*63.81*2*MC*2020136046844~NM1*QC*1*MARTINEZ*DESIREE****MR*O277758~NM1*82*1*SEARLES*DENISE*A***XX*1396971230~REF*EA*985E8B28D642445EBDA1325DF0D0F222~DTM*232*20200506~DTM*233*20200506~SVC*HC:99213*178.3*63.81**1~DTM*472*20200506~CAS*PR*3*2~CAS*CO*45*112.49~REF*6R*CPPQ3G7NODXH~AMT*B6*65.81~LQ*HE*N381~LQ*HE*N381~CLP*000100034382*1*893.24*191.03**MC*2020136046882~NM1*QC*1*MCCANDLESS*ANTHONY****MR*X214553~NM1*82*1*SEARLES*DENISE*A***XX*1396971230~REF*EA*DF8C432BA2734BEEAC007EE8170053C8~DTM*232*20200507~DTM*233*20200507~SVC*HC:99204:25*450.07*149.59**1~DTM*472*20200507~CAS*CO*45*300.48~REF*6R*CPPQAMGABVRH~AMT*B6*149.59~LQ*HE*N381~SVC*HC:H0049*403.17*10.92**1~DTM*472*20200507~CAS*CO*45*392.25~REF*6R*CPPQCKXD9HUG~AMT*B6*10.92~LQ*HE*N381~SVC*HC:G8431*40*30.52**1~DTM*472*20200507~CAS*CO*45*9.48~REF*6R*CPPQKHFZX5RX~AMT*B6*30.52~LQ*HE*N381~CLP*000100034467*1*710.01*138.87**MC*2020136046839~NM1*QC*1*MCCLURE*THOMAS*M***MR*K853447~NM1*82*1*CADDALI*ESTRELLA*A***XX*1164974580~REF*EA*0A1C61022E2F42B2AFB7E607E96788B7~DTM*232*20200508~DTM*233*20200508~SVC*HC:99203:25*266.84*97.43**1~DTM*472*20200508~CAS*CO*45*169.41~REF*6R*CPPQ3PSFNFO6~AMT*B6*97.43~LQ*HE*N381~SVC*HC:H0049*403.17*10.92**1~DTM*472*20200508~CAS*CO*45*392.25~REF*6R*CPPQTZSHEALE~AMT*B6*10.92~LQ*HE*N381~SVC*HC:G8431*40*30.52**1~DTM*472*20200508~CAS*CO*45*9.48~REF*6R*CPPQE42YN5PJ~AMT*B6*30.52~LQ*HE*N381~CLP*000100034333*1*178.3*65.81**MC*2020136046817~NM1*QC*1*MCGARVY*ROBBIN****MR*O755729~NM1*82*1*CADDALI*ESTRELLA*A***XX*1164974580~REF*EA*88C7249E01DA4943A6B3BE717A9A7B6A~DTM*232*20200506~DTM*233*20200506~SVC*HC:99213*178.3*65.81**1~DTM*472*20200506~CAS*CO*45*112.49~REF*6R*CPPQCVTL0GQ0~AMT*B6*65.81~LQ*HE*N381~CLP*000100034260*1*178.3*65.81**MC*2020136046720~NM1*QC*1*MEDINA*JEANNINE****MR*H870875~NM1*82*1*SEARLES*DENISE*A***XX*1396971230~REF*EA*676AAEC2B9404FE189836BA1E0115CCE~DTM*232*20200505~DTM*233*20200505~SVC*HC:99213*178.3*65.81**1~DTM*472*20200505~CAS*CO*45*112.49~REF*6R*CPPQZEOEC08K~AMT*B6*65.81~LQ*HE*N381~CLP*000100034420*1*621.47*87.73**MC*2020136046915~NM1*QC*1*MEDINA*TAMMY*A***MR*F616296~NM1*82*1*SEARLES*DENISE*A***XX*1396971230~REF*EA*16D194E20F004D5093F8C8659FE63F06~DTM*232*20200507~DTM*233*20200507~SVC*HC:99213:25*178.3*65.81**1~DTM*472*20200507~CAS*CO*45*112.49~REF*6R*CPPQ47HUFJ8F~AMT*B6*65.81~LQ*HE*N381~SVC*HC:H0049*403.17*10.92**1~DTM*472*20200507~CAS*CO*45*392.25~REF*6R*CPPQXPE09DVB~AMT*B6*10.92~LQ*HE*N381~SVC*HC:G8510*40*11**1~DTM*472*20200507~CAS*CO*45*29~REF*6R*CPPQ3XBK2F5H~AMT*B6*11~LQ*HE*N381~CLP*000100034458*1*1888.99*1254**MC*2020136046891~NM1*QC*1*MONDRAGON*DOMINIC****MR*J034262~NM1*82*1*SEARLES*DENISE*A***XX*1396971230~REF*EA*DFA64A6991D64307A4B783D6F0EA3980~DTM*232*20200508~DTM*233*20200508~SVC*HC:96372*83.99*0**0**1~DTM*472*20200508~CAS*CO*109*83.99~REF*6R*CPPQH8WZJGYX~LQ*HE*N381~SVC*HC:J2315*1805*1254**380~DTM*472*20200508~CAS*CO*45*551~REF*6R*CPPQDP015WYP~AMT*B6*1254~LQ*HE*N381~CLP*000100034458*1*710.01*138.87**MC*2020136046893~NM1*QC*1*MONDRAGON*DOMINIC****MR*J034262~NM1*82*1*SEARLES*DENISE*A***XX*1396971230~REF*EA*0124BC975F104090B79D11B423B5111F~DTM*232*20200508~DTM*233*20200508~SVC*HC:99203:25*266.84*97.43**1~DTM*472*20200508~CAS*CO*45*169.41~REF*6R*CPPQSRE076D8~AMT*B6*97.43~LQ*HE*N381~SVC*HC:H0049*403.17*10.92**1~DTM*472*20200508~CAS*CO*45*392.25~REF*6R*CPPQZ7VHDV7K~AMT*B6*10.92~LQ*HE*N381~SVC*HC:G8431*40*30.52**1~DTM*472*20200508~CAS*CO*45*9.48~REF*6R*CPPQWCWD3E0P~AMT*B6*30.52~LQ*HE*N381~CLP*000100034451*1*1888.99*1254**MC*2020136046795~NM1*QC*1*MOORE*MELISSA****MR*O302777~NM1*82*1*SEARLES*DENISE*A***XX*1396971230~REF*EA*689904755E2D4989936142B6FEDF574A~DTM*232*20200508~DTM*233*20200508~SVC*HC:96372*83.99*0**0**1~DTM*472*20200508~CAS*CO*109*83.99~REF*6R*CPPQROYU3M04~LQ*HE*N381~SVC*HC:J2315*1805*1254**380~DTM*472*20200508~CAS*CO*45*551~REF*6R*CPPQ0S46FYJ0~AMT*B6*1254~LQ*HE*N381~CLP*000100034273*1*178.3*65.81**MC*2020136046799~NM1*QC*1*MOORE*MELISSA****MR*O302777~NM1*82*1*CADDALI*ESTRELLA*A***XX*1164974580~REF*EA*61AB63C61ED940DF9DD424A681B84B67~DTM*232*20200506~DTM*233*20200506~SVC*HC:99213*178.3*65.81**1~DTM*472*20200506~CAS*CO*45*112.49~REF*6R*CPPQJV5FGKJ8~AMT*B6*65.81~LQ*HE*N381~CLP*000100034451*1*218.3*76.81**MC*2020136046802~NM1*QC*1*MOORE*MELISSA****MR*O302777~NM1*82*1*SEARLES*DENISE*A***XX*1396971230~REF*EA*D7FC5DC7D91541B6827C67C408559127~DTM*232*20200508~DTM*233*20200508~SVC*HC:99213:25*178.3*65.81**1~DTM*472*20200508~CAS*CO*45*112.49~REF*6R*CPPQ8E2PFT9C~AMT*B6*65.81~LQ*HE*N381~SVC*HC:G8510*40*11**1~DTM*472*20200508~CAS*CO*45*29~REF*6R*CPPQO7IYPRID~AMT*B6*11~LQ*HE*N381~CLP*000100034337*1*536.63*61**MC*2020136046779~NM1*QC*1*PARADISO*CHEYENNE*B***MR*G885608~NM1*82*1*SEARLES*DENISE*A***XX*1396971230~REF*EA*5A22B27F0663462A8B7C6D5FEB3ACD1E~DTM*232*20200506~DTM*233*20200506~SVC*HC:99201:25*93.46*39.08**1~DTM*472*20200506~CAS*CO*45*54.38~REF*6R*CPPQKKH82ERI~AMT*B6*39.08~LQ*HE*N381~SVC*HC:H0049*403.17*10.92**1~DTM*472*20200506~CAS*CO*45*392.25~REF*6R*CPPQDEEEXY65~AMT*B6*10.92~LQ*HE*N381~SVC*HC:G8510*40*11**1~DTM*472*20200506~CAS*CO*45*29~REF*6R*CPPQI0MECM70~AMT*B6*11~LQ*HE*N381~CLP*000100034707*1*178.3*65.81**MC*2020136046879~NM1*QC*1*PAULSEN*STACY****MR*W216187~NM1*82*1*CADDALI*ESTRELLA*A***XX*1164974580~REF*EA*4710EB1BCD4A43E9BBD7B22013EF25FF~DTM*232*20200513~DTM*233*20200513~SVC*HC:99213*178.3*65.81**1~DTM*472*20200513~CAS*CO*45*112.49~REF*6R*CPPQHDTBCSXE~AMT*B6*65.81~LQ*HE*N381~CLP*000100034063*1*15*8.42**MC*2020136046824~NM1*QC*1*QUINTANA*DANIELLE*A***MR*N559116~NM1*82*1*SEARLES*DENISE*A***XX*1396971230~REF*EA*E3285BCF238F443DA67941CFA6B0DF42~DTM*232*20200430~DTM*233*20200430~SVC*HC:81025*15*8.42**1~DTM*472*20200430~CAS*CO*45*6.58~REF*6R*CPPQD1B75FHG~AMT*B6*8.42~LQ*HE*N381~CLP*000100034063*1*178.3*65.81**MC*2020136046826~NM1*QC*1*QUINTANA*DANIELLE*A***MR*N559116~NM1*82*1*SEARLES*DENISE*A***XX*1396971230~REF*EA*F87B467FD606476A92D182B9509121E1~DTM*232*20200430~DTM*233*20200430~SVC*HC:99213:25*178.3*65.81**1~DTM*472*20200430~CAS*CO*45*112.49~REF*6R*CPPQTYX37TOY~AMT*B6*65.81~LQ*HE*N381~CLP*000100034468*1*178.3*65.81**MC*2020136046841~NM1*QC*1*RAMIREZ*JAVIER****MR*F684344~NM1*82*1*SEARLES*DENISE*A***XX*1396971230~REF*EA*D78D6D637AF040FBA758294B4D761E24~DTM*232*20200508~DTM*233*20200508~SVC*HC:99213*178.3*65.81**1~DTM*472*20200508~CAS*CO*45*112.49~REF*6R*CPPQ14ICMV4Z~AMT*B6*65.81~LQ*HE*N381~CLP*000100033586*1*178.3*65.81**MC*2020136046765~NM1*QC*1*RIESE*TED****MR*O996967~NM1*82*1*SEARLES*DENISE*A***XX*1396971230~REF*EA*F9755D3E66194AFDAACC215C8A204FA0~DTM*232*20200422~DTM*233*20200422~SVC*HC:99213*178.3*65.81**1~DTM*472*20200422~CAS*CO*45*112.49~REF*6R*CPPQ59IK8X00~AMT*B6*65.81~LQ*HE*N381~CLP*000100034446*1*178.3*65.81**MC*2020136046811~NM1*QC*1*SALAZAR*ANESSA****MR*Y281518~NM1*82*1*SEARLES*DENISE*A***XX*1396971230~REF*EA*DFB1CBAD16B7479498D6256A2F3504A4~DTM*232*20200507~DTM*233*20200507~SVC*HC:99213*178.3*65.81**1~DTM*472*20200507~CAS*CO*45*112.49~REF*6R*CPPQK6TRUF9Z~AMT*B6*65.81~LQ*HE*N381~CLP*000100034475*1*178.3*63.81*2*MC*2020136046878~NM1*QC*1*SALAZAR*DANIELLE*C***MR*W076573~NM1*82*1*CADDALI*ESTRELLA*A***XX*1164974580~REF*EA*4E1AFE57055F4585A7AFDACC02623BC6~DTM*232*20200508~DTM*233*20200508~SVC*HC:99213*178.3*63.81**1~DTM*472*20200508~CAS*PR*3*2~CAS*CO*45*112.49~REF*6R*CPPQKQEZCATK~AMT*B6*65.81~LQ*HE*N381~LQ*HE*N381~CLP*000100034061*1*178.3*65.81**MC*2020136046877~NM1*QC*1*SALAZAR*TAZIO****MR*N789226~NM1*82*1*CADDALI*ESTRELLA*A***XX*1164974580~REF*EA*D2DC8A7457694EA2A985EBFF3A8C6252~DTM*232*20200430~DTM*233*20200430~SVC*HC:99213*178.3*65.81**1~DTM*472*20200430~CAS*CO*45*112.49~REF*6R*CPPQSCNLI7HD~AMT*B6*65.81~LQ*HE*N381~CLP*000100034093*1*178.3*65.81**MC*2020136046788~NM1*QC*1*SAMSON*CARA*M***MR*Y649542~NM1*82*1*SEARLES*DENISE*A***XX*1396971230~REF*EA*851081FACF3C448B90BB8CD1580BA0CB~DTM*232*20200501~DTM*233*20200501~SVC*HC:99213*178.3*65.81**1~DTM*472*20200501~CAS*CO*45*112.49~REF*6R*CPPQXO2N0LNK~AMT*B6*65.81~LQ*HE*N381~CLP*000100034679*1*178.3*63.81*2*MC*2020136046746~NM1*QC*1*SANDERS*JERMYN*B***MR*P711797~NM1*82*1*CADDALI*ESTRELLA*A***XX*1164974580~REF*EA*2F3F4D53B01F4E09904E880DC7070D6E~DTM*232*20200513~DTM*233*20200513~SVC*HC:99213*178.3*63.81**1~DTM*472*20200513~CAS*PR*3*2~CAS*CO*45*112.49~REF*6R*CPPQVGJED2UB~AMT*B6*65.81~LQ*HE*N381~LQ*HE*N381~CLP*000100034637*1*178.3*63.81*2*MC*2020136046749~NM1*QC*1*SANDERS*JERMYN*B***MR*P711797~NM1*82*1*CADDALI*ESTRELLA*A***XX*1164974580~REF*EA*872BD66CC451429C95CD7CD5298635AF~DTM*232*20200512~DTM*233*20200512~SVC*HC:99213*178.3*63.81**1~DTM*472*20200512~CAS*PR*3*2~CAS*CO*45*112.49~REF*6R*CPPQYPTM9TGN~AMT*B6*65.81~LQ*HE*N381~LQ*HE*N381~CLP*000100034083*1*710.01*119.35**MC*2020136046806~NM1*QC*1*SEGURA*MARK****MR*I900499~NM1*82*1*SEARLES*DENISE*A***XX*1396971230~REF*EA*F6F8E199B4AE4F00A4EA83B2D3C02C3C~DTM*232*20200501~DTM*233*20200501~SVC*HC:99203:25*266.84*97.43**1~DTM*472*20200501~CAS*CO*45*169.41~REF*6R*CPPQSDDCP04U~AMT*B6*97.43~LQ*HE*N381~SVC*HC:H0049*403.17*10.92**1~DTM*472*20200501~CAS*CO*45*392.25~REF*6R*CPPQ9XL9BGIR~AMT*B6*10.92~LQ*HE*N381~SVC*HC:G8510*40*11**1~DTM*472*20200501~CAS*CO*45*29~REF*6R*CPPQ2LC76Y3Q~AMT*B6*11~LQ*HE*N381~CLP*000100034083*1*1888.99*1254**MC*2020136046810~NM1*QC*1*SEGURA*MARK****MR*I900499~NM1*82*1*SEARLES*DENISE*A***XX*1396971230~REF*EA*C8094EE58C824F069C276F39DCD94928~DTM*232*20200501~DTM*233*20200501~SVC*HC:96372*83.99*0**0**1~DTM*472*20200501~CAS*CO*109*83.99~REF*6R*CPPQG92T7KSB~LQ*HE*N381~SVC*HC:J2315*1805*1254**380~DTM*472*20200501~CAS*CO*45*551~REF*6R*CPPQMSK85S06~AMT*B6*1254~LQ*HE*N381~CLP*000100033623*1*93.46*39.08**MC*2020136046794~NM1*QC*1*SEIDEL*MICHAEL****MR*P414876~NM1*82*1*SEARLES*DENISE*A***XX*1396971230~REF*EA*565F99B781AF466DB48C288C1A72B047~DTM*232*20200422~DTM*233*20200422~SVC*HC:99201*93.46*39.08**1~DTM*472*20200422~CAS*CO*45*54.38~REF*6R*CPPQFUT8WKJU~AMT*B6*39.08~LQ*HE*N381~CLP*000100034430*1*272.99*97.11**MC*2020136046912~NM1*QC*1*SPINUZZI*TRINA****MR*K013869~NM1*82*1*CADDALI*ESTRELLA*A***XX*1164974580~REF*EA*BFA4FBB4BE6747B18083D0E4F0966AF7~DTM*232*20200507~DTM*233*20200507~SVC*HC:99214*272.99*97.11**1~DTM*472*20200507~CAS*CO*45*175.88~REF*6R*CPPQMNL9UVBF~AMT*B6*97.11~LQ*HE*N381~CLP*000100032867*1*1823.99*8.42**MC*2020136046751~NM1*QC*1*TABARES*ANGELA****MR*V900344~NM1*82*1*HOOSHMAND-PARSI*KAYHOSROW****XX*1447291851~REF*EA*4BD4851D32D446278C57E781C6F5BA83~DTM*232*20200407~DTM*233*20200407~SVC*HC:96372*83.99*0**0**1~DTM*472*20200407~CAS*CO*109*83.99~REF*6R*CPPQL65LQ91J~LQ*HE*N381~SVC*HC:Q9992*1725*0**0**1~DTM*472*20200407~CAS*PI*16*1725~REF*6R*CPPQ58YI80SG~LQ*HE*N381~SVC*HC:81025*15*8.42**1~DTM*472*20200407~CAS*CO*45*6.58~REF*6R*CPPQO0E1UMM3~AMT*B6*8.42~LQ*HE*N381~CLP*000100032045*1*15*8.42**MC*2020136046830~NM1*QC*1*TANKSLEY*DAYSHA*A***MR*O203621~NM1*82*1*HOOSHMAND-PARSI*KAYHOSROW****XX*1447291851~REF*EA*B66B81AACA2D4277B49C6CC042A6BD55~DTM*232*20200324~DTM*233*20200324~SVC*HC:81025*15*8.42**1~DTM*472*20200324~CAS*CO*45*6.58~REF*6R*CPPQQ5CO400B~AMT*B6*8.42~LQ*HE*N381~CLP*000100034105*1*178.3*63.81*2*MC*2020136046916~NM1*QC*1*TURNER*SAMUEL****MR*V731137~NM1*82*1*SEARLES*DENISE*A***XX*1396971230~REF*EA*13FF4E5E0A884D99AD76B1FDDF020C2A~DTM*232*20200501~DTM*233*20200501~SVC*HC:99213*178.3*63.81**1~DTM*472*20200501~CAS*PR*3*2~CAS*CO*45*112.49~REF*6R*CPPQSP4V0I7P~AMT*B6*65.81~LQ*HE*N381~LQ*HE*N381~CLP*000100033632*1*178.3*65.81**MC*2020136046917~NM1*QC*1*TURNER*SAMUEL****MR*V731137~NM1*82*1*SEARLES*DENISE*A***XX*1396971230~REF*EA*3D1EDFFD0C814F439B2284D8E1D5D8C4~DTM*232*20200422~DTM*233*20200422~SVC*HC:99213*178.3*65.81**1~DTM*472*20200422~CAS*CO*45*112.49~REF*6R*CPPQ2VB9WMUM~AMT*B6*65.81~LQ*HE*N381~CLP*000100034057*1*272.99*95.11*2*MC*2020136046770~NM1*QC*1*URIE*DANIEL****MR*P063992~NM1*82*1*CADDALI*ESTRELLA*A***XX*1164974580~REF*EA*6286D1DDD7444852A5276C5A72709DE9~DTM*232*20200430~DTM*233*20200430~SVC*HC:99214*272.99*95.11**1~DTM*472*20200430~CAS*PR*3*2~CAS*CO*45*175.88~REF*6R*CPPQJ7WIFT46~AMT*B6*97.11~LQ*HE*N381~LQ*HE*N381~CLP*000100034219*1*178.3*65.81**MC*2020136046853~NM1*QC*1*VALENCIA*GREGORY****MR*O631549~NM1*82*1*CADDALI*ESTRELLA*A***XX*1164974580~REF*EA*29BE7E32A21A42139BF7BACB366AF103~DTM*232*20200505~DTM*233*20200505~SVC*HC:99213*178.3*65.81**1~DTM*472*20200505~CAS*CO*45*112.49~REF*6R*CPPQ53H6HCFR~AMT*B6*65.81~LQ*HE*N381~CLP*000100034010*1*272.99*97.11**MC*2020136046880~NM1*QC*1*VALENTINE*JEANA****MR*Y336108~NM1*82*1*SEARLES*DENISE*A***XX*1396971230~REF*EA*D5130C9AEDA44752A79F8B2714F42860~DTM*232*20200429~DTM*233*20200429~SVC*HC:99214*272.99*97.11**1~DTM*472*20200429~CAS*CO*45*175.88~REF*6R*CPPQTT8LN3MH~AMT*B6*97.11~LQ*HE*N381~CLP*000100034765*1*217.66*55.35**MC*2020136046655~NM1*QC*1*VELARDE*JUSTIN****MR*Y451369~NM1*82*1*LEWIS*HOLLY*G***XX*1295234128~REF*EA*1B4900E925E14C8FB2F29EE74E3B1170~DTM*232*20200514~DTM*233*20200514~SVC*HC:90832*217.66*55.35**1~DTM*472*20200514~CAS*CO*45*162.31~REF*6R*CPPQNOKD3Q87~AMT*B6*55.35~LQ*HE*N381~CLP*000100033633*1*178.3*65.81**MC*2020136046815~NM1*QC*1*VIGIL*BOBBY*L***MR*V085872~NM1*82*1*SEARLES*DENISE*A***XX*1396971230~REF*EA*49EF39987F9C4375BE762FA32340E941~DTM*232*20200422~DTM*233*20200422~SVC*HC:99213*178.3*65.81**1~DTM*472*20200422~CAS*CO*45*112.49~REF*6R*CPPQPH791SL9~AMT*B6*65.81~LQ*HE*N381~CLP*000100033571*1*621.47*107.25**MC*2020136046846~NM1*QC*1*VILLASENOR*MIQUEILA*C***MR*K174349~NM1*82*1*SEARLES*DENISE*A***XX*1396971230~REF*EA*A216809FE97746CF8925D84C098D7377~DTM*232*20200422~DTM*233*20200422~SVC*HC:99213:25*178.3*65.81**1~DTM*472*20200422~CAS*CO*45*112.49~REF*6R*CPPQ6SJEJR7D~AMT*B6*65.81~LQ*HE*N381~SVC*HC:H0049*403.17*10.92**1~DTM*472*20200422~CAS*CO*45*392.25~REF*6R*CPPQCRNZ9DNZ~AMT*B6*10.92~LQ*HE*N381~SVC*HC:G8431*40*30.52**1~DTM*472*20200422~CAS*CO*45*9.48~REF*6R*CPPQ4MFF4IOS~AMT*B6*30.52~LQ*HE*N381~CLP*000100034622*1*178.3*65.81**MC*2020136046873~NM1*QC*1*VILLEDA*JESSICA*I***MR*M729827~NM1*82*1*CADDALI*ESTRELLA*A***XX*1164974580~REF*EA*D130B54585994B4D8F0AABBD53A740E3~DTM*232*20200512~DTM*233*20200512~SVC*HC:99213*178.3*65.81**1~DTM*472*20200512~CAS*CO*45*112.49~REF*6R*CPPQ9VZUO6CN~AMT*B6*65.81~LQ*HE*N381~CLP*000100034361*1*217.66*55.35**MC*2020136046670~NM1*QC*1*WILLIS*DIANE****MR*D774337~NM1*82*1*LEWIS*HOLLY*G***XX*1295234128~REF*EA*3F28C1224D2F405983EE74312A83C339~DTM*232*20200507~DTM*233*20200507~SVC*HC:90832*217.66*55.35**1~DTM*472*20200507~CAS*CO*45*162.31~REF*6R*CPPQ9FE0ZKHL~AMT*B6*55.35~LQ*HE*N381~CLP*000100034452*1*15*8.42**MC*2020136046903~NM1*QC*1*WOODARD*LYDIA****MR*P869732~NM1*82*1*SEARLES*DENISE*A***XX*1396971230~REF*EA*75E1C217C51F4719A6762727A3294B8F~DTM*232*20200508~DTM*233*20200508~SVC*HC:81025*15*8.42**1~DTM*472*20200508~CAS*CO*45*6.58~REF*6R*CPPQDNOFYNRD~AMT*B6*8.42~LQ*HE*N381~CLP*000100034452*1*178.3*65.81**MC*2020136046904~NM1*QC*1*WOODARD*LYDIA****MR*P869732~NM1*82*1*SEARLES*DENISE*A***XX*1396971230~REF*EA*8130E4E252A2450A9D45F8C1CB3BA370~DTM*232*20200508~DTM*233*20200508~SVC*HC:99213:25*178.3*65.81**1~DTM*472*20200508~CAS*CO*45*112.49~REF*6R*CPPQ724J241U~AMT*B6*65.81~LQ*HE*N381~CLP*000100032846*4*217.66*0**MC*2020136046698~NM1*QC*1*CASAUS*TRACY*A***MR*K186814~NM1*82*1*LEWIS*HOLLY*G***XX*1295234128~REF*EA*65E8C03C3D784E38AA6C7E8A8E8DC43D~DTM*232*20200407~DTM*233*20200407~SVC*HC:90832*217.66*0**0**1~DTM*472*20200407~CAS*PI*119*217.66~REF*6R*CPPQFG2ZW2IU~LQ*HE*N381~CLP*000100034372*4*290.21*0**MC*2020136046705~NM1*QC*1*CASAUS*TRACY*A***MR*K186814~NM1*82*1*LEWIS*HOLLY*G***XX*1295234128~REF*EA*4ABB3BF821684D65925A9C42DDE458E1~DTM*232*20200507~DTM*233*20200507~SVC*HC:90834*290.21*0**0**1~DTM*472*20200507~CAS*PI*119*290.21~REF*6R*CPPQ2C4GV4F9~LQ*HE*N381~CLP*000100034601*4*178.3*0**MC*2020136046896~NM1*QC*1*COLEBURN*JENNIFER*M***MR*P379930~NM1*82*1*CADDALI*ESTRELLA*A***XX*1164974580~REF*EA*5D42C6FBE0D94A488D72620DFE4637D6~DTM*232*20200512~DTM*233*20200512~SVC*HC:99213*178.3*0**0**1~DTM*472*20200512~CAS*PI*16*178.3~REF*6R*CPPQQDIXXV1D~LQ*HE*N554~CLP*000100032021*4*178.3*0**MC*2020136046769~NM1*QC*1*HALL*KRISTINA*K***MR*S324169~NM1*82*1*HOOSHMAND-PARSI*KAYHOSROW****XX*1447291851~REF*EA*0FEAE223EBFF434FB6DCDBB58613383C~DTM*232*20200324~DTM*233*20200324~SVC*HC:99213:25*178.3*0**0**1~DTM*472*20200324~CAS*PI*16*178.3~REF*6R*CPPQ2UQ8H55E~LQ*HE*N381~CLP*000100033567*4*88.54*0**MC*2020136046886~NM1*QC*1*MENGES*AMY*J***MR*Q984196~NM1*82*1*HOOSHMAND-PARSI*KAYHOSROW****XX*1447291851~REF*EA*B11E726605194085A07E237E0CA83E4A~DTM*232*20200422~DTM*233*20200422~SVC*HC:99212*88.54*0**0**1~DTM*472*20200422~CAS*PI*16*88.54~REF*6R*CPPQ1XBC1BWR~LQ*HE*N56~LQ*HE*N381~CLP*000100032538*4*272.99*0**MC*2020136046888~NM1*QC*1*MENGES*AMY*J***MR*Q984196~NM1*82*1*HOOSHMAND-PARSI*KAYHOSROW****XX*1447291851~REF*EA*95E597FB4F92469D9288436421A699AF~DTM*232*20200401~DTM*233*20200401~SVC*HC:99214*272.99*0**0**1~DTM*472*20200401~CAS*PI*16*272.99~REF*6R*CPPQHOAQPK7E~LQ*HE*N56~LQ*HE*N381~CLP*000100022098*22*-149*-9.08**MC*2019310082982~NM1*QC*1*BROWN*SAMANTHA*L***MR*U792619~NM1*82*1*HOOSHMAND-PARSI*KAYHOSROW****XX*1447291851~REF*EA*734B94D70D45481BB6BAFCEE19B4CB9F~DTM*232*20190909~DTM*233*20190909~SVC*HC:99214:25*-134*-5.91**1~DTM*472*20190909~CAS*CO*45*-36.89~CAS*OA*23*-91.2~REF*6R*CPCHVHNL1H1M~AMT*B6*97.11~LQ*HE*MA125~LQ*HE*N381~SVC*HC:81025*-15*-3.17**1~DTM*472*20190909~CAS*CO*45*-6.66~CAS*OA*23*-5.17~REF*6R*CPCHQH16QZZW~AMT*B6*8.34~LQ*HE*MA125~LQ*HE*N381~CLP*000100022098*4*149*0**MC*5220023015595~NM1*QC*1*BROWN*SAMANTHA*L***MR*U792619~NM1*82*1*HOOSHMAND-PARSI*KAYHOSROW****XX*1447291851~REF*EA*734B94D70D45481BB6BAFCEE19B4CB9F~DTM*232*20190909~DTM*233*20190909~DTM*036*20190831~SVC*HC:99214:25*134*0**0**1~DTM*472*20190909~CAS*CO*26*134~REF*6R*CPCHVHNL1H1M~LQ*HE*N30~SVC*HC:81025*15*0**0**1~DTM*472*20190909~CAS*CO*26*15~REF*6R*CPCHQH16QZZW~LQ*HE*N30~PLB*1508250911*20201231*CS:0000376090325*-9.08*CS:0000376090325*9.08~SE*1786*000010012~GE*1*300024503~IEA*1*300024503~