ISA*00*          *00*          *ZZ*COMEDASSISTPROG*ZZ*6769489        *200601*0228*^*00501*300012198*0*P*:~GS*HP*COMEDASSISTPROG*6769489*20200601*022857*300012198*X*005010X221A1~ST*835*000010011~BPR*I*8373.67*C*ACH*CCP*01*075911603*DA*00000004556640373*1811725341**01*102106569*DA*2200002989138*20200601~TRN*1*000991066*1811725341~REF*EV*1508250911~DTM*405*20200529~N1*PR*CO_TXIX*XV*7912900843~N3*P.O. BOX 30~N4*DENVER*CO*80201~PER*CX*MEDICAID PROVIDER SERVICES*TE*8442352387~PER*BL*MEDICAID PROVIDER SERVICES*TE*8442352387~N1*PE*HEALTH SOLUTIONS MED CENTER*XX*1508250911~REF*TJ*841158933~LX*1~CLP*000100033513*2*22*2.28**MC*2020147002024~NM1*QC*1*CRUZ*JUDIE****MR*A427822~NM1*82*1*CADDALI*ESTRELLA*A***XX*1164974580~REF*EA*BB375C9914D04C8AB226F8577A2F3684~DTM*232*20200421~DTM*233*20200421~SVC*HC:G2012*22*2.28**1~DTM*472*20200421~CAS*OA*P22*19.72~REF*6R*CPO2JNCM492Z~AMT*B6*2.28~LQ*HE*MA125~LQ*HE*MA125~CLP*000100032599*2*22*2.28**MC*2020147002019~NM1*QC*1*GREEN*DAVID*W***MR*N673974~NM1*82*1*GRONEMEYER*LEANNE*R***XX*1659521045~REF*EA*AD46C54F70824795BA1D71A46372A9E0~DTM*232*20200401~DTM*233*20200401~SVC*HC:G2012*22*2.28**1~DTM*472*20200401~CAS*OA*P22*19.72~REF*6R*CPO2SHFGTA6F~AMT*B6*2.28~LQ*HE*MA125~LQ*HE*MA125~CLP*000100035097*1*178.3*65.81**MC*2020150050112~NM1*QC*1*AMES*STACY*L***MR*K978061~NM1*82*1*CADDALI*ESTRELLA*A***XX*1164974580~REF*EA*A12005C854514B598FFB58B58A58F41F~DTM*232*20200520~DTM*233*20200520~SVC*HC:99213*178.3*65.81**1~DTM*472*20200520~CAS*CO*45*112.49~REF*6R*CPQUGXSGCKSK~AMT*B6*65.81~LQ*HE*N381~CLP*000100034734*1*178.3*63.81*2*MC*2020150050090~NM1*QC*1*ARNETT*MAHLON*E***MR*P295598~NM1*82*1*GRONEMEYER*LEANNE*R***XX*1659521045~REF*EA*BB91B7F7522F4780B065C33E592CBBE4~DTM*232*20200514~DTM*233*20200514~SVC*HC:99213*178.3*63.81**1~DTM*472*20200514~CAS*PR*3*2~CAS*CO*45*112.49~REF*6R*CPQU4B19ORLR~AMT*B6*65.81~LQ*HE*N381~LQ*HE*N381~CLP*000100035192*1*19*11.82**MC*2020150050108~NM1*QC*1*ARPAN*AZELIA*T***MR*Y992951~NM1*82*1*CADDALI*ESTRELLA*A***XX*1164974580~REF*EA*2505C022E1D2465EAFF13710204787A6~DTM*232*20200522~DTM*233*20200522~SVC*HC:81002*4*3.4**1~DTM*472*20200522~CAS*CO*45*.6~REF*6R*CPQU4GII0FE2~AMT*B6*3.4~LQ*HE*N381~SVC*HC:81025*15*8.42**1~DTM*472*20200522~CAS*CO*45*6.58~REF*6R*CPQUEETETG00~AMT*B6*8.42~LQ*HE*N381~CLP*000100035192*1*178.3*65.81**MC*2020150050109~NM1*QC*1*ARPAN*AZELIA*T***MR*Y992951~NM1*82*1*CADDALI*ESTRELLA*A***XX*1164974580~REF*EA*F12C8E791536440C88993D4BE4439B63~DTM*232*20200522~DTM*233*20200522~SVC*HC:99213:25*178.3*65.81**1~DTM*472*20200522~CAS*CO*45*112.49~REF*6R*CPQUXLL1ZPHH~AMT*B6*65.81~LQ*HE*N381~CLP*000100034870*1*178.3*65.81**MC*2020150050043~NM1*QC*1*ASKINS*STACY*J***MR*P163936~NM1*82*1*GRONEMEYER*LEANNE*R***XX*1659521045~REF*EA*54E11720BAED49A49229A9DDF7D87420~DTM*232*20200518~DTM*233*20200518~SVC*HC:99213*178.3*65.81**1~DTM*472*20200518~CAS*CO*45*112.49~REF*6R*CPQUAHXXW151~AMT*B6*65.81~LQ*HE*N381~CLP*000100034623*1*15*7.42*1*MC*2020150050074~NM1*QC*1*AVILA*SHANNA****MR*K598901~NM1*82*1*GRONEMEYER*LEANNE*R***XX*1659521045~REF*EA*E4424CC7CB2F4DD9BE1849526428C44A~DTM*232*20200512~DTM*233*20200512~SVC*HC:81025*15*7.42**1~DTM*472*20200512~CAS*PR*3*1~CAS*CO*45*6.58~REF*6R*CPQUPBE3LKWD~AMT*B6*8.42~LQ*HE*N381~LQ*HE*N381~CLP*000100034623*1*178.3*63.81*2*MC*2020150050075~NM1*QC*1*AVILA*SHANNA****MR*K598901~NM1*82*1*GRONEMEYER*LEANNE*R***XX*1659521045~REF*EA*35002169CAAC478684FF9D6C3E5C9E20~DTM*232*20200512~DTM*233*20200512~SVC*HC:99213:25*178.3*63.81**1~DTM*472*20200512~CAS*PR*3*2~CAS*CO*45*112.49~REF*6R*CPQULFVJOU74~AMT*B6*65.81~LQ*HE*N381~LQ*HE*N381~CLP*000100034740*1*4*3.4**MC*2020150050069~NM1*QC*1*BACKUSH*SUMAYAH*H***MR*Y862562~NM1*82*1*GRONEMEYER*LEANNE*R***XX*1659521045~REF*EA*9F0BA6D35F2D4AA6B6396FB91B3D2CBB~DTM*232*20200514~DTM*233*20200514~SVC*HC:81002*4*3.4**1~DTM*472*20200514~CAS*CO*45*.6~REF*6R*CPQUZBFZ5NE3~AMT*B6*3.4~LQ*HE*N381~CLP*000100034740*1*178.3*65.81**MC*2020150050070~NM1*QC*1*BACKUSH*SUMAYAH*H***MR*Y862562~NM1*82*1*GRONEMEYER*LEANNE*R***XX*1659521045~REF*EA*17AE4C1766CE4AC9910E537F7356D6BC~DTM*232*20200514~DTM*233*20200514~SVC*HC:99213:25*178.3*65.81**1~DTM*472*20200514~CAS*CO*45*112.49~REF*6R*CPQUFD5FQBIF~AMT*B6*65.81~LQ*HE*N381~CLP*000100034538*1*710.01*117.35*2*MC*2020150050088~NM1*QC*1*BARROS*LEE****MR*Y569184~NM1*82*1*GRONEMEYER*LEANNE*R***XX*1659521045~REF*EA*F6A30394091D459BBEA9FA897F53FE26~DTM*232*20200511~DTM*233*20200511~SVC*HC:99203:25*266.84*95.43**1~DTM*472*20200511~CAS*PR*3*2~CAS*CO*45*169.41~REF*6R*CPQUXOPYWN5T~AMT*B6*97.43~LQ*HE*N381~LQ*HE*N381~SVC*HC:H0049*403.17*10.92**1~DTM*472*20200511~CAS*CO*45*392.25~REF*6R*CPQUFYP940WS~AMT*B6*10.92~LQ*HE*N381~SVC*HC:G8510*40*11**1~DTM*472*20200511~CAS*CO*45*29~REF*6R*CPQU7IPZD9V6~AMT*B6*11~LQ*HE*N381~CLP*000100034538*1*27.33*5.67*1*MC*2020150050089~NM1*QC*1*BARROS*LEE****MR*Y569184~NM1*82*1*GRONEMEYER*LEANNE*R***XX*1659521045~REF*EA*C9425B94C1B6434C8460EFA6CF48D08D~DTM*232*20200511~DTM*233*20200511~SVC*HC:86580*27.33*5.67**1~DTM*472*20200511~CAS*PR*3*1~CAS*CO*45*20.66~REF*6R*CPQU54CCKARI~AMT*B6*6.67~LQ*HE*N381~LQ*HE*N381~CLP*000100033113*2*436.54*59.26**MC*2020150050012~NM1*QC*1*BROWN*SAMANTHA*L***MR*U792619~NM1*82*1*LEWIS*HOLLY*G***XX*1295234128~REF*EA*11875DB6CC8A4BF7869A6E1ADB14789A~DTM*232*20200413~DTM*233*20200413~SVC*HC:90837*436.54*59.26**1~DTM*472*20200413~CAS*CO*45*332.28~CAS*OA*23*45~REF*6R*CPQU8YZ3D4P0~AMT*B6*104.26~LQ*HE*MA125~LQ*HE*N381~CLP*000100033441*2*436.54*59.26**MC*2020150050013~NM1*QC*1*BROWN*SAMANTHA*L***MR*U792619~NM1*82*1*LEWIS*HOLLY*G***XX*1295234128~REF*EA*D16698395EE6461F84924D4D6FB178CD~DTM*232*20200420~DTM*233*20200420~SVC*HC:90837*436.54*59.26**1~DTM*472*20200420~CAS*CO*45*332.28~CAS*OA*23*45~REF*6R*CPQUSOBILI76~AMT*B6*104.26~LQ*HE*MA125~LQ*HE*N381~CLP*000100033825*2*436.54*59.26**MC*2020150050014~NM1*QC*1*BROWN*SAMANTHA*L***MR*U792619~NM1*82*1*LEWIS*HOLLY*G***XX*1295234128~REF*EA*34499F17C2B040EC986EE15B3F437AC5~DTM*232*20200427~DTM*233*20200427~SVC*HC:90837*436.54*59.26**1~DTM*472*20200427~CAS*CO*45*332.28~CAS*OA*23*45~REF*6R*CPQUNKNPDBUG~AMT*B6*104.26~LQ*HE*MA125~LQ*HE*N381~CLP*000100034211*1*450.07*149.59**MC*2020150050030~NM1*QC*1*BUENO*ANGELA****MR*O215379~NM1*82*1*GRONEMEYER*LEANNE*R***XX*1659521045~REF*EA*B1A93741AD304E72AECAD2D21B3ABF4E~DTM*232*20200505~DTM*233*20200505~SVC*HC:99204:25*450.07*149.59**1~DTM*472*20200505~CAS*CO*45*300.48~REF*6R*CPQU1DDA2Y40~AMT*B6*149.59~LQ*HE*N381~CLP*000100034580*1*178.3*65.81**MC*2020150050031~NM1*QC*1*BUENO*ANGELA****MR*O215379~NM1*82*1*GRONEMEYER*LEANNE*R***XX*1659521045~REF*EA*B823AF2070974B12BBF5583529DB100B~DTM*232*20200512~DTM*233*20200512~SVC*HC:99213*178.3*65.81**1~DTM*472*20200512~CAS*CO*45*112.49~REF*6R*CPQUE1P34QHK~AMT*B6*65.81~LQ*HE*N381~CLP*000100034211*1*4*3.4**MC*2020150050032~NM1*QC*1*BUENO*ANGELA****MR*O215379~NM1*82*1*GRONEMEYER*LEANNE*R***XX*1659521045~REF*EA*AEA77DEAB3074D02A9E150DD020DD472~DTM*232*20200505~DTM*233*20200505~SVC*HC:81002*4*3.4**1~DTM*472*20200505~CAS*CO*45*.6~REF*6R*CPQUQETNUWF3~AMT*B6*3.4~LQ*HE*N381~CLP*000100035063*1*178.3*65.81**MC*2020150050073~NM1*QC*1*CARBAJAL*MELISSA****MR*A287390~NM1*82*1*CADDALI*ESTRELLA*A***XX*1164974580~REF*EA*A13ED05C907B43EB8D7642D5B4ADC48B~DTM*232*20200520~DTM*233*20200520~SVC*HC:99213*178.3*65.81**1~DTM*472*20200520~CAS*CO*45*112.49~REF*6R*CPQU6U807408~AMT*B6*65.81~LQ*HE*N381~CLP*000100034748*1*178.3*65.81**MC*2020150050038~NM1*QC*1*CHAVEZ*NATALIE*J***MR*Q822065~NM1*82*1*GRONEMEYER*LEANNE*R***XX*1659521045~REF*EA*3ADA58196B8D4F58A12D8EB946ABAB8C~DTM*232*20200514~DTM*233*20200514~SVC*HC:99213*178.3*65.81**1~DTM*472*20200514~CAS*CO*45*112.49~REF*6R*CPQUWCFV39DV~AMT*B6*65.81~LQ*HE*N381~CLP*000100035001*1*178.3*65.81**MC*2020150050086~NM1*QC*1*COBERLY*DOUGLAS*D***MR*R899013~NM1*82*1*GRONEMEYER*LEANNE*R***XX*1659521045~REF*EA*7DB8853BD29C4C559605AC5DBF723FCB~DTM*232*20200519~DTM*233*20200519~SVC*HC:99213*178.3*65.81**1~DTM*472*20200519~CAS*CO*45*112.49~REF*6R*CPQUEZMOHC2L~AMT*B6*65.81~LQ*HE*N381~CLP*000100034759*1*178.3*65.81**MC*2020150050060~NM1*QC*1*COLEMAN*ZOEI*J***MR*P176370~NM1*82*1*GRONEMEYER*LEANNE*R***XX*1659521045~REF*EA*6ED03113376B4E2999C5929838EE6218~DTM*232*20200514~DTM*233*20200514~SVC*HC:99213*178.3*65.81**1~DTM*472*20200514~CAS*CO*45*112.49~REF*6R*CPQUQJNDVJWV~AMT*B6*65.81~LQ*HE*N381~CLP*000100034988*1*272.99*97.11**MC*2020150050077~NM1*QC*1*COOK*DOUGLAS*J***MR*Y539973~NM1*82*1*CADDALI*ESTRELLA*A***XX*1164974580~REF*EA*791E8759D0004954B9DA02A45FF7EA96~DTM*232*20200519~DTM*233*20200519~SVC*HC:99214*272.99*97.11**1~DTM*472*20200519~CAS*CO*45*175.88~REF*6R*CPQUBEI2JRB5~AMT*B6*97.11~LQ*HE*N381~CLP*000100034275*1*178.3*65.81**MC*2020150050111~NM1*QC*1*DIAZ*DOMINIC*M***MR*U857412~NM1*82*1*GRONEMEYER*LEANNE*R***XX*1659521045~REF*EA*5F958A9733BB4704AEDCC2FEFFAB7000~DTM*232*20200506~DTM*233*20200506~SVC*HC:99213*178.3*65.81**1~DTM*472*20200506~CAS*CO*45*112.49~REF*6R*CPQU8S8MUURK~AMT*B6*65.81~LQ*HE*N381~CLP*000100034977*1*217.66*55.35**MC*2020150050015~NM1*QC*1*DONOHEW*JAMES*W***MR*O638223~NM1*82*1*LEWIS*HOLLY*G***XX*1295234128~REF*EA*E67A22790593442C910CAA6AE70DE834~DTM*232*20200519~DTM*233*20200519~SVC*HC:90832*217.66*55.35**1~DTM*472*20200519~CAS*CO*45*162.31~REF*6R*CPQUNJE3E22K~AMT*B6*55.35~LQ*HE*N381~CLP*000100034769*1*893.24*171.51**MC*2020150050062~NM1*QC*1*ELLEFSEN*KAREN*E***MR*R311092~NM1*82*1*GRONEMEYER*LEANNE*R***XX*1659521045~REF*EA*BED7525F5657446683F4346F0890BDB1~DTM*232*20200514~DTM*233*20200514~SVC*HC:99204:25*450.07*149.59**1~DTM*472*20200514~CAS*CO*45*300.48~REF*6R*CPQUJBJR2CQI~AMT*B6*149.59~LQ*HE*N381~SVC*HC:H0049*403.17*10.92**1~DTM*472*20200514~CAS*CO*45*392.25~REF*6R*CPQUT8UPTF6D~AMT*B6*10.92~LQ*HE*N381~SVC*HC:G8510*40*11**1~DTM*472*20200514~CAS*CO*45*29~REF*6R*CPQUE1NP0ZP4~AMT*B6*11~LQ*HE*N381~CLP*000100034141*1*178.3*65.81**MC*2020150050082~NM1*QC*1*FERRIS*JOSHUA*R***MR*U655766~NM1*82*1*GRONEMEYER*LEANNE*R***XX*1659521045~REF*EA*AE8E5A51A064487DACFC71D60228F3D4~DTM*232*20200504~DTM*233*20200504~SVC*HC:99213*178.3*65.81**1~DTM*472*20200504~CAS*CO*45*112.49~REF*6R*CPQU9S3AYA1F~AMT*B6*65.81~LQ*HE*N381~CLP*000100035139*1*178.3*65.81**MC*2020150050113~NM1*QC*1*FISHBACK*JEFF*A***MR*O617751~NM1*82*1*CADDALI*ESTRELLA*A***XX*1164974580~REF*EA*696B6BA5CF7B4C2EB3C5C6B31ED10D35~DTM*232*20200521~DTM*233*20200521~SVC*HC:99213*178.3*65.81**1~DTM*472*20200521~CAS*CO*45*112.49~REF*6R*CPQUTQRW1DYQ~AMT*B6*65.81~LQ*HE*N381~CLP*000100034783*1*178.3*65.81**MC*2020150050034~NM1*QC*1*GALLEGOS*ANNETTE*R***MR*O775073~NM1*82*1*GRONEMEYER*LEANNE*R***XX*1659521045~REF*EA*40AB5419725641C8B26F39B744353158~DTM*232*20200514~DTM*233*20200514~SVC*HC:99213*178.3*65.81**1~DTM*472*20200514~CAS*CO*45*112.49~REF*6R*CPQUGDB0I757~AMT*B6*65.81~LQ*HE*N381~CLP*000100034672*1*621.47*85.73*2*MC*2020150050096~NM1*QC*1*GIERHART*JAMES*T***MR*G669412~NM1*82*1*GRONEMEYER*LEANNE*R***XX*1659521045~REF*EA*EB591E62123143299D53B66D4672614F~DTM*232*20200513~DTM*233*20200513~SVC*HC:99213:25*178.3*63.81**1~DTM*472*20200513~CAS*PR*3*2~CAS*CO*45*112.49~REF*6R*CPQUWT4UCPCJ~AMT*B6*65.81~LQ*HE*N381~LQ*HE*N381~SVC*HC:H0049*403.17*10.92**1~DTM*472*20200513~CAS*CO*45*392.25~REF*6R*CPQURHZSV4D8~AMT*B6*10.92~LQ*HE*N381~SVC*HC:G8510*40*11**1~DTM*472*20200513~CAS*CO*45*29~REF*6R*CPQUEH29WKGG~AMT*B6*11~LQ*HE*N381~CLP*000100034709*1*178.3*65.81**MC*2020150050104~NM1*QC*1*GOW*LAYLA*A***MR*O314223~NM1*82*1*GRONEMEYER*LEANNE*R***XX*1659521045~REF*EA*E866012E53534F449B04CA6C1625C4E4~DTM*232*20200513~DTM*233*20200513~SVC*HC:99213*178.3*65.81**1~DTM*472*20200513~CAS*CO*45*112.49~REF*6R*CPQU524YKYDD~AMT*B6*65.81~LQ*HE*N381~CLP*000100034906*1*178.3*65.81**MC*2020150050105~NM1*QC*1*GOW*LAYLA*A***MR*O314223~NM1*82*1*GRONEMEYER*LEANNE*R***XX*1659521045~REF*EA*C680E9CC3B22431582762154E143536D~DTM*232*20200518~DTM*233*20200518~SVC*HC:99213*178.3*65.81**1~DTM*472*20200518~CAS*CO*45*112.49~REF*6R*CPQU6HDUJXEO~AMT*B6*65.81~LQ*HE*N381~CLP*000100034311*1*178.3*65.81**MC*2020150050035~NM1*QC*1*GRAVES*DILLON*M***MR*Y440957~NM1*74*1*GRAVIES~NM1*82*1*GRONEMEYER*LEANNE*R***XX*1659521045~REF*EA*CB3CDCEFB41D4C0AB930460DCD50232D~DTM*232*20200506~DTM*233*20200506~SVC*HC:99213*178.3*65.81**1~DTM*472*20200506~CAS*CO*45*112.49~REF*6R*CPQUGKI31CIG~AMT*B6*65.81~LQ*HE*N381~CLP*000100034223*1*272.99*97.11**MC*2020150050036~NM1*QC*1*GRAVES*DILLON*M***MR*Y440957~NM1*74*1*GRAVIES~NM1*82*1*GRONEMEYER*LEANNE*R***XX*1659521045~REF*EA*87635F28296C4C5A8E48C6E300014205~DTM*232*20200505~DTM*233*20200505~SVC*HC:99214*272.99*97.11**1~DTM*472*20200505~CAS*CO*45*175.88~REF*6R*CPQUYAP0ATKE~AMT*B6*97.11~LQ*HE*N381~CLP*000100034309*1*178.3*65.81**MC*2020150050027~NM1*QC*1*GRAY*JAMES****MR*J248474~NM1*82*1*GRONEMEYER*LEANNE*R***XX*1659521045~REF*EA*63C116E315F34D53A3996B0560AA8693~DTM*232*20200506~DTM*233*20200506~SVC*HC:99213*178.3*65.81**1~DTM*472*20200506~CAS*CO*45*112.49~REF*6R*CPQUFJEI565L~AMT*B6*65.81~LQ*HE*N381~CLP*000100033964*1*178.3*63.81*2*MC*2020150050095~NM1*QC*1*GUERRERO*SONYA*M***MR*S127505~NM1*82*1*GRONEMEYER*LEANNE*R***XX*1659521045~REF*EA*FE72F6D97E5243AAA4357F5A5E0D36D7~DTM*232*20200429~DTM*233*20200429~SVC*HC:99213*178.3*63.81**1~DTM*472*20200429~CAS*PR*3*2~CAS*CO*45*112.49~REF*6R*CPQUCMORTBNZ~AMT*B6*65.81~LQ*HE*N381~LQ*HE*N381~CLP*000100034964*1*168.56*52.62**MC*2020150050051~NM1*QC*1*HEAD*TERRI*L***MR*Y486682~NM1*82*1*CADDALI*ESTRELLA*A***XX*1164974580~REF*EA*E3643BBD3249410C866D8B3D248C286E~DTM*232*20200519~DTM*233*20200519~SVC*HC:93000*54.67*21.5**1~DTM*472*20200519~CAS*CO*45*33.17~REF*6R*CPQUZIVW0U4C~AMT*B6*21.5~LQ*HE*N381~SVC*HC:94010*113.89*31.12**1~DTM*472*20200519~CAS*CO*45*82.77~REF*6R*CPQUD9HPT7EJ~AMT*B6*31.12~LQ*HE*N381~CLP*000100034964*1*621.47*87.73**MC*2020150050052~NM1*QC*1*HEAD*TERRI*L***MR*Y486682~NM1*82*1*CADDALI*ESTRELLA*A***XX*1164974580~REF*EA*5456F03B74DE4512A85CA60DC1BD4BC0~DTM*232*20200519~DTM*233*20200519~SVC*HC:99213:25*178.3*65.81**1~DTM*472*20200519~CAS*CO*45*112.49~REF*6R*CPQUKHMA1UFF~AMT*B6*65.81~LQ*HE*N381~SVC*HC:H0049*403.17*10.92**1~DTM*472*20200519~CAS*CO*45*392.25~REF*6R*CPQUQ80I5QPG~AMT*B6*10.92~LQ*HE*N381~SVC*HC:G8510*40*11**1~DTM*472*20200519~CAS*CO*45*29~REF*6R*CPQUGWT2236W~AMT*B6*11~LQ*HE*N381~CLP*000100034330*1*178.3*65.81**MC*2020150050092~NM1*QC*1*HERNANDEZ*DEREK*G***MR*Q002007~NM1*82*1*GRONEMEYER*LEANNE*R***XX*1659521045~REF*EA*F4BDB99FA85440D7BEACE14E128A528A~DTM*232*20200506~DTM*233*20200506~SVC*HC:99213*178.3*65.81**1~DTM*472*20200506~CAS*CO*45*112.49~REF*6R*CPQU3F203OI5~AMT*B6*65.81~LQ*HE*N381~CLP*000100034346*1*1888.99*1254**MC*2020150050040~NM1*QC*1*JIRON*ROMAN****MR*G679343~NM1*82*1*GRONEMEYER*LEANNE*R***XX*1659521045~REF*EA*7C30FC5CB32F4A688F0B291D2749E84C~DTM*232*20200506~DTM*233*20200506~SVC*HC:96372*83.99*0**0**1~DTM*472*20200506~CAS*CO*109*83.99~REF*6R*CPQU1LLDC63N~LQ*HE*N381~SVC*HC:J2315*1805*1254**380~DTM*472*20200506~CAS*CO*45*551~REF*6R*CPQUCBSB3SXR~AMT*B6*1254~LQ*HE*N381~CLP*000100034346*1*178.3*65.81**MC*2020150050041~NM1*QC*1*JIRON*ROMAN****MR*G679343~NM1*82*1*GRONEMEYER*LEANNE*R***XX*1659521045~REF*EA*6D8C5F9842FA459287BDC2BBA4E332FF~DTM*232*20200506~DTM*233*20200506~SVC*HC:99213:25*178.3*65.81**1~DTM*472*20200506~CAS*CO*45*112.49~REF*6R*CPQUD2WNWU1N~AMT*B6*65.81~LQ*HE*N381~CLP*000100034121*1*178.3*65.81**MC*2020150050067~NM1*QC*1*LOVATO*JOHN****MR*C530359~NM1*82*1*GRONEMEYER*LEANNE*R***XX*1659521045~REF*EA*F364956F6A294598A66499BD06FF23F0~DTM*232*20200504~DTM*233*20200504~SVC*HC:99213*178.3*65.81**1~DTM*472*20200504~CAS*CO*45*112.49~REF*6R*CPQUO854ZTHU~AMT*B6*65.81~LQ*HE*N381~CLP*000100034648*1*178.3*65.81**MC*2020150050107~NM1*QC*1*MADRID*CLORISSA****MR*G303592~NM1*82*1*GRONEMEYER*LEANNE*R***XX*1659521045~REF*EA*4396A07D71F84740B3C5461557672C00~DTM*232*20200513~DTM*233*20200513~SVC*HC:99213*178.3*65.81**1~DTM*472*20200513~CAS*CO*45*112.49~REF*6R*CPQUKUXQ9GTK~AMT*B6*65.81~LQ*HE*N381~CLP*000100034676*1*178.3*65.81**MC*2020150050066~NM1*QC*1*MAITLAND*MATTHEW****MR*P947985~NM1*82*1*GRONEMEYER*LEANNE*R***XX*1659521045~REF*EA*8A4E46652AED4D6B86B13E674DAF8C22~DTM*232*20200513~DTM*233*20200513~SVC*HC:99213*178.3*65.81**1~DTM*472*20200513~CAS*CO*45*112.49~REF*6R*CPQU03DQRK8Y~AMT*B6*65.81~LQ*HE*N381~CLP*000100033991*1*178.3*65.81**MC*2020150050044~NM1*QC*1*MAXFIELD*KENDRA*M***MR*N150478~NM1*74*1*MAXFIED~NM1*82*1*GRONEMEYER*LEANNE*R***XX*1659521045~REF*EA*9A93F7B7DACD4612976B38D1588DA632~DTM*232*20200429~DTM*233*20200429~SVC*HC:99213*178.3*65.81**1~DTM*472*20200429~CAS*CO*45*112.49~REF*6R*CPQUMDYDQS3K~AMT*B6*65.81~LQ*HE*N381~CLP*000100034980*1*272.99*97.11**MC*2020150050061~NM1*QC*1*MCCLURE*THOMAS*M***MR*K853447~NM1*82*1*CADDALI*ESTRELLA*A***XX*1164974580~REF*EA*26006EA0CC5E4754B1F4C68ADAE171A6~DTM*232*20200519~DTM*233*20200519~SVC*HC:99214*272.99*97.11**1~DTM*472*20200519~CAS*CO*45*175.88~REF*6R*CPQUOBLVV8FE~AMT*B6*97.11~LQ*HE*N381~CLP*000100035084*1*178.3*65.81**MC*2020150050110~NM1*QC*1*MEDINA*TERRIE****MR*J956795~NM1*82*1*CADDALI*ESTRELLA*A***XX*1164974580~REF*EA*C164ED09E10746C398CAD5DA6316071D~DTM*232*20200520~DTM*233*20200520~SVC*HC:99213*178.3*65.81**1~DTM*472*20200520~CAS*CO*45*112.49~REF*6R*CPQUKCNWMDPT~AMT*B6*65.81~LQ*HE*N381~CLP*000100034684*1*178.3*65.81**MC*2020150050068~NM1*QC*1*MONSON*SAVANNAH*R***MR*U391305~NM1*82*1*GRONEMEYER*LEANNE*R***XX*1659521045~REF*EA*EED98E588EFB4757AC1B605A90689B4B~DTM*232*20200513~DTM*233*20200513~SVC*HC:99213*178.3*65.81**1~DTM*472*20200513~CAS*CO*45*112.49~REF*6R*CPQUO6YWIU8B~AMT*B6*65.81~LQ*HE*N381~CLP*000100034043*1*178.3*65.81**MC*2020150050033~NM1*QC*1*MONTANO*FRANK*D***MR*Y033827~NM1*82*1*GRONEMEYER*LEANNE*R***XX*1659521045~REF*EA*4B313DD658B746A9BF9E0D57AAB4E2D0~DTM*232*20200430~DTM*233*20200430~SVC*HC:99213*178.3*65.81**1~DTM*472*20200430~CAS*CO*45*112.49~REF*6R*CPQUXHKG6VGF~AMT*B6*65.81~LQ*HE*N381~CLP*000100034146*1*178.3*63.81*2*MC*2020150050098~NM1*QC*1*MUNIZ*SHARON*M***MR*J463636~NM1*82*1*GRONEMEYER*LEANNE*R***XX*1659521045~REF*EA*E4987AFA765F4BD080DE92EF8C8D0D69~DTM*232*20200504~DTM*233*20200504~SVC*HC:99213*178.3*63.81**1~DTM*472*20200504~CAS*PR*3*2~CAS*CO*45*112.49~REF*6R*CPQUAJPPLZ3N~AMT*B6*65.81~LQ*HE*N381~LQ*HE*N381~CLP*000100034891*1*178.3*63.81*2*MC*2020150050076~NM1*QC*1*NELSON*WILLIAM*L***MR*C654639~NM1*82*1*GRONEMEYER*LEANNE*R***XX*1659521045~REF*EA*CE8C741A553949EA813E09027B8CA3EA~DTM*232*20200518~DTM*233*20200518~SVC*HC:99213*178.3*63.81**1~DTM*472*20200518~CAS*PR*3*2~CAS*CO*45*112.49~REF*6R*CPQU407RYUP6~AMT*B6*65.81~LQ*HE*N381~LQ*HE*N381~CLP*000100035169*1*272.99*95.11*2*MC*2020150050100~NM1*QC*1*NEWBERRY*JASON*L***MR*G771153~NM1*82*1*CADDALI*ESTRELLA*A***XX*1164974580~REF*EA*F0B50671CC794432B17F70F966D26568~DTM*232*20200522~DTM*233*20200522~SVC*HC:99214*272.99*95.11**1~DTM*472*20200522~CAS*PR*3*2~CAS*CO*45*175.88~REF*6R*CPQUHC9LO6RZ~AMT*B6*97.11~LQ*HE*N381~LQ*HE*N381~CLP*000100034871*1*178.3*63.81*2*MC*2020150050083~NM1*QC*1*NORIEGA*JUDY*L***MR*I831249~NM1*82*1*GRONEMEYER*LEANNE*R***XX*1659521045~REF*EA*5FF48229AE124330BD228F3156DFB3EA~DTM*232*20200518~DTM*233*20200518~SVC*HC:99213*178.3*63.81**1~DTM*472*20200518~CAS*PR*3*2~CAS*CO*45*112.49~REF*6R*CPQUAOGEER4O~AMT*B6*65.81~LQ*HE*N381~LQ*HE*N381~CLP*000100035173*1*197.3*93.37**MC*2020150050042~NM1*QC*1*OLSON*FELICITY****MR*P253379~NM1*82*1*CADDALI*ESTRELLA*A***XX*1164974580~REF*EA*E5CFD2E9296B4ADA95AFE1328BC01259~DTM*232*20200522~DTM*233*20200522~SVC*HC:99213:25:FP*178.3*81.55**1~DTM*472*20200522~CAS*CO*45*96.75~REF*6R*CPQUA3MSH96E~AMT*B6*81.55~LQ*HE*N381~SVC*HC:81002*4*3.4**1~DTM*472*20200522~CAS*CO*45*.6~REF*6R*CPQUR5GMFLV0~AMT*B6*3.4~LQ*HE*N381~SVC*HC:81025:FP*15*8.42**1~DTM*472*20200522~CAS*CO*45*6.58~REF*6R*CPQUDQJQX3B7~AMT*B6*8.42~LQ*HE*N381~CLP*000100034857*1*178.3*65.81**MC*2020150050071~NM1*QC*1*ORTIZ*EMILY****MR*L289179~NM1*82*1*GRONEMEYER*LEANNE*R***XX*1659521045~REF*EA*A9314706A13241438D97FBD196391208~DTM*232*20200518~DTM*233*20200518~SVC*HC:99213*178.3*65.81**1~DTM*472*20200518~CAS*CO*45*112.49~REF*6R*CPQU8MNP588E~AMT*B6*65.81~LQ*HE*N381~CLP*000100035069*1*178.3*65.81**MC*2020150050085~NM1*QC*1*PAULSEN*STACY****MR*W216187~NM1*82*1*CADDALI*ESTRELLA*A***XX*1164974580~REF*EA*886AB257F5CD4CE1A88BA3975C98D6A2~DTM*232*20200520~DTM*233*20200520~SVC*HC:99213*178.3*65.81**1~DTM*472*20200520~CAS*CO*45*112.49~REF*6R*CPQUPI11KDDJ~AMT*B6*65.81~LQ*HE*N381~CLP*000100034545*1*178.3*65.81**MC*2020150050099~NM1*QC*1*PHILLIPS*LENORA****MR*A067537~NM1*82*1*GRONEMEYER*LEANNE*R***XX*1659521045~REF*EA*92076C87E91E41908756B151EA4F5403~DTM*232*20200511~DTM*233*20200511~SVC*HC:99213*178.3*65.81**1~DTM*472*20200511~CAS*CO*45*112.49~REF*6R*CPQUQWNDLF89~AMT*B6*65.81~LQ*HE*N381~CLP*000100034739*1*178.3*65.81**MC*2020150050114~NM1*QC*1*QUINTANA*ANDRES****MR*P873770~NM1*82*1*GRONEMEYER*LEANNE*R***XX*1659521045~REF*EA*E3C31F3CE0E64418892780F425C2EA9B~DTM*232*20200514~DTM*233*20200514~SVC*HC:99213*178.3*65.81**1~DTM*472*20200514~CAS*CO*45*112.49~REF*6R*CPQUI36OTD3N~AMT*B6*65.81~LQ*HE*N381~CLP*000100035043*1*272.99*97.11**MC*2020150050037~NM1*QC*1*ROYBAL*CELESTINA*A***MR*I238627~NM1*82*1*CADDALI*ESTRELLA*A***XX*1164974580~REF*EA*89C51D6691E6435B9A9917F2001F6B23~DTM*232*20200520~DTM*233*20200520~SVC*HC:99214*272.99*97.11**1~DTM*472*20200520~CAS*CO*45*175.88~REF*6R*CPQUUYKG616P~AMT*B6*97.11~LQ*HE*N381~CLP*000100034305*1*178.3*65.81**MC*2020150050093~NM1*QC*1*SAIS*PHILIP*R***MR*T398012~NM1*82*1*GRONEMEYER*LEANNE*R***XX*1659521045~REF*EA*6B87F71EA98947B797FD88AACEBA0F03~DTM*232*20200506~DTM*233*20200506~SVC*HC:99213*178.3*65.81**1~DTM*472*20200506~CAS*CO*45*112.49~REF*6R*CPQU9LCRIWUZ~AMT*B6*65.81~LQ*HE*N381~CLP*000100034962*1*233.99*105.09**MC*2020150050101~NM1*QC*1*RIVAS*JESSENIA*E***MR*W695307~NM1*74*1*SALAS~NM1*82*1*GRONEMEYER*LEANNE*R***XX*1659521045~REF*EA*EF3DDDFD59E044188205767F824D8A4D~DTM*232*20200519~DTM*233*20200519~SVC*HC:96372:FP*83.99*15.67**1~DTM*472*20200519~CAS*CO*45*68.32~REF*6R*CPQULLV0E3CQ~AMT*B6*15.67~LQ*HE*N381~SVC*HC:J1050:FP*135*81**150~DTM*472*20200519~CAS*CO*45*54~REF*6R*CPQU0VYUUFQO~AMT*B6*81~LQ*HE*N381~SVC*HC:81025:FP*15*8.42**1~DTM*472*20200519~CAS*CO*45*6.58~REF*6R*CPQU15XCW5VJ~AMT*B6*8.42~LQ*HE*N381~CLP*000100034867*1*621.47*103.47**MC*2020150050102~NM1*QC*1*RIVAS*JESSENIA*E***MR*W695307~NM1*74*1*SALAS~NM1*82*1*GRONEMEYER*LEANNE*R***XX*1659521045~REF*EA*170432C1BDAA4B09A79DCDBDB7DE7804~DTM*232*20200518~DTM*233*20200518~SVC*HC:99213:FP:25*178.3*81.55**1~DTM*472*20200518~CAS*CO*45*96.75~REF*6R*CPQU26U8FH8Z~AMT*B6*81.55~LQ*HE*N381~SVC*HC:H0049*403.17*10.92**1~DTM*472*20200518~CAS*CO*45*392.25~REF*6R*CPQUJI3FA5RD~AMT*B6*10.92~LQ*HE*N381~SVC*HC:G8510*40*11**1~DTM*472*20200518~CAS*CO*45*29~REF*6R*CPQU7C5G3TUI~AMT*B6*11~LQ*HE*N381~CLP*000100034729*1*178.3*65.81**MC*2020150050063~NM1*QC*1*SIGOURNEY*BRIAN*R***MR*V270102~NM1*82*1*GRONEMEYER*LEANNE*R***XX*1659521045~REF*EA*9601628CCD4941C796C038D71ADECD89~DTM*232*20200514~DTM*233*20200514~SVC*HC:99213*178.3*65.81**1~DTM*472*20200514~CAS*CO*45*112.49~REF*6R*CPQUZMG1CDO6~AMT*B6*65.81~LQ*HE*N381~CLP*000100034653*1*178.3*65.81**MC*2020150050064~NM1*QC*1*SIGOURNEY*BRIAN*R***MR*V270102~NM1*82*1*GRONEMEYER*LEANNE*R***XX*1659521045~REF*EA*B8B65A4D58AC4663BFBBD0E845850E57~DTM*232*20200513~DTM*233*20200513~SVC*HC:99213*178.3*65.81**1~DTM*472*20200513~CAS*CO*45*112.49~REF*6R*CPQU3HHIE0VI~AMT*B6*65.81~LQ*HE*N381~CLP*000100034596*1*272.99*97.11**MC*2020150050065~NM1*QC*1*SIGOURNEY*BRIAN*R***MR*V270102~NM1*82*1*GRONEMEYER*LEANNE*R***XX*1659521045~REF*EA*464C6D454A5D467FBE93F33AFCEF6C55~DTM*232*20200512~DTM*233*20200512~SVC*HC:99214*272.99*97.11**1~DTM*472*20200512~CAS*CO*45*175.88~REF*6R*CPQUBHJMSP5O~AMT*B6*97.11~LQ*HE*N381~CLP*000100035036*1*178.3*65.81**MC*2020150050029~NM1*QC*1*SIPES*TRAMANE*E***MR*F820443~NM1*82*1*CADDALI*ESTRELLA*A***XX*1164974580~REF*EA*59CDCE842B184D278095E7374CD2C113~DTM*232*20200520~DTM*233*20200520~SVC*HC:99213*178.3*65.81**1~DTM*472*20200520~CAS*CO*45*112.49~REF*6R*CPQUGWMHN64D~AMT*B6*65.81~LQ*HE*N381~CLP*000100035032*1*272.99*97.11**MC*2020150050103~NM1*QC*1*SISNEROS*GREGORY****MR*H774507~NM1*82*1*CADDALI*ESTRELLA*A***XX*1164974580~REF*EA*F6DAB3BC69FD4A7D8255D666166A98BE~DTM*232*20200520~DTM*233*20200520~SVC*HC:99214*272.99*97.11**1~DTM*472*20200520~CAS*CO*45*175.88~REF*6R*CPQU6SZBX2FJ~AMT*B6*97.11~LQ*HE*N381~CLP*000100034913*1*178.3*65.81**MC*2020150050087~NM1*QC*1*STRAIT*LORRAINE*A***MR*Y360507~NM1*82*1*GRONEMEYER*LEANNE*R***XX*1659521045~REF*EA*0948A6956A7845E49564400F6F0A917A~DTM*232*20200518~DTM*233*20200518~SVC*HC:99213*178.3*65.81**1~DTM*472*20200518~CAS*CO*45*112.49~REF*6R*CPQUAX2R9AU5~AMT*B6*65.81~LQ*HE*N381~CLP*000100034776*1*4*3.4**MC*2020150050049~NM1*QC*1*TAYLOR*JASMINE*A***MR*P163937~NM1*82*1*GRONEMEYER*LEANNE*R***XX*1659521045~REF*EA*C1A833C506014BC188E4C236987130DF~DTM*232*20200514~DTM*233*20200514~SVC*HC:81002:FP*4*3.4**1~DTM*472*20200514~CAS*CO*45*.6~REF*6R*CPQUZTUUBN8E~AMT*B6*3.4~LQ*HE*N381~CLP*000100034776*1*178.3*81.55**MC*2020150050050~NM1*QC*1*TAYLOR*JASMINE*A***MR*P163937~NM1*82*1*GRONEMEYER*LEANNE*R***XX*1659521045~REF*EA*2F5B3D947FA745DB934C7B3167053C33~DTM*232*20200514~DTM*233*20200514~SVC*HC:99213:FP:25*178.3*81.55**1~DTM*472*20200514~CAS*CO*45*96.75~REF*6R*CPQUP7PDA5V1~AMT*B6*81.55~LQ*HE*N381~CLP*000100034712*1*272.99*97.11**MC*2020150050055~NM1*QC*1*ULIBARRI*STEPHANIE*R***MR*W341555~NM1*82*1*CADDALI*ESTRELLA*A***XX*1164974580~REF*EA*01DD57AC7129437C8060402A5614882E~DTM*232*20200513~DTM*233*20200513~SVC*HC:99214*272.99*97.11**1~DTM*472*20200513~CAS*CO*45*175.88~REF*6R*CPQUQFYCOSMD~AMT*B6*97.11~LQ*HE*N381~CLP*000100034297*1*1888.99*1254**MC*2020150050056~NM1*QC*1*URIE*NATHAN*J***MR*Y183401~NM1*82*1*GRONEMEYER*LEANNE*R***XX*1659521045~REF*EA*D678C94936F24D8987AD5E3944E27296~DTM*232*20200506~DTM*233*20200507~SVC*HC:96372*83.99*0**0**1~DTM*150*20200506~DTM*151*20200507~CAS*CO*109*83.99~REF*6R*CPQUK54PA9GP~LQ*HE*N381~SVC*HC:J2315*1805*1254**380~DTM*472*20200506~CAS*CO*45*551~REF*6R*CPQUHEIFJP2H~AMT*B6*1254~LQ*HE*N381~CLP*000100034297*1*218.3*76.81**MC*2020150050057~NM1*QC*1*URIE*NATHAN*J***MR*Y183401~NM1*82*1*GRONEMEYER*LEANNE*R***XX*1659521045~REF*EA*08895EE4E6314A3E8B89B4272A809FC8~DTM*232*20200506~DTM*233*20200506~SVC*HC:99213:25*178.3*65.81**1~DTM*472*20200506~CAS*CO*45*112.49~REF*6R*CPQU48BH8NII~AMT*B6*65.81~LQ*HE*N381~SVC*HC:G8510*40*11**1~DTM*472*20200506~CAS*CO*45*29~REF*6R*CPQUFUIWBVF2~AMT*B6*11~LQ*HE*N381~CLP*000100033918*1*178.3*65.81**MC*2020150050019~NM1*QC*1*VARGAS*ERIKA*A***MR*L114609~NM1*82*1*GRONEMEYER*LEANNE*R***XX*1659521045~REF*EA*A996F233A0BE4CF4A33145EAFEB553B3~DTM*232*20200428~DTM*233*20200428~SVC*HC:99213:25*178.3*65.81**1~DTM*472*20200428~CAS*CO*45*112.49~REF*6R*CPQUAECFBSOZ~AMT*B6*65.81~LQ*HE*N381~CLP*000100033918*1*15*8.42**MC*2020150050022~NM1*QC*1*VARGAS*ERIKA*A***MR*L114609~NM1*82*1*GRONEMEYER*LEANNE*R***XX*1659521045~REF*EA*5EC2AF109AC247F4994756EC865CF136~DTM*232*20200428~DTM*233*20200428~SVC*HC:81025*15*8.42**1~DTM*472*20200428~CAS*CO*45*6.58~REF*6R*CPQUQDRLKBRW~AMT*B6*8.42~LQ*HE*N381~CLP*000100034615*1*621.47*107.25**MC*2020150050024~NM1*QC*1*VARGAS*ERIKA*A***MR*L114609~NM1*82*1*GRONEMEYER*LEANNE*R***XX*1659521045~REF*EA*65D269083DE0435780AE2B814657F70E~DTM*232*20200512~DTM*233*20200512~SVC*HC:99213:25*178.3*65.81**1~DTM*472*20200512~CAS*CO*45*112.49~REF*6R*CPQUBNLT5FLZ~AMT*B6*65.81~LQ*HE*N381~SVC*HC:H0049*403.17*10.92**1~DTM*472*20200512~CAS*CO*45*392.25~REF*6R*CPQU31GR4GBW~AMT*B6*10.92~LQ*HE*N381~SVC*HC:G8431*40*30.52**1~DTM*472*20200512~CAS*CO*45*9.48~REF*6R*CPQUP3JDSG4C~AMT*B6*30.52~LQ*HE*N381~CLP*000100034615*1*15*8.42**MC*2020150050026~NM1*QC*1*VARGAS*ERIKA*A***MR*L114609~NM1*82*1*GRONEMEYER*LEANNE*R***XX*1659521045~REF*EA*1F9652608E664156A4BAB90327ADF509~DTM*232*20200512~DTM*233*20200512~SVC*HC:81025*15*8.42**1~DTM*472*20200512~CAS*CO*45*6.58~REF*6R*CPQUQSM37LXQ~AMT*B6*8.42~LQ*HE*N381~CLP*000100034208*1*178.3*65.81**MC*2020150050115~NM1*QC*1*VARGAS*MAX****MR*S695147~NM1*82*1*GRONEMEYER*LEANNE*R***XX*1659521045~REF*EA*238028D0FE294B158E1B229E4ED4FA76~DTM*232*20200505~DTM*233*20200505~SVC*HC:99213*178.3*65.81**1~DTM*472*20200505~CAS*CO*45*112.49~REF*6R*CPQU8VMNH4BB~AMT*B6*65.81~LQ*HE*N381~CLP*000100034607*1*178.3*65.81**MC*2020150050116~NM1*QC*1*VARGAS*MAX****MR*S695147~NM1*82*1*GRONEMEYER*LEANNE*R***XX*1659521045~REF*EA*C94B28313BB243CBA91BB42D66A6473A~DTM*232*20200512~DTM*233*20200512~SVC*HC:99213*178.3*65.81**1~DTM*472*20200512~CAS*CO*45*112.49~REF*6R*CPQUC1EYZMD3~AMT*B6*65.81~LQ*HE*N381~CLP*000100034968*1*178.3*65.81**MC*2020150050117~NM1*QC*1*VARGAS*MAX****MR*S695147~NM1*82*1*GRONEMEYER*LEANNE*R***XX*1659521045~REF*EA*40DC8D9BF7334D118780E8BCFE25AEA1~DTM*232*20200519~DTM*233*20200519~SVC*HC:99213*178.3*65.81**1~DTM*472*20200519~CAS*CO*45*112.49~REF*6R*CPQURPUARY34~AMT*B6*65.81~LQ*HE*N381~CLP*000100035093*1*178.3*65.81**MC*2020150050058~NM1*QC*1*VELIZ*VENESSA*M***MR*M617287~NM1*82*1*CADDALI*ESTRELLA*A***XX*1164974580~REF*EA*39E9F075ECBE425896ACC71D69C17CB1~DTM*232*20200520~DTM*233*20200520~SVC*HC:99213*178.3*65.81**1~DTM*472*20200520~CAS*CO*45*112.49~REF*6R*CPQU715FLAY2~AMT*B6*65.81~LQ*HE*N381~CLP*000100034065*1*178.3*65.81**MC*2020150050053~NM1*QC*1*VIGIL*BOBBY*L***MR*V085872~NM1*82*1*GRONEMEYER*LEANNE*R***XX*1659521045~REF*EA*D1F4C3E2CA544554A94F5639DB79B696~DTM*232*20200430~DTM*233*20200430~SVC*HC:99213*178.3*65.81**1~DTM*472*20200430~CAS*CO*45*112.49~REF*6R*CPQUZQT607RH~AMT*B6*65.81~LQ*HE*N381~CLP*000100034726*1*178.3*65.81**MC*2020150050046~NM1*QC*1*VIGIL*JULIE*M***MR*D989489~NM1*82*1*GRONEMEYER*LEANNE*R***XX*1659521045~REF*EA*A90566DC39E645B2A2EF4506111E13DF~DTM*232*20200514~DTM*233*20200514~SVC*HC:99213*178.3*65.81**1~DTM*472*20200514~CAS*CO*45*112.49~REF*6R*CPQUSECK8SA1~AMT*B6*65.81~LQ*HE*N381~CLP*000100034658*1*893.24*191.03**MC*2020150050047~NM1*QC*1*VIGIL*JULIE*M***MR*D989489~NM1*82*1*GRONEMEYER*LEANNE*R***XX*1659521045~REF*EA*18524EB13CBB4012ABEF8F1D15AA20B7~DTM*232*20200513~DTM*233*20200513~SVC*HC:99204:25*450.07*149.59**1~DTM*472*20200513~CAS*CO*45*300.48~REF*6R*CPQUYM4UONB2~AMT*B6*149.59~LQ*HE*N381~SVC*HC:H0049*403.17*10.92**1~DTM*472*20200513~CAS*CO*45*392.25~REF*6R*CPQU24XRSOU3~AMT*B6*10.92~LQ*HE*N381~SVC*HC:G8431*40*30.52**1~DTM*472*20200513~CAS*CO*45*9.48~REF*6R*CPQUEE2JL3WS~AMT*B6*30.52~LQ*HE*N381~CLP*000100034658*1*15*8.42**MC*2020150050048~NM1*QC*1*VIGIL*JULIE*M***MR*D989489~NM1*82*1*GRONEMEYER*LEANNE*R***XX*1659521045~REF*EA*C803003B99924B0DB348C6B12756F80F~DTM*232*20200513~DTM*233*20200513~SVC*HC:81025*15*8.42**1~DTM*472*20200513~CAS*CO*45*6.58~REF*6R*CPQU8CB50Z47~AMT*B6*8.42~LQ*HE*N381~CLP*000100034605*1*4*3.4**MC*2020150050078~NM1*QC*1*VOBACH*PAUL****MR*P235680~NM1*82*1*GRONEMEYER*LEANNE*R***XX*1659521045~REF*EA*BFB35125CC46478C8E2257164974F736~DTM*232*20200512~DTM*233*20200512~SVC*HC:81002*4*3.4**1~DTM*472*20200512~CAS*CO*45*.6~REF*6R*CPQUXQ1F57QG~AMT*B6*3.4~LQ*HE*N381~CLP*000100034976*1*178.3*65.81**MC*2020150050080~NM1*QC*1*VOBACH*PAUL****MR*P235680~NM1*82*1*GRONEMEYER*LEANNE*R***XX*1659521045~REF*EA*4C275C4D810043679C819EA24DE8C89C~DTM*232*20200519~DTM*233*20200519~SVC*HC:99213*178.3*65.81**1~DTM*472*20200519~CAS*CO*45*112.49~REF*6R*CPQUHST1EWLV~AMT*B6*65.81~LQ*HE*N381~CLP*000100034605*1*621.47*87.73**MC*2020150050081~NM1*QC*1*VOBACH*PAUL****MR*P235680~NM1*82*1*GRONEMEYER*LEANNE*R***XX*1659521045~REF*EA*45598B6C980740BC96BAB61BBB822E6E~DTM*232*20200512~DTM*233*20200512~SVC*HC:99213:25*178.3*65.81**1~DTM*472*20200512~CAS*CO*45*112.49~REF*6R*CPQU4FOPQLM8~AMT*B6*65.81~LQ*HE*N381~SVC*HC:H0049*403.17*10.92**1~DTM*472*20200512~CAS*CO*45*392.25~REF*6R*CPQUT7BMZDU1~AMT*B6*10.92~LQ*HE*N381~SVC*HC:G8510*40*11**1~DTM*472*20200512~CAS*CO*45*29~REF*6R*CPQUCOO4ALEM~AMT*B6*11~LQ*HE*N381~CLP*000100034995*1*178.3*65.81**MC*2020150050084~NM1*QC*1*WINSTON*LATORIA*T***MR*P274606~NM1*82*1*GRONEMEYER*LEANNE*R***XX*1659521045~REF*EA*8100EB357C7C4BA2918ACEADE70F4C96~DTM*232*20200519~DTM*233*20200519~SVC*HC:99213*178.3*65.81**1~DTM*472*20200519~CAS*CO*45*112.49~REF*6R*CPQU0ZIC49LM~AMT*B6*65.81~LQ*HE*N381~CLP*000100028731*4*88.54*0**MC*2020150050017~NM1*QC*1*LINDSAY SANDERS*SHABREA*D***MR*Q818873~NM1*74*1*LINDSAYSANDERS~NM1*82*1*LEWIS*HOLLY*G***XX*1295234128~REF*EA*4BFD5F8AA43B477BA0C89A1919766E21~DTM*232*20200123~DTM*233*20200123~SVC*HC:H0002*88.54*0**0**1~DTM*472*20200123~CAS*PI*5*88.54~REF*6R*CPQUF7OJFESQ~LQ*HE*N293~LQ*HE*M77~LQ*HE*M77~LQ*HE*N519~LQ*HE*N519~CLP*000100035180*4*178.3*0**MC*2020150050018~NM1*QC*1*WATSON*TERI*A***MR*F048052~NM1*82*1*CADDALI*ESTRELLA*A***XX*1164974580~REF*EA*0BDD12A642C64809A0FD649BCD04CA7A~DTM*232*20200522~DTM*233*20200522~SVC*HC:99213*178.3*0**0**1~DTM*472*20200522~CAS*PI*16*178.3~REF*6R*CPQUXAPZBK6Q~LQ*HE*N30~LQ*HE*MA92~LQ*HE*MA92~SE*1307*000010011~GE*1*300012198~IEA*1*300012198~