ISA*00*          *00*          *ZZ*COMEDASSISTPROG*ZZ*6769489        *200316*0228*^*00501*100037802*0*P*:~GS*HP*COMEDASSISTPROG*6769489*20200316*022844*100037802*X*005010X221A1~ST*835*000010012~BPR*I*38278.26*C*ACH*CCP*01*075911603*DA*00000004556640373*1811725341**01*102106569*DA*2200002989138*20200316~TRN*1*000923821*1811725341~REF*EV*1508250911~DTM*405*20200313~N1*PR*CO_TXIX*XV*7912900843~N3*P.O. BOX 30~N4*DENVER*CO*80201~PER*CX*MEDICAID PROVIDER SERVICES*TE*8442352387~PER*BL*MEDICAID PROVIDER SERVICES*TE*8442352387~N1*PE*HEALTH SOLUTIONS MED CENTER*XX*1508250911~REF*TJ*841158933~LX*1~CLP*000100029561*2*134*95.01**MC*2020073041041~NM1*QC*1*ALLEN*JODEEN*G***MR*Y428477~NM1*82*1*GRONEMEYER*LEANNE*R***XX*1659521045~REF*EA*5EC87AD1138243468A5289409B8BBC81~DTM*232*20200206~DTM*233*20200206~SVC*HC:99214*134*95.01**1~DTM*472*20200206~CAS*CO*45*38.99~REF*6R*CP564JJZXYBY~AMT*B6*95.01~LQ*HE*N381~LQ*HE*N381~CLP*000100029731*2*90*5.33**MC*2020070003451~NM1*QC*1*AVILA*ROBERT*B***MR*F251953~NM1*82*1*HOOSHMAND-PARSI*KAYHOSROW****XX*1447291851~REF*EA*5B178082A7D44FDCBFA8A69411C643E7~DTM*232*20200211~DTM*233*20200211~SVC*HC:99213*90*5.33**1~DTM*472*20200211~CAS*CO*45*84.67~REF*6R*CPWM15WDN6A2~AMT*B6*5.33~LQ*HE*N381~LQ*HE*N381~CLP*000100026800*2*134*9.79**MC*2020073041052~NM1*QC*1*AVILA*ROBERT*A***MR*F251953~NM1*82*1*HOOSHMAND-PARSI*KAYHOSROW****XX*1447291851~REF*EA*D0B945B43F4341039778D8508A29353C~DTM*232*20191216~DTM*233*20191216~SVC*HC:99214*134*9.79**1~DTM*472*20191216~CAS*CO*45*124.21~REF*6R*CP5E5P6REIWU~AMT*B6*9.79~LQ*HE*N77~LQ*HE*N381~LQ*HE*N381~CLP*000100028986*2*90*5.33**MC*2020073041056~NM1*QC*1*AVILA*ROBERT*A***MR*F251953~NM1*82*1*HOOSHMAND-PARSI*KAYHOSROW****XX*1447291851~REF*EA*76D0953EE6CD43D6B51679063734B4BF~DTM*232*20200128~DTM*233*20200128~SVC*HC:99213*90*5.33**1~DTM*472*20200128~CAS*CO*45*84.67~REF*6R*CP56KX0AFVYH~AMT*B6*5.33~LQ*HE*N77~LQ*HE*N381~LQ*HE*N381~CLP*000100029902*2*1986*247.12**MC*2020070003425~NM1*QC*1*BARNELL*SHANNA*V***MR*R948166~NM1*82*1*SEARLES*DENISE*A***XX*1396971230~REF*EA*561550D449634952A1E43558AEFE9140~DTM*232*20200213~DTM*233*20200213~SVC*HC:99214:25*134*19**1~DTM*472*20200213~CAS*CO*45*115~REF*6R*CPWMW8JBNGE6~AMT*B6*19~LQ*HE*N381~LQ*HE*N381~SVC*HC:96372*32*2.49**1~DTM*472*20200213~CAS*CO*45*29.51~REF*6R*CPWMLP0C8P9H~AMT*B6*2.49~LQ*HE*N381~LQ*HE*N381~SVC*HC:J2315*1805*225.63**380~DTM*472*20200213~CAS*CO*45*1579.37~REF*6R*CPWMYMALZY3A~AMT*B6*225.63~LQ*HE*N381~LQ*HE*N381~SVC*HC:81025*15*0**1~DTM*472*20200213~CAS*CO*45*15~REF*6R*CPWMDPK4A3OJ~LQ*HE*N381~CLP*000100029663*2*194*25.29**MC*2020073003770~NM1*QC*1*BURCH*ROSALIE*A***MR*B253706~NM1*82*1*GRONEMEYER*LEANNE*R***XX*1659521045~REF*EA*3A00CC20553D419B8714584173C14D6B~DTM*232*20200210~DTM*233*20200210~SVC*HC:99214:25*134*19**1~DTM*472*20200210~CAS*CO*45*115~REF*6R*CPWIIFXDKQCV~AMT*B6*19~LQ*HE*N381~LQ*HE*N381~SVC*HC:G0444*20*0**1~DTM*472*20200210~CAS*CO*45*20~REF*6R*CPWIKHAN54BW~SVC*HC:G0396*40*6.29**1~DTM*472*20200210~CAS*OA*P22*33.71~REF*6R*CPWIYLDSYDSY~AMT*B6*6.29~LQ*HE*MA125~CLP*000100030184*2*134*95.01**MC*2020072008798~NM1*QC*1*CANALES*PAULETTE****MR*O413200~NM1*82*1*GRONEMEYER*LEANNE*R***XX*1659521045~REF*EA*48971DD375F04D79B3994559D707590A~DTM*232*20200219~DTM*233*20200219~SVC*HC:99214*134*95.01**1~DTM*472*20200219~CAS*CO*45*38.99~REF*6R*CP46S0JBO4L8~AMT*B6*95.01~LQ*HE*N381~LQ*HE*N381~CLP*000100029462*2*90*13.11**MC*2020070003456~NM1*QC*1*COOK*DAVID*T***MR*M267307~NM1*82*1*CADDALI*ESTRELLA*A***XX*1164974580~REF*EA*945A320CB4914FBFB33453B33204B015~DTM*232*20200205~DTM*233*20200205~SVC*HC:99213*90*13.11**1~DTM*472*20200205~CAS*CO*45*76.89~REF*6R*CPWME4I8VUBQ~AMT*B6*13.11~LQ*HE*N381~LQ*HE*N381~CLP*000100029460*2*134*19**MC*2020070003437~NM1*QC*1*DIAZ*CARL*J***MR*I533514~NM1*82*1*LUCAS*PEGGI*S***XX*1366419582~REF*EA*DABBD841516948FAB0CD4F55338B3542~DTM*232*20200205~DTM*233*20200205~SVC*HC:99214*134*19**1~DTM*472*20200205~CAS*CO*45*115~REF*6R*CPWMB0T2GDOZ~AMT*B6*19~LQ*HE*N381~LQ*HE*N381~CLP*000100029537*2*134*19**MC*2020070003441~NM1*QC*1*KHALER*ALVIN*J***MR*I465139~NM1*82*1*GRONEMEYER*LEANNE*R***XX*1659521045~REF*EA*45407DD3F22145CA8074FA817F26C1B1~DTM*232*20200206~DTM*233*20200206~SVC*HC:99214*134*19**1~DTM*472*20200206~CAS*CO*45*115~REF*6R*CPWM7TEOFHHE~AMT*B6*19~LQ*HE*N381~LQ*HE*N381~CLP*000100026388*2*90*12.94**MC*2020070003431~NM1*QC*1*KLIPFEL*SHARON*L***MR*B029833~NM1*82*1*CADDALI*ESTRELLA*A***XX*1164974580~REF*EA*AF78139001724B9E8480D1A4A0609831~DTM*232*20191206~DTM*233*20191206~SVC*HC:99213*90*12.94**1~DTM*472*20191206~CAS*CO*45*77.06~REF*6R*CPVUQ42KBMCC~AMT*B6*12.94~LQ*HE*N381~LQ*HE*N381~CLP*000100029352*2*134*19**MC*2020073041029~NM1*QC*1*MARRONE*JOHN*H***MR*G491256~NM1*82*1*LUCAS*PEGGI*S***XX*1366419582~REF*EA*1C7D1089622C40DAA75A676FE816C77E~DTM*232*20200204~DTM*233*20200204~SVC*HC:99214*134*19**1~DTM*472*20200204~CAS*CO*45*115~REF*6R*CP56FSCBC8ET~AMT*B6*19~LQ*HE*N77~LQ*HE*N381~LQ*HE*N381~CLP*000100029751*2*150*19.4**MC*2020073003761~NM1*QC*1*MATTHEWS*MICHAEL*P***MR*L679106~NM1*82*1*CADDALI*ESTRELLA*A***XX*1164974580~REF*EA*FD4D6FC925564C629878B9A7EAFE0335~DTM*232*20200211~DTM*233*20200211~SVC*HC:99213:25*90*13.11**1~DTM*472*20200211~CAS*CO*45*76.89~REF*6R*CPWISD0JNCWY~AMT*B6*13.11~LQ*HE*N381~LQ*HE*N381~SVC*HC:G0444*20*0**1~DTM*472*20200211~CAS*CO*45*20~REF*6R*CPWILHZZ3ZF9~SVC*HC:G0396*40*6.29**1~DTM*472*20200211~CAS*OA*P22*33.71~REF*6R*CPWIOO8Q34DO~AMT*B6*6.29~LQ*HE*MA125~CLP*000100029015*2*134*19**MC*2020073041049~NM1*QC*1*MOORE*HOLLY****MR*G690959~NM1*82*1*GRONEMEYER*LEANNE*R***XX*1659521045~REF*EA*3F1681EC19584DD6930368A110E8C662~DTM*232*20200129~DTM*233*20200129~SVC*HC:99214*134*19**1~DTM*472*20200129~CAS*CO*45*115~REF*6R*CP5637X44GTY~AMT*B6*19~LQ*HE*N77~LQ*HE*N381~LQ*HE*N381~CLP*000100029291*2*134*19**MC*2020073041057~NM1*QC*1*POWELL*CHRISTINE*L***MR*P635957~NM1*82*1*GRONEMEYER*LEANNE*R***XX*1659521045~REF*EA*309212A2D51D451AAE650280F5F03157~DTM*232*20200203~DTM*233*20200203~SVC*HC:99214*134*19**1~DTM*472*20200203~CAS*CO*45*115~REF*6R*CP569LT08JU2~AMT*B6*19~LQ*HE*N381~LQ*HE*N381~CLP*000100029304*2*138*93.7**MC*2020070003435~NM1*QC*1*SANDOVAL*IRENE****MR*H227209~NM1*82*1*GRONEMEYER*LEANNE*R***XX*1659521045~REF*EA*861577F4097E406C8287A9163B609223~DTM*232*20200203~DTM*233*20200203~SVC*HC:99214:25*134*93.7**1~DTM*472*20200203~CAS*CO*45*40.3~REF*6R*CPWMHQWF0K38~AMT*B6*93.7~LQ*HE*N381~LQ*HE*N381~SVC*HC:81002*4*0**1~DTM*472*20200203~CAS*CO*45*4~REF*6R*CPWMBNIJFYAY~LQ*HE*N381~CLP*000100027549*2*134*95.01**MC*2020069057165~NM1*QC*1*TREVINO CRUZ*ELVA*A***MR*N194567~NM1*74*1*TREVINOCRUZ~NM1*82*1*LUCAS*PEGGI*S***XX*1366419582~REF*EA*43BA4DE3DDC543E5B9EF641DA2B042FA~DTM*232*20200103~DTM*233*20200103~SVC*HC:99214*134*95.01**1~DTM*472*20200103~CAS*CO*45*38.99~REF*6R*CP4UB3YJM56A~AMT*B6*95.01~LQ*HE*N381~LQ*HE*N381~CLP*000100026886*2*255*35.99**MC*2020069057172~NM1*QC*1*TREVINO CRUZ*ELVA*A***MR*N194567~NM1*74*1*TREVINOCRUZ~NM1*82*1*LUCAS*PEGGI*S***XX*1366419582~REF*EA*EF33E6510CF94A74A5AF81C4DAA4A0B9~DTM*232*20191217~DTM*233*20191217~SVC*HC:99205:25*255*35.99**1~DTM*472*20191217~CAS*CO*45*219.01~REF*6R*CP4UNHM13N6T~AMT*B6*35.99~LQ*HE*N381~LQ*HE*N381~CLP*000100029966*2*195*127.52**MC*2020070003454~NM1*QC*1*VALDEZ MARTIN*SONIA*A***MR*F174874~NM1*74*1*VALDEZ~NM1*82*1*SEARLES*DENISE*A***XX*1396971230~REF*EA*6334BDEAE4BA402AB98565AF6A681874~DTM*232*20200214~DTM*233*20200214~SVC*HC:99215:25*180*127.52**1~DTM*472*20200214~CAS*CO*45*52.48~REF*6R*CPWMVPWR81VF~AMT*B6*127.52~LQ*HE*N381~LQ*HE*N381~SVC*HC:81025*15*0**1~DTM*472*20200214~CAS*CO*45*15~REF*6R*CPWMGI90621G~LQ*HE*N381~CLP*000100029342*2*282.23*54.65**MC*2020070003445~NM1*QC*1*WILLIS*RALPH*E***MR*Q267311~NM1*82*1*CADDALI*ESTRELLA*A***XX*1164974580~REF*EA*CE4FD813122944028175A142803738B3~DTM*232*20200204~DTM*233*20200204~SVC*HC:G0439:25*145*0**1~DTM*472*20200204~CAS*OA*P22*145~REF*6R*CPWMV6SUZAO6~LQ*HE*MA125~SVC*HC:G0008*32*0**1~DTM*472*20200204~CAS*OA*P22*32~REF*6R*CPWMD5PMY5JP~LQ*HE*MA125~SVC*HC:90674*35*0**1~DTM*472*20200204~CAS*CO*45*35~REF*6R*CPWMSNQD2UPA~LQ*HE*N381~SVC*HC:90472*17.23*11.3**1~DTM*472*20200204~CAS*CO*45*5.93~REF*6R*CPWMH2G05L3Y~AMT*B6*11.3~LQ*HE*N381~SVC*HC:90715*53*43.35**1~DTM*472*20200204~CAS*CO*45*9.65~REF*6R*CPWMH6WCACZ4~AMT*B6*43.35~LQ*HE*N381~CLP*000100030039*2*54*39.39**MC*2020072008799~NM1*QC*1*WILLIS*RALPH*E***MR*Q267311~NM1*82*1*CADDALI*ESTRELLA*A***XX*1164974580~REF*EA*9A0D55C5254B4D4CAFAA35AFE254CF94~DTM*232*20200218~DTM*233*20200218~SVC*HC:99212*54*39.39**1~DTM*472*20200218~CAS*CO*45*14.61~REF*6R*CP46PMR8ECI6~AMT*B6*39.39~LQ*HE*N381~CLP*000100029803*2*195*117.99**MC*2020067002369~NM1*QC*1*ZARATE*JOHN****MR*I805862~NM1*82*1*SEARLES*DENISE*A***XX*1396971230~REF*EA*EE1DE990206B470B83BB256EB183949E~DTM*232*20200212~DTM*233*20200212~SVC*HC:99202:25*135*66.52**1~DTM*472*20200212~CAS*CO*45*68.48~REF*6R*CPWIQKIFYAEU~AMT*B6*66.52~LQ*HE*N381~LQ*HE*N381~SVC*HC:G0444*20*20**1~DTM*472*20200212~REF*6R*CPWIRAHDVD2B~AMT*B6*20~SVC*HC:G0396*40*31.47**1~DTM*472*20200212~CAS*OA*P22*8.53~REF*6R*CPWIBN3M868I~AMT*B6*31.47~LQ*HE*MA125~LQ*HE*MA125~CLP*000100029020*4*90*0**MC*2020069057173~NM1*QC*1*AVILA*ROBERT*A***MR*F251953~NM1*82*1*CADDALI*ESTRELLA*A***XX*1164974580~REF*EA*4B7937A6AC24420F9648DDAB9AC1DF01~DTM*232*20200129~DTM*233*20200129~SVC*HC:99213*90*0**0**1~DTM*472*20200129~CAS*PI*119*90~REF*6R*CP4U8OEZQKO0~LQ*HE*N362~LQ*HE*N381~LQ*HE*N381~CLP*000100028271*4*180*0**MC*2020073041054~NM1*QC*1*AVILA*ROBERT*A***MR*F251953~NM1*82*1*CADDALI*ESTRELLA*A***XX*1164974580~REF*EA*1347A3CFED9A40A182834E3EA5589101~DTM*232*20200115~DTM*233*20200115~SVC*HC:99215*180*0**0**1~DTM*472*20200115~CAS*OA*23*180~REF*6R*CP5EVHJOA05I~LQ*HE*N362~LQ*HE*MA130~LQ*HE*N381~LQ*HE*N381~CLP*000100029334*2*90*24.53**MC*2020069057297~NM1*QC*1*ANGLIN*RAVEN*A***MR*U590534~NM1*82*1*CADDALI*ESTRELLA*A***XX*1164974580~REF*EA*BB213329058B48558C1FC034D207E373~DTM*232*20200204~DTM*233*20200204~SVC*HC:99213*90*24.53**1~DTM*472*20200204~CAS*CO*45*24.19~CAS*OA*23*41.28~REF*6R*CP4UT0NJ37YL~AMT*B6*65.81~LQ*HE*MA125~LQ*HE*N381~CLP*000100030546*1*134*97.11**MC*2020073041075~NM1*QC*1*ARCHULETA*DAVID*M***MR*D940730~NM1*82*1*SEARLES*DENISE*A***XX*1396971230~REF*EA*EFC8A9374AD24F76888980E5376EFE35~DTM*232*20200226~DTM*233*20200226~SVC*HC:99214*134*97.11**1~DTM*472*20200226~CAS*CO*45*36.89~REF*6R*CP56ED5D9CGF~AMT*B6*97.11~LQ*HE*N381~CLP*000100030423*1*180*129.99**MC*2020069057273~NM1*QC*1*ARELLANO*STEFAN*G***MR*T457503~NM1*82*1*LUCAS*PEGGI*S***XX*1366419582~REF*EA*8AE8FEC155DC4CE5AC3D3039E3CE89DE~DTM*232*20200225~DTM*233*20200225~SVC*HC:99215*180*129.99**1~DTM*472*20200225~CAS*CO*45*50.01~REF*6R*CP4UCZHETNCF~AMT*B6*129.99~LQ*HE*N77~LQ*HE*N381~CLP*000100024843*1*37*31.12**MC*2020069057272~NM1*QC*1*ARMSTRONG*JONATHON*H***MR*N774392~NM1*82*1*CADDALI*ESTRELLA*A***XX*1164974580~REF*EA*BB0E6332056F49DFA3560AE07999E5DA~DTM*232*20191107~DTM*233*20191107~SVC*HC:94010*37*31.12**1~DTM*472*20191107~CAS*CO*45*5.88~REF*6R*CP4UIT05QXQ1~AMT*B6*31.12~LQ*HE*N381~CLP*000100030236*1*149*105.53**MC*2020069057222~NM1*QC*1*AVILA*KRISTA*M***MR*K943511~NM1*82*1*SEARLES*DENISE*A***XX*1396971230~REF*EA*8F41D535148C40249F6A14409B73FCCF~DTM*232*20200220~DTM*233*20200220~SVC*HC:99214:25*134*97.11**1~DTM*472*20200220~CAS*CO*45*36.89~REF*6R*CP4UNFT87U5E~AMT*B6*97.11~LQ*HE*N77~LQ*HE*N381~SVC*HC:81025*15*8.42**1~DTM*472*20200220~CAS*CO*45*6.58~REF*6R*CP4UDDQYV2F9~AMT*B6*8.42~LQ*HE*N77~LQ*HE*N381~CLP*000100030296*1*134*97.11**MC*2020069057261~NM1*QC*1*AYERS*ALEXANDER*D***MR*P040866~NM1*82*1*SEARLES*DENISE*A***XX*1396971230~REF*EA*3784137C115449408B57AE01C27A1B94~DTM*232*20200221~DTM*233*20200221~SVC*HC:99214*134*97.11**1~DTM*472*20200221~CAS*CO*45*36.89~REF*6R*CP4UJOKB4SXQ~AMT*B6*97.11~LQ*HE*N77~LQ*HE*N381~CLP*000100030620*1*134*97.11**MC*2020073041097~NM1*QC*1*AYERS*ALEXANDER*D***MR*P040866~NM1*82*1*SEARLES*DENISE*A***XX*1396971230~REF*EA*A25CA12C19144A338A7074155A41DEE7~DTM*232*20200226~DTM*233*20200226~SVC*HC:99214*134*97.11**1~DTM*472*20200226~CAS*CO*45*36.89~REF*6R*CP56ER5D3QR1~AMT*B6*97.11~LQ*HE*N381~CLP*000100030662*1*134*97.11**MC*2020073041100~NM1*QC*1*AZZAM*KELLI*J***MR*T224226~NM1*82*1*GRONEMEYER*LEANNE*R***XX*1659521045~REF*EA*609E5DCB267B4654AEC8BBFDA3A2D7C8~DTM*232*20200227~DTM*233*20200227~SVC*HC:99214*134*97.11**1~DTM*472*20200227~CAS*CO*45*36.89~REF*6R*CP56WE1UXN6O~AMT*B6*97.11~LQ*HE*N381~CLP*000100027829*1*1837*1189.4**MC*2020069057263~NM1*QC*1*BACA*DONOVAN*D***MR*U406657~NM1*82*1*GRONEMEYER*LEANNE*R***XX*1659521045~REF*EA*2AFE21DCA54A4FF696D3DE7EAEB08D65~DTM*232*20200108~DTM*233*20200108~SVC*HC:96372*32*0**0**1~DTM*472*20200108~CAS*CO*109*32~REF*6R*CP4YVTGAUOK6~LQ*HE*N77~LQ*HE*N381~SVC*HC:J2315*1805*1189.4**380~DTM*472*20200108~CAS*CO*45*615.6~REF*6R*CP4YQNVV5JA5~AMT*B6*1189.4~LQ*HE*N77~LQ*HE*N381~CLP*000100024764*1*1837*1193.2**MC*2020069057265~NM1*QC*1*BACA*DONOVAN*D***MR*U406657~NM1*82*1*GRONEMEYER*LEANNE*R***XX*1659521045~REF*EA*D566C6008F584E2098DC161958BE41AC~DTM*232*20191106~DTM*233*20191106~SVC*HC:96372*32*0**0**1~DTM*472*20191106~CAS*CO*109*32~REF*6R*CP4YLRLNDJTA~LQ*HE*N77~LQ*HE*N381~SVC*HC:J2315*1805*1193.2**380~DTM*472*20191106~CAS*CO*45*611.8~REF*6R*CP4Y6PNF1B7X~AMT*B6*1193.2~LQ*HE*N77~LQ*HE*N381~CLP*000100030395*1*134*97.11**MC*2020073041112~NM1*QC*1*BAKER*LORI****MR*O807456~NM1*82*1*GRONEMEYER*LEANNE*R***XX*1659521045~REF*EA*744864368EB24A16A8325670BCCEDE61~DTM*232*20200224~DTM*233*20200224~SVC*HC:99214*134*97.11**1~DTM*472*20200224~CAS*CO*45*36.89~REF*6R*CP56JU1VVBT1~AMT*B6*97.11~LQ*HE*N381~CLP*000100030709*1*105*74.23**MC*2020073041082~NM1*QC*1*BENTLEY*REBECCA*R***MR*P629844~NM1*82*1*CADDALI*ESTRELLA*A***XX*1164974580~REF*EA*F130A42C89DC4380B6074DC1BDFC7977~DTM*232*20200227~DTM*233*20200227~SVC*HC:99213:25*90*65.81**1~DTM*472*20200227~CAS*CO*45*24.19~REF*6R*CP56CCCBWR23~AMT*B6*65.81~LQ*HE*N381~SVC*HC:81025*15*8.42**1~DTM*472*20200227~CAS*CO*45*6.58~REF*6R*CP56D1PE4B6C~AMT*B6*8.42~LQ*HE*N381~CLP*000100027441*1*1837*1189.4**MC*2020069057208~NM1*QC*1*PORTER*ASHLEY*C***MR*G299091~NM1*74*1*BURCH~NM1*82*1*GRONEMEYER*LEANNE*R***XX*1659521045~REF*EA*72ACF7811ABE4204BE2029959F6DE34D~DTM*232*20200102~DTM*233*20200102~SVC*HC:96372*32*0**0**1~DTM*472*20200102~CAS*CO*109*32~REF*6R*CP4YAZVQWO2P~LQ*HE*N77~LQ*HE*N381~SVC*HC:J2315*1805*1189.4**380~DTM*472*20200102~CAS*CO*45*615.6~REF*6R*CP4YB28GOKDH~AMT*B6*1189.4~LQ*HE*N77~LQ*HE*N381~CLP*000100030554*1*149*103.53*2*MC*2020069057196~NM1*QC*1*BUSTILLOS*DESIREE****MR*Y193127~NM1*82*1*LANE*DELLA*J***XX*1417151630~REF*EA*B88271EF2C2645D2ADA16579BCB5CDC0~DTM*232*20200226~DTM*233*20200226~SVC*HC:99214:25*134*95.11**1~DTM*472*20200226~CAS*PR*3*2~CAS*CO*45*36.89~REF*6R*CP4UJ6KRVOZI~AMT*B6*97.11~LQ*HE*N77~LQ*HE*N381~LQ*HE*N381~SVC*HC:81025*15*8.42**1~DTM*472*20200226~CAS*CO*45*6.58~REF*6R*CP4UHPXN7PSH~AMT*B6*8.42~LQ*HE*N77~LQ*HE*N381~CLP*000100030605*1*134*97.11**MC*2020073041080~NM1*QC*1*BUTKOVICH*SAM*E***MR*V079008~NM1*82*1*HOOSHMAND-PARSI*KAYHOSROW****XX*1447291851~REF*EA*90E16193D6AD41F3B2C0DF3E985920FC~DTM*232*20200226~DTM*233*20200226~SVC*HC:99214*134*97.11**1~DTM*472*20200226~CAS*CO*45*36.89~REF*6R*CP568NLJUBTS~AMT*B6*97.11~LQ*HE*N381~CLP*000100030648*1*175*114.94**MC*2020073041079~NM1*QC*1*BUTLER*BEATRICE****MR*I033994~NM1*82*1*GRONEMEYER*LEANNE*R***XX*1659521045~REF*EA*5A8137E8103140C18A1D5043C1E2EF76~DTM*232*20200227~DTM*233*20200227~SVC*HC:99396*175*114.94**1~DTM*472*20200227~CAS*CO*45*60.06~REF*6R*CP567HOZ886W~AMT*B6*114.94~LQ*HE*N381~CLP*000100030405*1*134*97.11**MC*2020073041109~NM1*QC*1*CABRERA*ALIVIA*C***MR*P268214~NM1*82*1*GRONEMEYER*LEANNE*R***XX*1659521045~REF*EA*CF75C6A1AFE846A7851A8BAF944F8E44~DTM*232*20200224~DTM*233*20200224~SVC*HC:99214*134*97.11**1~DTM*472*20200224~CAS*CO*45*36.89~REF*6R*CP56EBIG3SX5~AMT*B6*97.11~LQ*HE*N381~CLP*000100030145*1*65*55.35**MC*2020069057211~NM1*QC*1*CADDICK*STONEWALL****MR*G104841~NM1*82*1*LEWIS*HOLLY*G***XX*1295234128~REF*EA*BA7F1281FFDE48938F79BD82A48B3001~DTM*232*20200219~DTM*233*20200219~SVC*HC:90832*65*55.35**1~DTM*472*20200219~CAS*CO*45*9.65~REF*6R*CP4UHAHZ2JG0~AMT*B6*55.35~LQ*HE*N381~CLP*000100029533*1*149*105.53**MC*2020069057249~NM1*QC*1*CALDERON*DAVINA*R***MR*J450070~NM1*82*1*ROBERTS*BRAD*A***XX*1538435698~REF*EA*AE5AB299F50B4436B3E53B0896ED1E08~DTM*232*20200206~DTM*233*20200206~SVC*HC:99214:25*134*97.11**1~DTM*472*20200206~CAS*CO*45*36.89~REF*6R*CP4U22R1Y0XS~AMT*B6*97.11~LQ*HE*N77~LQ*HE*N381~SVC*HC:81025*15*8.42**1~DTM*472*20200206~CAS*CO*45*6.58~REF*6R*CP4UVZS5LOK3~AMT*B6*8.42~LQ*HE*N77~LQ*HE*N381~CLP*000100029683*1*149*105.53**MC*2020069057252~NM1*QC*1*CALDERON*DAVINA*R***MR*J450070~NM1*82*1*HOOSHMAND-PARSI*KAYHOSROW****XX*1447291851~REF*EA*44D544B000444ADEA75D58A16D518FDF~DTM*232*20200210~DTM*233*20200210~SVC*HC:99214:25*134*97.11**1~DTM*472*20200210~CAS*CO*45*36.89~REF*6R*CP4UDDK4QOJU~AMT*B6*97.11~LQ*HE*N77~LQ*HE*N381~SVC*HC:81025*15*8.42**1~DTM*472*20200210~CAS*CO*45*6.58~REF*6R*CP4UXDA0H7BH~AMT*B6*8.42~LQ*HE*N77~LQ*HE*N381~CLP*000100030280*1*149*105.53**MC*2020069057210~NM1*QC*1*CAMPBELL*TAMMY*L***MR*Y574975~NM1*82*1*SEARLES*DENISE*A***XX*1396971230~REF*EA*172F071DCDF943BB8E5E167F39177A23~DTM*232*20200221~DTM*233*20200221~SVC*HC:99214:25*134*97.11**1~DTM*472*20200221~CAS*CO*45*36.89~REF*6R*CP4UPLAJY2I0~AMT*B6*97.11~LQ*HE*N77~LQ*HE*N381~SVC*HC:81025*15*8.42**1~DTM*472*20200221~CAS*CO*45*6.58~REF*6R*CP4UKTQ4TSG8~AMT*B6*8.42~LQ*HE*N77~LQ*HE*N381~CLP*000100030385*1*134*96.36*.75*MC*2020073041092~NM1*QC*1*CANDELARIA*JIMMY*L***MR*K552023~NM1*82*1*LUCAS*PEGGI*S***XX*1366419582~REF*EA*AD66B944BF0744E9A18BDF00BAEE1600~DTM*232*20200224~DTM*233*20200224~SVC*HC:99214:25*134*96.36**1~DTM*472*20200224~CAS*PR*3*.75~CAS*CO*45*36.89~REF*6R*CP56UCCCW0HU~AMT*B6*97.11~LQ*HE*N77~LQ*HE*N381~LQ*HE*N381~CLP*000100030293*1*70*42.13**MC*2020069057243~NM1*QC*1*CARBAJAL*MELISSA****MR*A287390~NM1*82*1*CADDALI*ESTRELLA*A***XX*1164974580~REF*EA*64A993AC601F402F9FA0B588C5A69DEE~DTM*232*20200221~DTM*233*20200221~SVC*HC:10061*70*42.13**1~DTM*472*20200221~CAS*CO*45*27.87~REF*6R*CP4UTXQN20A5~AMT*B6*42.13~LQ*HE*N381~CLP*000100030548*1*195*138.41**MC*2020069057245~NM1*QC*1*CARBAJAL*MELISSA****MR*A287390~NM1*82*1*GRONEMEYER*LEANNE*R***XX*1659521045~REF*EA*CD55A0839C83403FBBA9818BB09FE2D6~DTM*232*20200226~DTM*233*20200226~SVC*HC:99215:25*180*129.99**1~DTM*472*20200226~CAS*CO*45*50.01~REF*6R*CP4U4KUQMJTJ~AMT*B6*129.99~LQ*HE*N77~LQ*HE*N381~SVC*HC:81025*15*8.42**1~DTM*472*20200226~CAS*CO*45*6.58~REF*6R*CP4U2QNVDS5C~AMT*B6*8.42~LQ*HE*N77~LQ*HE*N381~CLP*000100030126*1*330*182.02**MC*2020069057259~NM1*QC*1*CARRILLO*JOHN*P***MR*Q013327~NM1*82*1*GRONEMEYER*LEANNE*R***XX*1659521045~REF*EA*76AB43BCE7F54395A0EA4572908E4D1E~DTM*232*20200219~DTM*233*20200219~SVC*HC:99204:25*205*149.59**1~DTM*472*20200219~CAS*CO*45*55.41~REF*6R*CP4UF3IQ3A1B~AMT*B6*149.59~LQ*HE*N77~LQ*HE*N381~SVC*HC:99415*45*7.11**1~DTM*472*20200219~CAS*CO*45*37.89~REF*6R*CP4U4YKGW54J~AMT*B6*7.11~LQ*HE*N77~LQ*HE*N381~SVC*HC:H0049*36*10.92**1~DTM*472*20200219~CAS*CO*45*25.08~REF*6R*CP4UAHAZ3CS0~AMT*B6*10.92~LQ*HE*N77~LQ*HE*N381~SVC*HC:G8510*40*11**1~DTM*472*20200219~CAS*CO*45*29~REF*6R*CP4UDZHRDE7R~AMT*B6*11~LQ*HE*N77~LQ*HE*N381~SVC*HC:81002*4*3.4**1~DTM*472*20200219~CAS*CO*45*.6~REF*6R*CP4UCRLJILLT~AMT*B6*3.4~LQ*HE*N77~LQ*HE*N381~CLP*000100030547*1*54*39.39**MC*2020073041110~NM1*QC*1*CASAUS*LATISHA****MR*N695274~NM1*82*1*HOOSHMAND-PARSI*KAYHOSROW****XX*1447291851~REF*EA*83B748D7EB3F4906B5B266294358E7D9~DTM*232*20200226~DTM*233*20200226~SVC*HC:99212*54*39.39**1~DTM*472*20200226~CAS*CO*45*14.61~REF*6R*CP561OYHMBFQ~AMT*B6*39.39~LQ*HE*N381~CLP*000100030594*1*211*89.05**MC*2020073041091~NM1*QC*1*CHAVEZ*EUGENE****MR*K999042~NM1*82*1*SEARLES*DENISE*A***XX*1396971230~REF*EA*7E6D364B8DFF411DA3FD1A89639ED563~DTM*232*20200226~DTM*233*20200226~SVC*HC:99202:25*135*67.13**1~DTM*472*20200226~CAS*CO*45*67.87~REF*6R*CP56O3FQ5O4H~AMT*B6*67.13~LQ*HE*N381~SVC*HC:H0049*36*10.92**1~DTM*472*20200226~CAS*CO*45*25.08~REF*6R*CP56JX4ALI2S~AMT*B6*10.92~LQ*HE*N381~SVC*HC:G8510*40*11**1~DTM*472*20200226~CAS*CO*45*29~REF*6R*CP562460RNI9~AMT*B6*11~LQ*HE*N381~CLP*000100030080*1*134*95.11*2*MC*2020073041105~NM1*QC*1*CORDOVA*WILLIAM*D***MR*G439008~NM1*82*1*GRONEMEYER*LEANNE*R***XX*1659521045~REF*EA*C44C64BBA5504347B068C3E963178ADC~DTM*232*20200218~DTM*233*20200218~SVC*HC:99214*134*95.11**1~DTM*472*20200218~CAS*PR*3*2~CAS*CO*45*36.89~REF*6R*CP56LKZ2AAXH~AMT*B6*97.11~LQ*HE*N77~LQ*HE*N381~LQ*HE*N381~CLP*000100030260*1*50*37.93**MC*2020069057236~NM1*QC*1*CRAMER*KYRSTEN*P***MR*P381262~NM1*82*1*SEARLES*DENISE*A***XX*1396971230~REF*EA*857D1906B6F546F3AD2BCF1E7CB0FA05~DTM*232*20200221~DTM*233*20200221~SVC*HC:69209:50*50*37.93**1~DTM*472*20200221~CAS*CO*45*12.07~REF*6R*CP4U0E83VUC6~AMT*B6*37.93~LQ*HE*N381~CLP*000100030406*1*134*97.11**MC*2020073041095~NM1*QC*1*DILLON*JEANNE****MR*F006563~NM1*82*1*LUCAS*PEGGI*S***XX*1366419582~REF*EA*1F0EEED1C30E413DAB9EE173ABF453A3~DTM*232*20200224~DTM*233*20200224~SVC*HC:99214*134*97.11**1~DTM*472*20200224~CAS*CO*45*36.89~REF*6R*CP56F6O6Q24L~AMT*B6*97.11~LQ*HE*N381~CLP*000100030453*1*149*105.53**MC*2020069057240~NM1*QC*1*EARP*SAMANTHA*J***MR*G171512~NM1*82*1*LUCAS*PEGGI*S***XX*1366419582~REF*EA*C9CD45A643B34F26B7A5F3045EB1B623~DTM*232*20200225~DTM*233*20200225~SVC*HC:99214:25*134*97.11**1~DTM*472*20200225~CAS*CO*45*36.89~REF*6R*CP4U1WPR64UR~AMT*B6*97.11~LQ*HE*N77~LQ*HE*N381~SVC*HC:81025*15*8.42**1~DTM*472*20200225~CAS*CO*45*6.58~REF*6R*CP4UYUK1T30Y~AMT*B6*8.42~LQ*HE*N77~LQ*HE*N381~CLP*000100030291*1*180*129.99**MC*2020069057203~NM1*QC*1*EDMONDS*CHAD*W***MR*O652133~NM1*82*1*SEARLES*DENISE*A***XX*1396971230~REF*EA*778E94B4D060425581536F7AC7B1A59C~DTM*232*20200221~DTM*233*20200221~SVC*HC:99215*180*129.99**1~DTM*472*20200221~CAS*CO*45*50.01~REF*6R*CP4UCJYRA02J~AMT*B6*129.99~LQ*HE*N77~LQ*HE*N381~CLP*000100030297*1*149*105.53**MC*2020069057166~NM1*QC*1*EISLER*KRISTIN*A***MR*P782592~NM1*82*1*SEARLES*DENISE*A***XX*1396971230~REF*EA*D62567F9CB474FFA841448D70D88D8F4~DTM*232*20200221~DTM*233*20200221~SVC*HC:99214:25*134*97.11**1~DTM*472*20200221~CAS*CO*45*36.89~REF*6R*CP4U0Y9IH4KK~AMT*B6*97.11~LQ*HE*N77~LQ*HE*N381~SVC*HC:81025*15*8.42**1~DTM*472*20200221~CAS*CO*45*6.58~REF*6R*CP4UUOEPG1X2~AMT*B6*8.42~LQ*HE*N77~LQ*HE*N381~CLP*000100030651*1*134*97.11**MC*2020073041096~NM1*QC*1*ENRIQUEZ*GEORGE****MR*G592135~NM1*82*1*HOOSHMAND-PARSI*KAYHOSROW****XX*1447291851~REF*EA*AF76E282E55C4882B4079BA4936CE7E8~DTM*232*20200227~DTM*233*20200227~SVC*HC:99214*134*97.11**1~DTM*472*20200227~CAS*CO*45*36.89~REF*6R*CP56JCK0Q41E~AMT*B6*97.11~LQ*HE*N381~CLP*000100030509*1*330*201.54**MC*2020069057301~NM1*QC*1*FAINE*JOSHUA*D***MR*P867816~NM1*82*1*GRONEMEYER*LEANNE*R***XX*1659521045~REF*EA*3CB3E20769FC410187B72C5A3A222053~DTM*232*20200226~DTM*233*20200226~SVC*HC:99204:25*205*149.59**1~DTM*472*20200226~CAS*CO*45*55.41~REF*6R*CP4UJXQI8EXA~AMT*B6*149.59~LQ*HE*N77~LQ*HE*N381~SVC*HC:99415*45*7.11**1~DTM*472*20200226~CAS*CO*45*37.89~REF*6R*CP4UBAI86NV4~AMT*B6*7.11~LQ*HE*N77~LQ*HE*N381~SVC*HC:H0049*36*10.92**1~DTM*472*20200226~CAS*CO*45*25.08~REF*6R*CP4UFVMEXWXN~AMT*B6*10.92~LQ*HE*N77~LQ*HE*N381~SVC*HC:G8431*40*30.52**1~DTM*472*20200226~CAS*CO*45*9.48~REF*6R*CP4U9SB4QHPF~AMT*B6*30.52~LQ*HE*N77~LQ*HE*N381~SVC*HC:81002*4*3.4**1~DTM*472*20200226~CAS*CO*45*.6~REF*6R*CP4UY4EXNYZB~AMT*B6*3.4~LQ*HE*N77~LQ*HE*N381~CLP*000100030539*1*134*97.11**MC*2020069057262~NM1*QC*1*FERRIS*JOSHUA*R***MR*U655766~NM1*82*1*LANE*DELLA*J***XX*1417151630~REF*EA*7B0D57DF53E14C49BFEDB117D07F4897~DTM*232*20200226~DTM*233*20200226~SVC*HC:99214*134*97.11**1~DTM*472*20200226~CAS*CO*45*36.89~REF*6R*CP4UXHJ6BV7F~AMT*B6*97.11~LQ*HE*N77~LQ*HE*N381~CLP*000100030281*1*134*97.11**MC*2020069057286~NM1*QC*1*FIELDS*LARAMIE*J***MR*G389889~NM1*82*1*SEARLES*DENISE*A***XX*1396971230~REF*EA*CF8D5293E2044316BB4EDDFD460E8ED3~DTM*232*20200221~DTM*233*20200221~SVC*HC:99214*134*97.11**1~DTM*472*20200221~CAS*CO*45*36.89~REF*6R*CP4UI2GBNUNP~AMT*B6*97.11~LQ*HE*N77~LQ*HE*N381~CLP*000100030116*1*149*105.53**MC*2020069057176~NM1*QC*1*FIORINI*CHRISTENA*E***MR*Y109693~NM1*82*1*GRONEMEYER*LEANNE*R***XX*1659521045~REF*EA*86BF5D22DCBF4829B0F65E45FB1E8BCF~DTM*232*20200219~DTM*233*20200219~SVC*HC:99214:25*134*97.11**1~DTM*472*20200219~CAS*CO*45*36.89~REF*6R*CP4UGASNW04R~AMT*B6*97.11~LQ*HE*N77~LQ*HE*N381~SVC*HC:81025*15*8.42**1~DTM*472*20200219~CAS*CO*45*6.58~REF*6R*CP4U6LXFD6MA~AMT*B6*8.42~LQ*HE*N77~LQ*HE*N381~CLP*000100029878*1*149*105.53**MC*2020069057178~NM1*QC*1*FIORINI*CHRISTENA*E***MR*Y109693~NM1*82*1*GRONEMEYER*LEANNE*R***XX*1659521045~REF*EA*9172BE38A2BC4BCAAAB270F7CC1C7E90~DTM*232*20200213~DTM*233*20200213~SVC*HC:99214:25*134*97.11**1~DTM*472*20200213~CAS*CO*45*36.89~REF*6R*CP4UA7TBZ98L~AMT*B6*97.11~LQ*HE*N77~LQ*HE*N381~SVC*HC:81025*15*8.42**1~DTM*472*20200213~CAS*CO*45*6.58~REF*6R*CP4UFGBRUGBS~AMT*B6*8.42~LQ*HE*N77~LQ*HE*N381~CLP*000100030518*1*149*105.53**MC*2020073041027~NM1*QC*1*FIORINI*CHRISTENA*E***MR*Y109693~NM1*82*1*GRONEMEYER*LEANNE*R***XX*1659521045~REF*EA*4C45988D6E044812835595EDC6610F45~DTM*232*20200226~DTM*233*20200226~SVC*HC:99214:25*134*97.11**1~DTM*472*20200226~CAS*CO*45*36.89~REF*6R*CP56DZWKCXUS~AMT*B6*97.11~LQ*HE*N77~LQ*HE*N381~SVC*HC:81025*15*8.42**1~DTM*472*20200226~CAS*CO*45*6.58~REF*6R*CP568OP41UKE~AMT*B6*8.42~LQ*HE*N77~LQ*HE*N381~CLP*000100030356*1*1942*1263.63**MC*2020069057296~NM1*QC*1*FLUETT*SARAH****MR*O578292~NM1*82*1*HOOSHMAND-PARSI*KAYHOSROW****XX*1447291851~REF*EA*2BAFCE5712064CB3BDA30075ACC41615~DTM*232*20200224~DTM*233*20200224~SVC*HC:99213:25*90*65.81**1~DTM*472*20200224~CAS*CO*45*24.19~REF*6R*CP4U4ATY24ZY~AMT*B6*65.81~LQ*HE*N77~LQ*HE*N381~SVC*HC:96372*32*0**0**1~DTM*472*20200224~CAS*CO*109*32~REF*6R*CP4UU7AWBMHZ~LQ*HE*N77~LQ*HE*N381~SVC*HC:J2315*1805*1189.4**380~DTM*472*20200224~CAS*CO*45*615.6~REF*6R*CP4U24C5YGII~AMT*B6*1189.4~LQ*HE*N77~LQ*HE*N381~SVC*HC:81025*15*8.42**1~DTM*472*20200224~CAS*CO*45*6.58~REF*6R*CP4UBBNGZCDL~AMT*B6*8.42~LQ*HE*N77~LQ*HE*N381~CLP*000100030740*1*134*97.11**MC*2020073041038~NM1*QC*1*FOX*KERRY****MR*Y600007~NM1*82*1*GRONEMEYER*LEANNE*R***XX*1659521045~REF*EA*B21B572135AF4671B9CFAA5F5ECB3D42~DTM*232*20200302~DTM*233*20200302~SVC*HC:99214*134*97.11**1~DTM*472*20200302~CAS*CO*45*36.89~REF*6R*CP56GY39QK5F~AMT*B6*97.11~LQ*HE*N381~CLP*000100030458*1*134*95.11*2*MC*2020073041116~NM1*QC*1*FRANKLYN*PATRICIA****MR*Y971907~NM1*74*1*FRANKLIN**A~NM1*82*1*SEARLES*DENISE*A***XX*1396971230~REF*EA*F8B1ECBA744A4623B372588D2C29CC8D~DTM*232*20200225~DTM*233*20200225~SVC*HC:99214*134*95.11**1~DTM*472*20200225~CAS*PR*3*2~CAS*CO*45*36.89~REF*6R*CP56BKPKOSLA~AMT*B6*97.11~LQ*HE*N381~LQ*HE*N381~CLP*000100030760*1*134*97.11**MC*2020073041103~NM1*QC*1*FRANKMORE*CONNER****MR*G888118~NM1*82*1*GRONEMEYER*LEANNE*R***XX*1659521045~REF*EA*16A874DEFA2043118BDFD12E73EF45AC~DTM*232*20200302~DTM*233*20200302~SVC*HC:99214*134*97.11**1~DTM*472*20200302~CAS*CO*45*36.89~REF*6R*CP56PH2HM4HZ~AMT*B6*97.11~LQ*HE*N381~CLP*000100030422*1*90*65.81**MC*2020073041051~NM1*QC*1*FRASER*WILLIAM****MR*P773944~NM1*82*1*CADDALI*ESTRELLA*A***XX*1164974580~REF*EA*5D9AB989B9804743888E77E5EDC8B76A~DTM*232*20200225~DTM*233*20200225~SVC*HC:99213*90*65.81**1~DTM*472*20200225~CAS*CO*45*24.19~REF*6R*CP56WJGRA9FI~AMT*B6*65.81~LQ*HE*N381~CLP*000100030203*1*134*97.11**MC*2020069057253~NM1*QC*1*GARDUNO*MATTHEW*J***MR*G783769~NM1*82*1*GRONEMEYER*LEANNE*R***XX*1659521045~REF*EA*19C32812F046474191106A3F4FFD5EE4~DTM*232*20200220~DTM*233*20200220~SVC*HC:99214*134*97.11**1~DTM*472*20200220~CAS*CO*45*36.89~REF*6R*CP4UKBQLLP6Q~AMT*B6*97.11~LQ*HE*N77~LQ*HE*N381~CLP*000100030129*1*180*129.99**MC*2020069057254~NM1*QC*1*GARDUNO*MATTHEW*J***MR*G783769~NM1*82*1*GRONEMEYER*LEANNE*R***XX*1659521045~REF*EA*E2A522BFA58C42BCAA5BE2D65E8D3A25~DTM*232*20200219~DTM*233*20200219~SVC*HC:99215*180*129.99**1~DTM*472*20200219~CAS*CO*45*50.01~REF*6R*CP4UAYOX2INZ~AMT*B6*129.99~LQ*HE*N77~LQ*HE*N381~CLP*000100030146*1*134*95.11*2*MC*2020069057279~NM1*QC*1*GIERHART*JAMES*T***MR*G669412~NM1*82*1*GRONEMEYER*LEANNE*R***XX*1659521045~REF*EA*5B486B0C0C964BD0B0D0E17866591675~DTM*232*20200219~DTM*233*20200219~SVC*HC:99214*134*95.11**1~DTM*472*20200219~CAS*PR*3*2~CAS*CO*45*36.89~REF*6R*CP4UQI3WS2JR~AMT*B6*97.11~LQ*HE*N77~LQ*HE*N381~LQ*HE*N381~CLP*000100030397*1*1971*1286.51**MC*2020069057246~NM1*QC*1*GOIN*JOSHUA****MR*G127292~NM1*82*1*LUCAS*PEGGI*S***XX*1366419582~REF*EA*DD28FA1FAF10417EBD5F8629E4663DD2~DTM*232*20200224~DTM*233*20200224~SVC*HC:99214:25*134*97.11**1~DTM*472*20200224~CAS*CO*45*36.89~REF*6R*CP4USW4ZY1Q0~AMT*B6*97.11~LQ*HE*N77~LQ*HE*N381~SVC*HC:96372*32*0**0**1~DTM*472*20200224~CAS*CO*109*32~REF*6R*CP4U0IWEQ6SU~LQ*HE*N77~LQ*HE*N381~SVC*HC:J2315*1805*1189.4**380~DTM*472*20200224~CAS*CO*45*615.6~REF*6R*CP4UCF3PBFNN~AMT*B6*1189.4~LQ*HE*N77~LQ*HE*N381~CLP*000100027333*1*1837*1193.2**MC*2020069057247~NM1*QC*1*GOIN*JOSHUA****MR*G127292~NM1*82*1*LUCAS*PEGGI*S***XX*1366419582~REF*EA*7909234DF0384A45AD14926CF2674B2D~DTM*232*20191230~DTM*233*20191230~SVC*HC:96372*32*0**0**1~DTM*472*20191230~CAS*CO*109*32~REF*6R*CP4YR5G3ZR2D~LQ*HE*N77~LQ*HE*N381~SVC*HC:J2315*1805*1193.2**380~DTM*472*20191230~CAS*CO*45*611.8~REF*6R*CP4YNNETMY44~AMT*B6*1193.2~LQ*HE*N77~LQ*HE*N381~CLP*000100025985*1*1837*1193.2**MC*2020069057248~NM1*QC*1*GOIN*JOSHUA****MR*G127292~NM1*82*1*HOOSHMAND-PARSI*KAYHOSROW****XX*1447291851~REF*EA*C46D5C061AA44F27A0EB318B89F89FEE~DTM*232*20191202~DTM*233*20191202~SVC*HC:96372*32*0**0**1~DTM*472*20191202~CAS*CO*109*32~REF*6R*CP4Y985NW5F6~LQ*HE*N77~LQ*HE*N381~SVC*HC:J2315*1805*1193.2**380~DTM*472*20191202~CAS*CO*45*611.8~REF*6R*CP4YWK4CJU5Z~AMT*B6*1193.2~LQ*HE*N77~LQ*HE*N381~CLP*000100030669*1*90*65.81**MC*2020073041070~NM1*QC*1*GONZALES*DESTINEY*M***MR*Y786132~NM1*82*1*CADDALI*ESTRELLA*A***XX*1164974580~REF*EA*DA48213B385B4B37AE219E365767CAB5~DTM*232*20200227~DTM*233*20200227~SVC*HC:99213*90*65.81**1~DTM*472*20200227~CAS*CO*45*24.19~REF*6R*CP56MR7PBNQL~AMT*B6*65.81~LQ*HE*N381~CLP*000100030171*1*149*105.53**MC*2020069057294~NM1*QC*1*GOW*LAYLA*A***MR*O314223~NM1*82*1*GRONEMEYER*LEANNE*R***XX*1659521045~REF*EA*07458F8AC0324849B9B3C553DC3C10C5~DTM*232*20200219~DTM*233*20200219~SVC*HC:99214:25*134*97.11**1~DTM*472*20200219~CAS*CO*45*36.89~REF*6R*CP4UPPDCJN8M~AMT*B6*97.11~LQ*HE*N77~LQ*HE*N381~SVC*HC:81025*15*8.42**1~DTM*472*20200219~CAS*CO*45*6.58~REF*6R*CP4UB2ABSESU~AMT*B6*8.42~LQ*HE*N77~LQ*HE*N381~CLP*000100030377*1*134*97.11**MC*2020073041106~NM1*QC*1*GOW*LAYLA*A***MR*O314223~NM1*82*1*GRONEMEYER*LEANNE*R***XX*1659521045~REF*EA*3553E1435D3D4722979F9778F265C631~DTM*232*20200224~DTM*233*20200224~SVC*HC:99214*134*97.11**1~DTM*472*20200224~CAS*CO*45*36.89~REF*6R*CP56F6AALWKK~AMT*B6*97.11~LQ*HE*N381~CLP*000100026194*1*1837*1193.2**MC*2020069057183~NM1*QC*1*GRAY*JAMES****MR*J248474~NM1*82*1*GRONEMEYER*LEANNE*R***XX*1659521045~REF*EA*34A1171152B845C6A4F16A60E73FBFBD~DTM*232*20191204~DTM*233*20191204~SVC*HC:96372*32*0**0**1~DTM*472*20191204~CAS*CO*109*32~REF*6R*CP4U8TO4DX15~LQ*HE*N77~LQ*HE*N381~SVC*HC:J2315*1805*1193.2**380~DTM*472*20191204~CAS*CO*45*611.8~REF*6R*CP4UQA2K8FUA~AMT*B6*1193.2~LQ*HE*N77~LQ*HE*N381~CLP*000100027426*1*1837*1189.4**MC*2020069057185~NM1*QC*1*GRAY*JAMES****MR*J248474~NM1*82*1*GRONEMEYER*LEANNE*R***XX*1659521045~REF*EA*64C19F1CC61645B3AF478DB8AA04AD73~DTM*232*20200102~DTM*233*20200102~SVC*HC:96372*32*0**0**1~DTM*472*20200102~CAS*CO*109*32~REF*6R*CP4YJHCP79CF~LQ*HE*N77~LQ*HE*N381~SVC*HC:J2315*1805*1189.4**380~DTM*472*20200102~CAS*CO*45*615.6~REF*6R*CP4YZ3921LYB~AMT*B6*1189.4~LQ*HE*N77~LQ*HE*N381~CLP*000100030403*1*149*103.53*2*MC*2020069057276~NM1*QC*1*GUERRERO*SONYA*M***MR*S127505~NM1*82*1*LUCAS*PEGGI*S***XX*1366419582~REF*EA*2F9539043B5844D98E7A650B7AE762C7~DTM*232*20200224~DTM*233*20200224~SVC*HC:99214:25*134*95.11**1~DTM*472*20200224~CAS*PR*3*2~CAS*CO*45*36.89~REF*6R*CP4UKNUCT3G3~AMT*B6*97.11~LQ*HE*N77~LQ*HE*N381~LQ*HE*N381~SVC*HC:81025*15*8.42**1~DTM*472*20200224~CAS*CO*45*6.58~REF*6R*CP4UO5EC86PH~AMT*B6*8.42~LQ*HE*N77~LQ*HE*N381~CLP*000100030179*1*149*103.53*2*MC*2020069057278~NM1*QC*1*GUERRERO*SONYA*M***MR*S127505~NM1*82*1*GRONEMEYER*LEANNE*R***XX*1659521045~REF*EA*6D5732C9A76F4CE88C9012A4CDB5BC35~DTM*232*20200219~DTM*233*20200219~SVC*HC:99214:25*134*95.11**1~DTM*472*20200219~CAS*PR*3*2~CAS*CO*45*36.89~REF*6R*CP4UXX9QVNF8~AMT*B6*97.11~LQ*HE*N77~LQ*HE*N381~LQ*HE*N381~SVC*HC:81025*15*8.42**1~DTM*472*20200219~CAS*CO*45*6.58~REF*6R*CP4USWBUBYED~AMT*B6*8.42~LQ*HE*N77~LQ*HE*N381~CLP*000100030578*1*90*65.81**MC*2020073041114~NM1*QC*1*GUZMAN*MYRISA*R***MR*Y821833~NM1*82*1*CADDALI*ESTRELLA*A***XX*1164974580~REF*EA*A1B4388525FC431A8F104E5BB4E9D771~DTM*232*20200226~DTM*233*20200226~SVC*HC:99213*90*65.81**1~DTM*472*20200226~CAS*CO*45*24.19~REF*6R*CP564PFQVFLD~AMT*B6*65.81~LQ*HE*N381~CLP*000100027440*1*1837*1189.4**MC*2020069057189~NM1*QC*1*HAIGH*ANDREW****MR*H880429~NM1*82*1*GRONEMEYER*LEANNE*R***XX*1659521045~REF*EA*7B340D8724884E85A6395C7A4771CE60~DTM*232*20200102~DTM*233*20200102~SVC*HC:96372*32*0**0**1~DTM*472*20200102~CAS*CO*109*32~REF*6R*CP4YB5FQRNCV~LQ*HE*N77~LQ*HE*N381~SVC*HC:J2315*1805*1189.4**380~DTM*472*20200102~CAS*CO*45*615.6~REF*6R*CP4YCNWDVV71~AMT*B6*1189.4~LQ*HE*N77~LQ*HE*N381~CLP*000100025497*1*1837*1193.2**MC*2020069057237~NM1*QC*1*HALING*PATRICK*J***MR*T780060~NM1*82*1*GRONEMEYER*LEANNE*R***XX*1659521045~REF*EA*5DDA39CC73154C848AA9B0DBA231F36A~DTM*232*20191120~DTM*233*20191120~SVC*HC:96372*32*0**0**1~DTM*472*20191120~CAS*CO*109*32~REF*6R*CP4YRM6HDETC~LQ*HE*N77~LQ*HE*N381~SVC*HC:J2315*1805*1193.2**380~DTM*472*20191120~CAS*CO*45*611.8~REF*6R*CP4YP3CR20F8~AMT*B6*1193.2~LQ*HE*N77~LQ*HE*N381~CLP*000100028660*1*1837*1189.4**MC*2020069057239~NM1*QC*1*HALING*PATRICK*J***MR*T780060~NM1*82*1*GRONEMEYER*LEANNE*R***XX*1659521045~REF*EA*907C8430FE424179A4623BF5F5D498D5~DTM*232*20200122~DTM*233*20200122~SVC*HC:96372*32*0**0**1~DTM*472*20200122~CAS*CO*109*32~REF*6R*CP4Y4VD0IIVS~LQ*HE*N77~LQ*HE*N381~SVC*HC:J2315*1805*1189.4**380~DTM*472*20200122~CAS*CO*45*615.6~REF*6R*CP4YTQOJ3S67~AMT*B6*1189.4~LQ*HE*N77~LQ*HE*N381~CLP*000100030471*1*149*104.24*1.29*MC*2020069057188~NM1*QC*1*HALL*KRISTINA*K***MR*S324169~NM1*82*1*HOOSHMAND-PARSI*KAYHOSROW****XX*1447291851~REF*EA*7F9886B79250459485A7AED73C78189E~DTM*232*20200225~DTM*233*20200225~SVC*HC:99214:25*134*95.82**1~DTM*472*20200225~CAS*PR*3*1.29~CAS*CO*45*36.89~REF*6R*CP4UO2GIM10A~AMT*B6*97.11~LQ*HE*N77~LQ*HE*N381~LQ*HE*N381~SVC*HC:81025*15*8.42**1~DTM*472*20200225~CAS*CO*45*6.58~REF*6R*CP4UV9VED1H1~AMT*B6*8.42~LQ*HE*N77~LQ*HE*N381~CLP*000100030448*1*90*65.81**MC*2020073041062~NM1*QC*1*HARRIS*ANGELA****MR*J327161~NM1*82*1*CADDALI*ESTRELLA*A***XX*1164974580~REF*EA*96C592BB9B804BED9098F651C28EB28E~DTM*232*20200225~DTM*233*20200225~SVC*HC:99213*90*65.81**1~DTM*472*20200225~CAS*CO*45*24.19~REF*6R*CP56YWLAYU36~AMT*B6*65.81~LQ*HE*N381~CLP*000100030220*1*1971*1286.51**MC*2020069057267~NM1*QC*1*HELVEY*RYAN*J***MR*N690416~NM1*82*1*SEARLES*DENISE*A***XX*1396971230~REF*EA*24368CE125D6462A8BB3CB9C39ECBA9B~DTM*232*20200220~DTM*233*20200220~SVC*HC:99214:25*134*97.11**1~DTM*472*20200220~CAS*CO*45*36.89~REF*6R*CP4UBGCDZ1AW~AMT*B6*97.11~LQ*HE*N77~LQ*HE*N381~SVC*HC:96372*32*0**0**1~DTM*472*20200220~CAS*CO*109*32~REF*6R*CP4ULH5KC1J8~LQ*HE*N77~LQ*HE*N381~SVC*HC:J2315*1805*1189.4**380~DTM*472*20200220~CAS*CO*45*615.6~REF*6R*CP4U63TYC0E2~AMT*B6*1189.4~LQ*HE*N77~LQ*HE*N381~CLP*000100030357*1*134*97.11**MC*2020069057192~NM1*QC*1*HEREDIA*NEISHA****MR*M350525~NM1*82*1*HOOSHMAND-PARSI*KAYHOSROW****XX*1447291851~REF*EA*A32C4B053197442F8AE68FE7D3B9532A~DTM*232*20200224~DTM*233*20200224~SVC*HC:99214*134*97.11**1~DTM*472*20200224~CAS*CO*45*36.89~REF*6R*CP4UITWANJXB~AMT*B6*97.11~LQ*HE*N77~LQ*HE*N381~CLP*000100030338*1*1986*1294.93**MC*2020069057224~NM1*QC*1*HOWARD*CLAUDIA*M***MR*Y099982~NM1*82*1*LUCAS*PEGGI*S***XX*1366419582~REF*EA*D92ABD2C1D724FE5821A4DE89ED6D869~DTM*232*20200224~DTM*233*20200224~SVC*HC:99214:25*134*97.11**1~DTM*472*20200224~CAS*CO*45*36.89~REF*6R*CP4U0D63SM2A~AMT*B6*97.11~LQ*HE*N77~LQ*HE*N381~SVC*HC:96372*32*0**0**1~DTM*472*20200224~CAS*CO*109*32~REF*6R*CP4UWGQCUZJ6~LQ*HE*N77~LQ*HE*N381~SVC*HC:J2315*1805*1189.4**380~DTM*472*20200224~CAS*CO*45*615.6~REF*6R*CP4U54WK7Q5W~AMT*B6*1189.4~LQ*HE*N77~LQ*HE*N381~SVC*HC:81025*15*8.42**1~DTM*472*20200224~CAS*CO*45*6.58~REF*6R*CP4UW6JQW0H8~AMT*B6*8.42~LQ*HE*N77~LQ*HE*N381~CLP*000100030365*1*1971*1286.51**MC*2020069057198~NM1*QC*1*JIRON*ROMAN****MR*G679343~NM1*82*1*LUCAS*PEGGI*S***XX*1366419582~REF*EA*AF5B9F24C226460D9C1EA42ADF99D28A~DTM*232*20200224~DTM*233*20200224~SVC*HC:99214:25*134*97.11**1~DTM*472*20200224~CAS*CO*45*36.89~REF*6R*CP4U0N7DMZ1C~AMT*B6*97.11~LQ*HE*N77~LQ*HE*N381~SVC*HC:96372*32*0**0**1~DTM*472*20200224~CAS*CO*109*32~REF*6R*CP4UTI8B1FJ0~LQ*HE*N77~LQ*HE*N381~SVC*HC:J2315*1805*1189.4**380~DTM*472*20200224~CAS*CO*45*615.6~REF*6R*CP4U7AZ5J9QG~AMT*B6*1189.4~LQ*HE*N77~LQ*HE*N381~CLP*000100030066*1*1971*1189.4**MC*2020069057288~NM1*QC*1*JOHNSON*GRANT*O***MR*P126521~NM1*82*1*SEARLES*DENISE*A***XX*1396971230~REF*EA*1BD355D9FC3749DE9E88E5BBE0CB15E7~DTM*232*20200218~DTM*233*20200218~SVC*HC:99214:25*134*0**0**1~DTM*472*20200218~CAS*PI*16*134~REF*6R*CP4UQ8B6OQLG~LQ*HE*N77~LQ*HE*N56~LQ*HE*N381~SVC*HC:96372*32*0**0**1~DTM*472*20200218~CAS*CO*109*32~REF*6R*CP4UUAMYPRJL~LQ*HE*N77~LQ*HE*N381~SVC*HC:J2315*1805*1189.4**380~DTM*472*20200218~CAS*CO*45*615.6~REF*6R*CP4UUMTDO56D~AMT*B6*1189.4~LQ*HE*N77~LQ*HE*N381~CLP*000100030393*1*134*95.11*2*MC*2020073041050~NM1*QC*1*JOHNSON*MARK*A***MR*P242576~NM1*82*1*GRONEMEYER*LEANNE*R***XX*1659521045~REF*EA*B03A7995A36E4F02B41EFE706C9BDEB1~DTM*232*20200224~DTM*233*20200224~SVC*HC:99214*134*95.11**1~DTM*472*20200224~CAS*PR*3*2~CAS*CO*45*36.89~REF*6R*CP56REWJPDPW~AMT*B6*97.11~LQ*HE*N381~LQ*HE*N381~CLP*000100030573*1*134*97.11**MC*2020073041090~NM1*QC*1*LAIRD*AMY*J***MR*T813895~NM1*82*1*LUCAS*PEGGI*S***XX*1366419582~REF*EA*D31FD57671C04BAE955DD1C2A0022065~DTM*232*20200226~DTM*233*20200226~SVC*HC:99214*134*97.11**1~DTM*472*20200226~CAS*CO*45*36.89~REF*6R*CP56BPC8WTXQ~AMT*B6*97.11~LQ*HE*N381~CLP*000100030398*1*134*97.11**MC*2020069057194~NM1*QC*1*LEE*ELIZABETH*M***MR*O604148~NM1*82*1*HOOSHMAND-PARSI*KAYHOSROW****XX*1447291851~REF*EA*D8916DEB4B7B405891009DA4A06496C0~DTM*232*20200224~DTM*233*20200224~SVC*HC:99214*134*97.11**1~DTM*472*20200224~CAS*CO*45*36.89~REF*6R*CP4U8JP1CP73~AMT*B6*97.11~LQ*HE*N381~CLP*000100030249*1*1986*1294.93**MC*2020069057179~NM1*QC*1*LINDSAY SANDERS*SHABREA*D***MR*Q818873~NM1*74*1*LINDSAYSANDERS~NM1*82*1*SEARLES*DENISE*A***XX*1396971230~REF*EA*2693490C855C43A09DACFACF8C5AD2C8~DTM*232*20200220~DTM*233*20200220~SVC*HC:99214:25*134*97.11**1~DTM*472*20200220~CAS*CO*45*36.89~REF*6R*CP4UWL88MJU1~AMT*B6*97.11~LQ*HE*N77~LQ*HE*N381~SVC*HC:96372*32*0**0**1~DTM*472*20200220~CAS*CO*109*32~REF*6R*CP4U5SHLFH5E~LQ*HE*N77~LQ*HE*N381~SVC*HC:J2315*1805*1189.4**380~DTM*472*20200220~CAS*CO*45*615.6~REF*6R*CP4UA2X69LAC~AMT*B6*1189.4~LQ*HE*N77~LQ*HE*N381~SVC*HC:81025*15*8.42**1~DTM*472*20200220~CAS*CO*45*6.58~REF*6R*CP4UN7JUQ77O~AMT*B6*8.42~LQ*HE*N77~LQ*HE*N381~CLP*000100030617*1*90*63.81*2*MC*2020073041068~NM1*QC*1*LOPEZ*SHERRY****MR*L192498~NM1*82*1*CADDALI*ESTRELLA*A***XX*1164974580~REF*EA*23697056D73B41FF9D8B865AC974F82D~DTM*232*20200226~DTM*233*20200226~SVC*HC:99213*90*63.81**1~DTM*472*20200226~CAS*PR*3*2~CAS*CO*45*24.19~REF*6R*CP56VTDGD55R~AMT*B6*65.81~LQ*HE*N381~LQ*HE*N381~CLP*000100029842*1*149*105.53**MC*2020069057298~NM1*QC*1*MADRID*CLORISSA****MR*G303592~NM1*82*1*GRONEMEYER*LEANNE*R***XX*1659521045~REF*EA*FC2888CFAC054F7CBBADF70FB16281B1~DTM*232*20200212~DTM*233*20200212~SVC*HC:99214:25*134*97.11**1~DTM*472*20200212~CAS*CO*45*36.89~REF*6R*CP4UMT5CH1XV~AMT*B6*97.11~LQ*HE*N77~LQ*HE*N381~SVC*HC:81025*15*8.42**1~DTM*472*20200212~CAS*CO*45*6.58~REF*6R*CP4UK4W35PT7~AMT*B6*8.42~LQ*HE*N77~LQ*HE*N381~CLP*000100030646*1*90*65.81**MC*2020073041093~NM1*QC*1*MAES*ODEAN****MR*J060945~NM1*82*1*CADDALI*ESTRELLA*A***XX*1164974580~REF*EA*6E599A1B1AE14D9AA46E2D1E98484581~DTM*232*20200227~DTM*233*20200227~SVC*HC:99213*90*65.81**1~DTM*472*20200227~CAS*CO*45*24.19~REF*6R*CP565Q8FRT2O~AMT*B6*65.81~LQ*HE*N381~CLP*000100030481*1*149*103.53*2*MC*2020069057292~NM1*QC*1*MAGANA*CARLA*R***MR*M671813~NM1*82*1*HOOSHMAND-PARSI*KAYHOSROW****XX*1447291851~REF*EA*B8A5136C2D694CA389539609E8170C8B~DTM*232*20200225~DTM*233*20200225~SVC*HC:99214:25*134*95.11**1~DTM*472*20200225~CAS*PR*3*2~CAS*CO*45*36.89~REF*6R*CP4USNISBV0Y~AMT*B6*97.11~LQ*HE*N77~LQ*HE*N381~LQ*HE*N381~SVC*HC:81025*15*8.42**1~DTM*472*20200225~CAS*CO*45*6.58~REF*6R*CP4U0P90QI2R~AMT*B6*8.42~LQ*HE*N77~LQ*HE*N381~CLP*000100030663*1*90*63.81*2*MC*2020073041084~NM1*QC*1*MALONE*CAROL*I***MR*E322615~NM1*82*1*CADDALI*ESTRELLA*A***XX*1164974580~REF*EA*DFE25B322B2C4C4D9D3E6E8D28A72D0E~DTM*232*20200227~DTM*233*20200227~SVC*HC:99213*90*63.81**1~DTM*472*20200227~CAS*PR*3*2~CAS*CO*45*24.19~REF*6R*CP56VOUYEM1J~AMT*B6*65.81~LQ*HE*N381~LQ*HE*N381~CLP*000100029907*1*134*97.11**MC*2020069057281~NM1*QC*1*MARTINEZ*DEBRA*A***MR*D395711~NM1*82*1*SEARLES*DENISE*A***XX*1396971230~REF*EA*5FD96EADDE96462CBF260BA310309501~DTM*232*20200213~DTM*233*20200213~SVC*HC:99214*134*97.11**1~DTM*472*20200213~CAS*CO*45*36.89~REF*6R*CP4UNM3WST75~AMT*B6*97.11~LQ*HE*N77~LQ*HE*N381~CLP*000100030213*1*134*97.11**MC*2020069057283~NM1*QC*1*MARTINEZ*DEBRA*A***MR*D395711~NM1*82*1*SEARLES*DENISE*A***XX*1396971230~REF*EA*D8C5B318F0A3456E994B0A41D932A749~DTM*232*20200220~DTM*233*20200220~SVC*HC:99214*134*97.11**1~DTM*472*20200220~CAS*CO*45*36.89~REF*6R*CP4UJ2XUSV2U~AMT*B6*97.11~LQ*HE*N77~LQ*HE*N381~CLP*000100030704*1*90*65.81**MC*2020073041098~NM1*QC*1*MARTINEZ*STEVEN****MR*N700991~NM1*82*1*CADDALI*ESTRELLA*A***XX*1164974580~REF*EA*A69541E9CE5245C197219C6B22DF6AC4~DTM*232*20200227~DTM*233*20200227~SVC*HC:99213*90*65.81**1~DTM*472*20200227~CAS*CO*45*24.19~REF*6R*CP56UB0X2ZKD~AMT*B6*65.81~LQ*HE*N381~CLP*000100030173*1*135*67.13**MC*2020069057291~NM1*QC*1*MARTINEZ-WRIGHT*VIOLET*E***MR*O430937~NM1*74*1*MARTINEZWRIGHT~NM1*82*1*SEARLES*DENISE*A***XX*1396971230~REF*EA*17D96BF82FCA46A2B87A7C7F330C22FB~DTM*232*20200219~DTM*233*20200219~SVC*HC:99202*135*67.13**1~DTM*472*20200219~CAS*CO*45*67.87~REF*6R*CP4UDBE7EQ1P~AMT*B6*67.13~LQ*HE*N381~CLP*000100030610*1*134*97.11**MC*2020073041102~NM1*QC*1*MCBRIDE*JOHN****MR*M382015~NM1*82*1*LUCAS*PEGGI*S***XX*1366419582~REF*EA*0DC7D8936CC641738F4EDE4BBF2E5674~DTM*232*20200226~DTM*233*20200226~SVC*HC:99214*134*97.11**1~DTM*472*20200226~CAS*CO*45*36.89~REF*6R*CP56T03MPXB6~AMT*B6*97.11~LQ*HE*N381~CLP*000100030437*1*158*118.61**MC*2020073041111~NM1*QC*1*MEDINA*TERRIE****MR*J956795~NM1*82*1*CADDALI*ESTRELLA*A***XX*1164974580~REF*EA*A8ADE003D0344DB3AA3DA642454796F4~DTM*232*20200225~DTM*233*20200225~SVC*HC:99214:25*134*97.11**1~DTM*472*20200225~CAS*CO*45*36.89~REF*6R*CP566BE2XV6M~AMT*B6*97.11~LQ*HE*N381~SVC*HC:93000*24*21.5**1~DTM*472*20200225~CAS*CO*45*2.5~REF*6R*CP560GT8XPAZ~AMT*B6*21.5~LQ*HE*N381~CLP*000100030505*1*90*65.81**MC*2020069057285~NM1*QC*1*MERCADO*ROBERT****MR*D360665~NM1*82*1*HOOSHMAND-PARSI*KAYHOSROW****XX*1447291851~REF*EA*8E0D51636FA0412CB7A3AB52C28EF4F1~DTM*232*20200225~DTM*233*20200225~SVC*HC:99213*90*65.81**1~DTM*472*20200225~CAS*CO*45*24.19~REF*6R*CP4UJJV0WYF2~AMT*B6*65.81~LQ*HE*N381~CLP*000100030394*1*134*97.11**MC*2020073041058~NM1*QC*1*MILLER*CHARLES*J***MR*Y205357~NM1*82*1*LUCAS*PEGGI*S***XX*1366419582~REF*EA*849CB57417564FAA947AD451EC1CE523~DTM*232*20200224~DTM*233*20200224~SVC*HC:99214*134*97.11**1~DTM*472*20200224~CAS*CO*45*36.89~REF*6R*CP56VD2O1GCD~AMT*B6*97.11~LQ*HE*N381~CLP*000100030288*1*149*105.53**MC*2020069057186~NM1*QC*1*MITCHELL*JORDAN*K***MR*P498565~NM1*82*1*SEARLES*DENISE*A***XX*1396971230~REF*EA*25A35008EE4C4A73B3AD5E94E4EA4643~DTM*232*20200221~DTM*233*20200221~SVC*HC:99214:25*134*97.11**1~DTM*472*20200221~CAS*CO*45*36.89~REF*6R*CP4UFHY1XM94~AMT*B6*97.11~LQ*HE*N77~LQ*HE*N381~SVC*HC:81025*15*8.42**1~DTM*472*20200221~CAS*CO*45*6.58~REF*6R*CP4U7HZUZUF6~AMT*B6*8.42~LQ*HE*N77~LQ*HE*N381~CLP*000100030435*1*65*55.35**MC*2020073041085~NM1*QC*1*MOODY*BONNIE*G***MR*Y310481~NM1*82*1*LEWIS*HOLLY*G***XX*1295234128~REF*EA*1AD885D7C5164D3E95058625CDBED7D3~DTM*232*20200225~DTM*233*20200225~SVC*HC:90832*65*55.35**1~DTM*472*20200225~CAS*CO*45*9.65~REF*6R*CP560C1GSXN2~AMT*B6*55.35~LQ*HE*N381~CLP*000100030623*1*134*95.11*2*MC*2020073041101~NM1*QC*1*MOORE*ALEXANDRIA****MR*S311539~NM1*82*1*GRONEMEYER*LEANNE*R***XX*1659521045~REF*EA*77B5F80ECFE04CD4AAFED11407B32937~DTM*232*20200226~DTM*233*20200226~SVC*HC:99214*134*95.11**1~DTM*472*20200226~CAS*PR*3*2~CAS*CO*45*36.89~REF*6R*CP56B3PZ7844~AMT*B6*97.11~LQ*HE*N381~LQ*HE*N381~CLP*000100030502*1*90*65.81**MC*2020073041087~NM1*QC*1*MYERS*SCOTT*A***MR*P255708~NM1*82*1*SEARLES*DENISE*A***XX*1396971230~REF*EA*01FA41D7E0E14AD0875231C75AA16575~DTM*232*20200225~DTM*233*20200225~SVC*HC:99213*90*65.81**1~DTM*472*20200225~CAS*CO*45*24.19~REF*6R*CP56QJK6P51C~AMT*B6*65.81~LQ*HE*N381~CLP*000100030570*1*90*65.81**MC*2020073041074~NM1*QC*1*ORTEGA*ELIZABETH****MR*P658577~NM1*82*1*CADDALI*ESTRELLA*A***XX*1164974580~REF*EA*62FACDE122E04382893480AAE8930D4B~DTM*232*20200226~DTM*233*20200226~SVC*HC:99213*90*65.81**1~DTM*472*20200226~CAS*CO*45*24.19~REF*6R*CP56APLVSJLK~AMT*B6*65.81~LQ*HE*N381~CLP*000100030635*1*65*55.35**MC*2020073041048~NM1*QC*1*OVERTURF*TAMIKA*T***MR*O419065~NM1*82*1*LEWIS*HOLLY*G***XX*1295234128~REF*EA*0FC3C99152D84D4EADF34E8E3F5A0289~DTM*232*20200227~DTM*233*20200227~SVC*HC:90832*65*55.35**1~DTM*472*20200227~CAS*CO*45*9.65~REF*6R*CP568I2Q2VD6~AMT*B6*55.35~LQ*HE*N381~CLP*000100030673*1*134*97.11**MC*2020073041086~NM1*QC*1*PACHECO*CHRISTOPHER*A***MR*K453230~NM1*82*1*CADDALI*ESTRELLA*A***XX*1164974580~REF*EA*302418806C8B4FC88AF88A06A6FF50BB~DTM*232*20200227~DTM*233*20200227~SVC*HC:99214*134*97.11**1~DTM*472*20200227~CAS*CO*45*36.89~REF*6R*CP56G4NJIV56~AMT*B6*97.11~LQ*HE*N381~CLP*000100030777*1*134*97.11**MC*2020073041073~NM1*QC*1*PACHECO*JOSEPH*L***MR*P778684~NM1*82*1*GRONEMEYER*LEANNE*R***XX*1659521045~REF*EA*94F9C7EC8CD6497687BF09D59B255300~DTM*232*20200302~DTM*233*20200302~SVC*HC:99214*134*97.11**1~DTM*472*20200302~CAS*CO*45*36.89~REF*6R*CP565RKXFHKT~AMT*B6*97.11~LQ*HE*N381~CLP*000100029832*1*1986*1294.93**MC*2020069057241~NM1*QC*1*PADILLA*LAURA*C***MR*Y008082~NM1*82*1*GRONEMEYER*LEANNE*R***XX*1659521045~REF*EA*5CB3685FF789463A9186E8D9C3CA596B~DTM*232*20200212~DTM*233*20200212~SVC*HC:99214:25*134*97.11**1~DTM*472*20200212~CAS*CO*45*36.89~REF*6R*CP4UDPP7EKP1~AMT*B6*97.11~LQ*HE*N77~LQ*HE*N381~SVC*HC:96372*32*0**0**1~DTM*472*20200212~CAS*CO*109*32~REF*6R*CP4UCXE84SD6~LQ*HE*N77~LQ*HE*N381~SVC*HC:J2315*1805*1189.4**380~DTM*472*20200212~CAS*CO*45*615.6~REF*6R*CP4UUGPCSUBD~AMT*B6*1189.4~LQ*HE*N77~LQ*HE*N381~SVC*HC:81025*15*8.42**1~DTM*472*20200212~CAS*CO*45*6.58~REF*6R*CP4US7UD2MY0~AMT*B6*8.42~LQ*HE*N77~LQ*HE*N381~CLP*000100030503*1*138*98.51*2*MC*2020073041099~NM1*QC*1*PAULSEN*STACY****MR*W216187~NM1*82*1*LUCAS*PEGGI*S***XX*1366419582~REF*EA*93D754C5F1BA46768D51FADA598CE175~DTM*232*20200225~DTM*233*20200225~SVC*HC:99214:25*134*95.11**1~DTM*472*20200225~CAS*PR*3*2~CAS*CO*45*36.89~REF*6R*CP56NIWRIQF9~AMT*B6*97.11~LQ*HE*N381~LQ*HE*N381~SVC*HC:81002*4*3.4**1~DTM*472*20200225~CAS*CO*45*.6~REF*6R*CP569OBHHRGJ~AMT*B6*3.4~LQ*HE*N381~CLP*000100030698*1*90*65.81**MC*2020073041043~NM1*QC*1*PEDDIE*JAMES****MR*Y083206~NM1*82*1*HOOSHMAND-PARSI*KAYHOSROW****XX*1447291851~REF*EA*81E2212D5D30418AAB9B19814F90C11A~DTM*232*20200227~DTM*233*20200227~SVC*HC:99213*90*65.81**1~DTM*472*20200227~CAS*CO*45*24.19~REF*6R*CP56WRO99KP0~AMT*B6*65.81~LQ*HE*N381~CLP*000100030456*1*90*65.81**MC*2020073041117~NM1*QC*1*PEREZ*LEO*A***MR*O381134~NM1*82*1*CADDALI*ESTRELLA*A***XX*1164974580~REF*EA*06E1BF8415AE4A4AB3CD4EE6FB85A415~DTM*232*20200225~DTM*233*20200225~SVC*HC:99213*90*65.81**1~DTM*472*20200225~CAS*CO*45*24.19~REF*6R*CP56DRN62AGL~AMT*B6*65.81~LQ*HE*N381~CLP*000100030217*1*211*87.05*2*MC*2020069057215~NM1*QC*1*PERKINS*MELISSA*M***MR*O897526~NM1*82*1*SEARLES*DENISE*A***XX*1396971230~REF*EA*5ADCD375E0DA4F369F033105F65F7D35~DTM*232*20200220~DTM*233*20200220~SVC*HC:99202:25*135*65.13**1~DTM*472*20200220~CAS*PR*3*2~CAS*CO*45*67.87~REF*6R*CP4U9QXU2SGK~AMT*B6*67.13~LQ*HE*N77~LQ*HE*N381~LQ*HE*N381~SVC*HC:H0049*36*10.92**1~DTM*472*20200220~CAS*CO*45*25.08~REF*6R*CP4U1B2LJMS8~AMT*B6*10.92~LQ*HE*N77~LQ*HE*N381~SVC*HC:G8510*40*11**1~DTM*472*20200220~CAS*CO*45*29~REF*6R*CP4UA22HHMJN~AMT*B6*11~LQ*HE*N77~LQ*HE*N381~CLP*000100030793*1*134*97.11**MC*2020073041108~NM1*QC*1*QUASTHOFF*ELIZABETH*A***MR*P470059~NM1*82*1*GRONEMEYER*LEANNE*R***XX*1659521045~REF*EA*994E0B601AD8401ABBC6F67630F9CAF8~DTM*232*20200302~DTM*233*20200302~SVC*HC:99214*134*97.11**1~DTM*472*20200302~CAS*CO*45*36.89~REF*6R*CP56T1SNNDZN~AMT*B6*97.11~LQ*HE*N381~CLP*000100024702*1*37*31.12**MC*2020069057303~NM1*QC*1*QUINTANA*KELLI*M***MR*P696536~NM1*82*1*CADDALI*ESTRELLA*A***XX*1164974580~REF*EA*EE41604BDB714BCD8BCB344CDC4E8328~DTM*232*20191105~DTM*233*20191105~SVC*HC:94010*37*31.12**1~DTM*472*20191105~CAS*CO*45*5.88~REF*6R*CP4UK5KX86MV~AMT*B6*31.12~LQ*HE*N381~CLP*000100030089*1*90*65.81**MC*2020069057284~NM1*QC*1*QUINTANA*PRAXEDES****MR*K356151~NM1*74*1*QUNITANA**J~NM1*82*1*SEARLES*DENISE*A***XX*1396971230~REF*EA*718AB9374E054D94B58562957AD05E0B~DTM*232*20200218~DTM*233*20200218~SVC*HC:99213*90*65.81**1~DTM*472*20200218~CAS*CO*45*24.19~REF*6R*CP4ULY8KVHWD~AMT*B6*65.81~LQ*HE*N381~CLP*000100030420*1*134*97.11**MC*2020069057225~NM1*QC*1*RAMIREZ*JAVIER****MR*F684344~NM1*82*1*LUCAS*PEGGI*S***XX*1366419582~REF*EA*560996F3B8DE4C84AF6B62E48637C0F3~DTM*232*20200225~DTM*233*20200225~SVC*HC:99214*134*97.11**1~DTM*472*20200225~CAS*CO*45*36.89~REF*6R*CP4UFP4CF9OJ~AMT*B6*97.11~LQ*HE*N77~LQ*HE*N381~CLP*000100030431*1*90*65.81**MC*2020069057289~NM1*QC*1*RATHBUN*AARON*W***MR*P304001~NM1*82*1*HOOSHMAND-PARSI*KAYHOSROW****XX*1447291851~REF*EA*9C0456B86E2D4281BA6F4E04C3D79D11~DTM*232*20200225~DTM*233*20200225~SVC*HC:99213*90*65.81**1~DTM*472*20200225~CAS*CO*45*24.19~REF*6R*CP4UQ9DTQU26~AMT*B6*65.81~LQ*HE*N77~LQ*HE*N381~CLP*000100030461*1*134*97.11**MC*2020073041083~NM1*QC*1*RIVERA*MANUEL*J***MR*I331935~NM1*82*1*LUCAS*PEGGI*S***XX*1366419582~REF*EA*6FEC0B1C33D14F27B2128796D401C3FD~DTM*232*20200225~DTM*233*20200225~SVC*HC:99214*134*97.11**1~DTM*472*20200225~CAS*CO*45*36.89~REF*6R*CP568COZ8HBL~AMT*B6*97.11~LQ*HE*N381~CLP*000100030619*1*65*55.35**MC*2020073041071~NM1*QC*1*RODRIGUEZ*CAROLINA*M***MR*Y641512~NM1*82*1*LEWIS*HOLLY*G***XX*1295234128~REF*EA*E7733063912447E29E043E22266242AC~DTM*232*20200226~DTM*233*20200226~SVC*HC:90832*65*55.35**1~DTM*472*20200226~CAS*CO*45*9.65~REF*6R*CP56P07Y60YM~AMT*B6*55.35~LQ*HE*N381~CLP*000100030608*1*90*65.81**MC*2020073041072~NM1*QC*1*RODRIGUEZ*CAROLINA*M***MR*Y641512~NM1*82*1*HOOSHMAND-PARSI*KAYHOSROW****XX*1447291851~REF*EA*FB2ADEF788DB499B8B26A5EDE681E746~DTM*232*20200226~DTM*233*20200226~SVC*HC:99213*90*65.81**1~DTM*472*20200226~CAS*CO*45*24.19~REF*6R*CP5685ZOKCSM~AMT*B6*65.81~LQ*HE*N381~CLP*000100029834*1*1971*1286.51**MC*2020069057270~NM1*QC*1*RODRIGUEZ*JOSEPH****MR*S525880~NM1*82*1*GRONEMEYER*LEANNE*R***XX*1659521045~REF*EA*746957AAB5A04104B4E6465DE53BBC4A~DTM*232*20200212~DTM*233*20200212~SVC*HC:99214:25*134*97.11**1~DTM*472*20200212~CAS*CO*45*36.89~REF*6R*CP4UDKDTJZOW~AMT*B6*97.11~LQ*HE*N77~LQ*HE*N381~SVC*HC:96372*32*0**0**1~DTM*472*20200212~CAS*CO*109*32~REF*6R*CP4UQZ9CUZ3P~LQ*HE*N77~LQ*HE*N381~SVC*HC:J2315*1805*1189.4**380~DTM*472*20200212~CAS*CO*45*615.6~REF*6R*CP4U1HP04L0Y~AMT*B6*1189.4~LQ*HE*N77~LQ*HE*N381~CLP*000100030494*1*134*97.11**MC*2020073041066~NM1*QC*1*ROMERO*MARGARITO*L***MR*I929050~NM1*82*1*CADDALI*ESTRELLA*A***XX*1164974580~REF*EA*6AF99FD6C2E048DC94EC4BC21BA9B847~DTM*232*20200225~DTM*233*20200225~SVC*HC:99214*134*97.11**1~DTM*472*20200225~CAS*CO*45*36.89~REF*6R*CP56P4M3M832~AMT*B6*97.11~LQ*HE*N381~CLP*000100028260*1*65*55.35**MC*2020073041088~NM1*QC*1*RUCKER*CHERYL****MR*G923122~NM1*82*1*LEWIS*HOLLY*G***XX*1295234128~REF*EA*A5C6B9EA8D4C4CBF85BBFCEA40168300~DTM*232*20200115~DTM*233*20200115~SVC*HC:90832*65*55.35**1~DTM*472*20200115~CAS*CO*45*9.65~REF*6R*CP56N27CXEY6~AMT*B6*55.35~LQ*HE*N381~CLP*000100030556*1*134*97.11**MC*2020069057275~NM1*QC*1*SAIS*PHILIP*R***MR*T398012~NM1*82*1*LANE*DELLA*J***XX*1417151630~REF*EA*2B5B200A5DDC485EB0155CB2145991C0~DTM*232*20200226~DTM*233*20200226~SVC*HC:99214*134*97.11**1~DTM*472*20200226~CAS*CO*45*36.89~REF*6R*CP4U81NBURSY~AMT*B6*97.11~LQ*HE*N77~LQ*HE*N381~CLP*000100030282*1*134*97.11**MC*2020069057205~NM1*QC*1*SAMSON*CARA*M***MR*Y649542~NM1*82*1*SEARLES*DENISE*A***XX*1396971230~REF*EA*DAB857EC7B9E4472B1A3BBC4CA5C7F41~DTM*232*20200221~DTM*233*20200221~SVC*HC:99214*134*97.11**1~DTM*472*20200221~CAS*CO*45*36.89~REF*6R*CP4UBQW02ZKE~AMT*B6*97.11~LQ*HE*N77~LQ*HE*N381~CLP*000100030415*1*134*97.11**MC*2020069057218~NM1*QC*1*SANCHEZ*CARLOS****MR*J797280~NM1*82*1*HOOSHMAND-PARSI*KAYHOSROW****XX*1447291851~REF*EA*C18EADC3653B42B2B9823B985BB53ECC~DTM*232*20200225~DTM*233*20200225~SVC*HC:99214*134*97.11**1~DTM*472*20200225~CAS*CO*45*36.89~REF*6R*CP4UPHHB2D31~AMT*B6*97.11~LQ*HE*N77~LQ*HE*N381~CLP*000100030349*1*270*149.38**MC*2020069057219~NM1*QC*1*SANCHEZ*CARLOS****MR*J797280~NM1*82*1*HOOSHMAND-PARSI*KAYHOSROW****XX*1447291851~REF*EA*986FDD556E7948B896DE7B2A9F757191~DTM*232*20200224~DTM*233*20200224~SVC*HC:99203:25*145*97.43**1~DTM*472*20200224~CAS*CO*45*47.57~REF*6R*CP4UEICUPXMI~AMT*B6*97.43~LQ*HE*N77~LQ*HE*N381~SVC*HC:99415*45*7.11**1~DTM*472*20200224~CAS*CO*45*37.89~REF*6R*CP4UE9EMNZT9~AMT*B6*7.11~LQ*HE*N77~LQ*HE*N381~SVC*HC:H0049*36*10.92**1~DTM*472*20200224~CAS*CO*45*25.08~REF*6R*CP4UJQCRIE85~AMT*B6*10.92~LQ*HE*N77~LQ*HE*N381~SVC*HC:G8431*40*30.52**1~DTM*472*20200224~CAS*CO*45*9.48~REF*6R*CP4U2L3J11D8~AMT*B6*30.52~LQ*HE*N77~LQ*HE*N381~SVC*HC:81002*4*3.4**1~DTM*472*20200224~CAS*CO*45*.6~REF*6R*CP4U3I3BHZED~AMT*B6*3.4~LQ*HE*N77~LQ*HE*N381~CLP*000100030490*1*134*97.11**MC*2020073041078~NM1*QC*1*SCOFIELD*EDYE****MR*Y643355~NM1*82*1*SEARLES*DENISE*A***XX*1396971230~REF*EA*26C0A79AAB48478481DB8DD20A99EA10~DTM*232*20200225~DTM*233*20200225~SVC*HC:99214*134*97.11**1~DTM*472*20200225~CAS*CO*45*36.89~REF*6R*CP5696756OAY~AMT*B6*97.11~LQ*HE*N381~CLP*000100029421*1*542.46*253.88**MC*2020073041064~NM1*QC*1*SHEPHERD*ANDREW****MR*G231974~NM1*82*1*LUCAS*PEGGI*S***XX*1366419582~REF*EA*44FADA8A0A2D461EAC11A3FFBC82A6F4~DTM*232*20200205~DTM*233*20200205~SVC*HC:99395:25*165*107.82**1~DTM*472*20200205~CAS*CO*45*57.18~REF*6R*CP566E26CO0T~AMT*B6*107.82~LQ*HE*N381~SVC*HC:90471*35*19.46**1~DTM*472*20200205~CAS*CO*45*15.54~REF*6R*CP5654CEZ68J~AMT*B6*19.46~LQ*HE*N381~SVC*HC:90716*145*0**1~DTM*472*20200205~CAS*CO*45*145~REF*6R*CP56BTDGLR8I~LQ*HE*N381~SVC*HC:90472*34.46*22.6**2~DTM*472*20200205~CAS*CO*45*11.86~REF*6R*CP568UEI48AJ~AMT*B6*22.6~LQ*HE*N381~SVC*HC:90636*110*104**1~DTM*472*20200205~CAS*CO*45*6~REF*6R*CP56UH1LOFHJ~AMT*B6*104~LQ*HE*N381~SVC*HC:90715*53*0**1~DTM*472*20200205~CAS*CO*45*53~REF*6R*CP56REFSOI5K~LQ*HE*N381~CLP*000100030026*1*176*97.11**MC*2020073041113~NM1*QC*1*SIERRA*LISA*G***MR*J386597~NM1*82*1*LUCAS*PEGGI*S***XX*1366419582~REF*EA*F8BF6974C77E46B78074372A51E92D0B~DTM*232*20200218~DTM*233*20200218~SVC*HC:99214:25*134*97.11**1~DTM*472*20200218~CAS*CO*45*36.89~REF*6R*CP56MUZDB3D3~AMT*B6*97.11~LQ*HE*N381~SVC*HC:96372*32*0**0**1~DTM*472*20200218~CAS*CO*109*32~REF*6R*CP56HU81UUHV~LQ*HE*N381~SVC*HC:J1885*10*0**0**4~DTM*472*20200218~CAS*PI*16*10~REF*6R*CP56ZQDAAJQR~LQ*HE*M119~LQ*HE*N381~CLP*000100030344*1*1971*1286.51**MC*2020069057234~NM1*QC*1*SIGOURNEY*BRIAN*R***MR*V270102~NM1*82*1*LUCAS*PEGGI*S***XX*1366419582~REF*EA*3360A907B9B44046957CF39D0A8E56F5~DTM*232*20200224~DTM*233*20200224~SVC*HC:99214:25*134*97.11**1~DTM*472*20200224~CAS*CO*45*36.89~REF*6R*CP4U3755BHM7~AMT*B6*97.11~LQ*HE*N77~LQ*HE*N381~SVC*HC:96372*32*0**0**1~DTM*472*20200224~CAS*CO*109*32~REF*6R*CP4U25XV9Z4J~LQ*HE*N77~LQ*HE*N381~SVC*HC:J2315*1805*1189.4**380~DTM*472*20200224~CAS*CO*45*615.6~REF*6R*CP4UVHTO8GLL~AMT*B6*1189.4~LQ*HE*N77~LQ*HE*N381~CLP*000100030552*1*158*118.61**MC*2020073041118~NM1*QC*1*SMITH*KEVIN*E***MR*I052978~NM1*82*1*LUCAS*PEGGI*S***XX*1366419582~REF*EA*EA094F5C3B344795AD56491D5BC48D03~DTM*232*20200226~DTM*233*20200226~SVC*HC:99214:25*134*97.11**1~DTM*472*20200226~CAS*CO*45*36.89~REF*6R*CP564OYVATY5~AMT*B6*97.11~LQ*HE*N381~SVC*HC:93000*24*21.5**1~DTM*472*20200226~CAS*CO*45*2.5~REF*6R*CP56FT19MTEM~AMT*B6*21.5~LQ*HE*N381~CLP*000100030363*1*134*97.11**MC*2020073041115~NM1*QC*1*SNYDER*LINDSAY*D***MR*O394273~NM1*82*1*GRONEMEYER*LEANNE*R***XX*1659521045~REF*EA*35E4588EEAC341FAB572C8C8884D0C17~DTM*232*20200224~DTM*233*20200224~SVC*HC:99214*134*97.11**1~DTM*472*20200224~CAS*CO*45*36.89~REF*6R*CP56A6VYTJOY~AMT*B6*97.11~LQ*HE*N381~CLP*000100030022*1*330*201.54**MC*2020069057256~NM1*QC*1*STIEFEL*LEVI*S***MR*L732996~NM1*82*1*SEARLES*DENISE*A***XX*1396971230~REF*EA*70DB23B11A5F4C248E682AD71497074D~DTM*232*20200218~DTM*233*20200218~SVC*HC:99204:25*205*149.59**1~DTM*472*20200218~CAS*CO*45*55.41~REF*6R*CP4UCEYOSBNQ~AMT*B6*149.59~LQ*HE*N77~LQ*HE*N381~SVC*HC:99415*45*7.11**1~DTM*472*20200218~CAS*CO*45*37.89~REF*6R*CP4U8XQ7YZH9~AMT*B6*7.11~LQ*HE*N77~LQ*HE*N381~SVC*HC:H0049*36*10.92**1~DTM*472*20200218~CAS*CO*45*25.08~REF*6R*CP4UIH9A3OHU~AMT*B6*10.92~LQ*HE*N77~LQ*HE*N381~SVC*HC:G8431*40*30.52**1~DTM*472*20200218~CAS*CO*45*9.48~REF*6R*CP4UT21SWH4W~AMT*B6*30.52~LQ*HE*N77~LQ*HE*N381~SVC*HC:81002*4*3.4**1~DTM*472*20200218~CAS*CO*45*.6~REF*6R*CP4UTH26JTX0~AMT*B6*3.4~LQ*HE*N77~LQ*HE*N381~CLP*000100030231*1*54*39.39**MC*2020069057258~NM1*QC*1*STIEFEL*LEVI*S***MR*L732996~NM1*82*1*SEARLES*DENISE*A***XX*1396971230~REF*EA*16286CD6E5854A97A27B0330C047D6AF~DTM*232*20200220~DTM*233*20200220~SVC*HC:99212*54*39.39**1~DTM*472*20200220~CAS*CO*45*14.61~REF*6R*CP4UDK827N9P~AMT*B6*39.39~LQ*HE*N77~LQ*HE*N381~CLP*000100030797*1*134*97.11**MC*2020073041065~NM1*QC*1*SVOBODA*NUNZIO****MR*O137054~NM1*82*1*GRONEMEYER*LEANNE*R***XX*1659521045~REF*EA*4261342B3D224D64B992560ACD421414~DTM*232*20200302~DTM*233*20200302~SVC*HC:99214*134*97.11**1~DTM*472*20200302~CAS*CO*45*36.89~REF*6R*CP56T1D2CJH7~AMT*B6*97.11~LQ*HE*N381~CLP*000100030052*1*15*8.42**MC*2020073041081~NM1*QC*1*TANKSLEY*DAYSHA*A***MR*O203621~NM1*82*1*LUCAS*PEGGI*S***XX*1366419582~REF*EA*41FCA4A298DD4C118DC9A310D7233F56~DTM*232*20200218~DTM*233*20200218~SVC*HC:81025*15*8.42**1~DTM*472*20200218~CAS*CO*45*6.58~REF*6R*CP56OM9TQPCA~AMT*B6*8.42~LQ*HE*N77~LQ*HE*N381~CLP*000100030241*1*316*128.07**MC*2020073041076~NM1*QC*1*TAYLOR*JASMINE*A***MR*P163937~NM1*82*1*GRONEMEYER*LEANNE*R***XX*1659521045~REF*EA*A0FED1DEF01D43049696A5BF0B73554A~DTM*232*20200220~DTM*233*20200220~SVC*HC:99214:25:FP*134*119.65**1~DTM*472*20200220~CAS*CO*45*14.35~REF*6R*CP56CIPVNFHO~AMT*B6*119.65~LQ*HE*N381~SVC*HC:96372:FP*32*0**0**1~DTM*472*20200220~CAS*CO*109*32~REF*6R*CP56H1L9D8O8~LQ*HE*N381~SVC*HC:J1050:FP*135*0**0**150~DTM*472*20200220~CAS*PI*16*135~REF*6R*CP564R9VLJOX~LQ*HE*M119~LQ*HE*N381~SVC*HC:81025:FP*15*8.42**1~DTM*472*20200220~CAS*CO*45*6.58~REF*6R*CP56IF3WG9JQ~AMT*B6*8.42~LQ*HE*N381~CLP*000100030659*1*90*65.81**MC*2020073041069~NM1*QC*1*TOTAKHAIL*SORAIYA****MR*O814415~NM1*82*1*HOOSHMAND-PARSI*KAYHOSROW****XX*1447291851~REF*EA*839D2E8819A54C4E87006FB2A2355925~DTM*232*20200227~DTM*233*20200227~SVC*HC:99213*90*65.81**1~DTM*472*20200227~CAS*CO*45*24.19~REF*6R*CP565ZX44NU6~AMT*B6*65.81~LQ*HE*N381~CLP*000100030670*1*134*97.11**MC*2020073041053~NM1*QC*1*TRUJILLO*LALONNIE*S***MR*A496702~NM1*82*1*HOOSHMAND-PARSI*KAYHOSROW****XX*1447291851~REF*EA*CCA54271A0BC476EB80C77C19BDAE0CA~DTM*232*20200227~DTM*233*20200227~SVC*HC:99214*134*97.11**1~DTM*472*20200227~CAS*CO*45*36.89~REF*6R*CP56XXUXXF6D~AMT*B6*97.11~LQ*HE*N381~CLP*000100030560*1*134*97.11**MC*2020069057233~NM1*QC*1*TUCKER*JUDY*L***MR*W894116~NM1*82*1*LANE*DELLA*J***XX*1417151630~REF*EA*CDD51B169B91409C8D8E1E4F19B11282~DTM*232*20200226~DTM*233*20200226~SVC*HC:99214*134*97.11**1~DTM*472*20200226~CAS*CO*45*36.89~REF*6R*CP4UMUWKFGD2~AMT*B6*97.11~LQ*HE*N77~LQ*HE*N381~CLP*000100030603*1*90*63.81*2*MC*2020073041094~NM1*QC*1*TURNER*DAVID*R***MR*P547112~NM1*82*1*CADDALI*ESTRELLA*A***XX*1164974580~REF*EA*D8EE1FBA0ED14D95843E259092735E01~DTM*232*20200226~DTM*233*20200226~SVC*HC:99213*90*63.81**1~DTM*472*20200226~CAS*PR*3*2~CAS*CO*45*24.19~REF*6R*CP567SRUWIJL~AMT*B6*65.81~LQ*HE*N381~LQ*HE*N381~CLP*000100029876*1*90*65.81**MC*2020069057305~NM1*QC*1*VARGAS*MAX****MR*S695147~NM1*82*1*GRONEMEYER*LEANNE*R***XX*1659521045~REF*EA*6E7CF18E8AF445AA9FE13EA12328E7A8~DTM*232*20200213~DTM*233*20200213~SVC*HC:99213*90*65.81**1~DTM*472*20200213~CAS*CO*45*24.19~REF*6R*CP4UMK5KWIQM~AMT*B6*65.81~LQ*HE*N77~LQ*HE*N381~CLP*000100030658*1*134*97.11**MC*2020073041089~NM1*QC*1*VIGIL*ALBERT****MR*Y910988~NM1*82*1*HOOSHMAND-PARSI*KAYHOSROW****XX*1447291851~REF*EA*B288EE4FDD4844D4AA53ADD63EC2A40B~DTM*232*20200227~DTM*233*20200227~SVC*HC:99214*134*97.11**1~DTM*472*20200227~CAS*CO*45*36.89~REF*6R*CP56O7AEHFW3~AMT*B6*97.11~LQ*HE*N381~CLP*000100030340*1*1971*1286.51**MC*2020069057200~NM1*QC*1*VIGIL*FABIAN****MR*J187623~NM1*82*1*LUCAS*PEGGI*S***XX*1366419582~REF*EA*F868D63E8F4340C6A50D841AB0CDA55E~DTM*232*20200224~DTM*233*20200224~SVC*HC:99214:25*134*97.11**1~DTM*472*20200224~CAS*CO*45*36.89~REF*6R*CP4UDUQX97PS~AMT*B6*97.11~LQ*HE*N77~LQ*HE*N381~SVC*HC:96372*32*0**0**1~DTM*472*20200224~CAS*CO*109*32~REF*6R*CP4U1LEKJMLN~LQ*HE*N77~LQ*HE*N381~SVC*HC:J2315*1805*1189.4**380~DTM*472*20200224~CAS*CO*45*615.6~REF*6R*CP4UB1VTEWTS~AMT*B6*1189.4~LQ*HE*N77~LQ*HE*N381~CLP*000100030031*1*134*97.11**MC*2020069057201~NM1*QC*1*VIGIL*FABIAN****MR*J187623~NM1*82*1*LUCAS*PEGGI*S***XX*1366419582~REF*EA*9986D233B5B247AAA6F81AC53FB16583~DTM*232*20200218~DTM*233*20200218~SVC*HC:99214*134*97.11**1~DTM*472*20200218~CAS*CO*45*36.89~REF*6R*CP4ULN94POU8~AMT*B6*97.11~LQ*HE*N77~LQ*HE*N381~CLP*000100030568*1*90*65.81**MC*2020073041063~NM1*QC*1*VIGIL*FABIAN****MR*J187623~NM1*82*1*LUCAS*PEGGI*S***XX*1366419582~REF*EA*34D0B0C63C804B74A8149CF8921E6B36~DTM*232*20200226~DTM*233*20200226~SVC*HC:99213*90*65.81**1~DTM*472*20200226~CAS*CO*45*24.19~REF*6R*CP56D3I67SLO~AMT*B6*65.81~LQ*HE*N381~CLP*000100026664*1*37*31.12**MC*2020069057212~NM1*QC*1*VIGIL*ROBERT*L***MR*K682507~NM1*82*1*CADDALI*ESTRELLA*A***XX*1164974580~REF*EA*FE1D4DBBC6B04BFF82360563A0DD1320~DTM*232*20191212~DTM*233*20191212~SVC*HC:94010*37*31.12**1~DTM*472*20191212~CAS*CO*45*5.88~REF*6R*CP4U9S84CVV0~AMT*B6*31.12~LQ*HE*N381~CLP*000100030519*1*134*95.11*2*MC*2020069057266~NM1*QC*1*WAL*ISAAC*P***MR*Y614489~NM1*82*1*LANE*DELLA*J***XX*1417151630~REF*EA*C1F05B58165340F4966DAA3F3EF9A384~DTM*232*20200226~DTM*233*20200226~SVC*HC:99214*134*95.11**1~DTM*472*20200226~CAS*PR*3*2~CAS*CO*45*36.89~REF*6R*CP4UT8H4ADQX~AMT*B6*97.11~LQ*HE*N77~LQ*HE*N381~LQ*HE*N381~CLP*000100030111*1*160*105.55**MC*2020069057181~NM1*QC*1*WILLIAMS*DEVREN****MR*O169306~NM1*82*1*SEARLES*DENISE*A***XX*1396971230~REF*EA*F10C67E5A53F4263B7E57FCFA7F23248~DTM*232*20200219~DTM*233*20200219~SVC*HC:99394*160*105.55**1~DTM*472*20200219~CAS*CO*45*54.45~REF*6R*CP4UQ0BO14QQ~AMT*B6*105.55~LQ*HE*N381~CLP*000100030418*1*134*95.11*2*MC*2020069057229~NM1*QC*1*WILLIS*DIANE****MR*D774337~NM1*82*1*HOOSHMAND-PARSI*KAYHOSROW****XX*1447291851~REF*EA*D8790E8E8F754472A599803C6AE53031~DTM*232*20200225~DTM*233*20200225~SVC*HC:99214*134*95.11**1~DTM*472*20200225~CAS*PR*3*2~CAS*CO*45*36.89~REF*6R*CP4UUK3ER4YK~AMT*B6*97.11~LQ*HE*N77~LQ*HE*N381~LQ*HE*N381~CLP*000100029873*1*134*95.11*2*MC*2020069057231~NM1*QC*1*WILLIS*DIANE****MR*D774337~NM1*82*1*GRONEMEYER*LEANNE*R***XX*1659521045~REF*EA*6BD8340D39CA4E17A4CD753C303CE3A8~DTM*232*20200213~DTM*233*20200213~SVC*HC:99214*134*95.11**1~DTM*472*20200213~CAS*PR*3*2~CAS*CO*45*36.89~REF*6R*CP4UJ4YGMWVA~AMT*B6*97.11~LQ*HE*N77~LQ*HE*N381~LQ*HE*N381~CLP*000100030421*1*90*65.81**MC*2020073041077~NM1*QC*1*WOELFLE*FRANK*J***MR*N903082~NM1*82*1*CADDALI*ESTRELLA*A***XX*1164974580~REF*EA*CCCA52EA680D410EB94BA6CBC26991B7~DTM*232*20200225~DTM*233*20200225~SVC*HC:99213*90*65.81**1~DTM*472*20200225~CAS*CO*45*24.19~REF*6R*CP56N80UP7EN~AMT*B6*65.81~LQ*HE*N381~CLP*000100030599*1*90*65.81**MC*2020073041061~NM1*QC*1*WYATT*MARK*A***MR*O690192~NM1*82*1*HOOSHMAND-PARSI*KAYHOSROW****XX*1447291851~REF*EA*EF7D7CEE92EC417D8726C9231F410E16~DTM*232*20200226~DTM*233*20200226~SVC*HC:99213*90*65.81**1~DTM*472*20200226~CAS*CO*45*24.19~REF*6R*CP56BCUOB567~AMT*B6*65.81~LQ*HE*N381~CLP*000100029893*1*134*97.11**MC*2020069057269~NM1*QC*1*WYATT*NADINE*D***MR*O816818~NM1*82*1*CADDALI*ESTRELLA*A***XX*1164974580~REF*EA*C0C3331451F44A4790FF1340E9C05EE0~DTM*232*20200213~DTM*233*20200213~SVC*HC:99214*134*97.11**1~DTM*472*20200213~CAS*CO*45*36.89~REF*6R*CP4UC1PWZOGY~AMT*B6*97.11~LQ*HE*N381~CLP*000100030369*1*105*72.23*2*MC*2020069057214~NM1*QC*1*ARMSTRONG YOUNGBLOOD*CASSIDY****MR*Y096253~NM1*74*1*YOUNGBLOOD**R~NM1*82*1*HOOSHMAND-PARSI*KAYHOSROW****XX*1447291851~REF*EA*579854CBB1164B85831F0B22916D0381~DTM*232*20200224~DTM*233*20200224~SVC*HC:99213:25*90*63.81**1~DTM*472*20200224~CAS*PR*3*2~CAS*CO*45*24.19~REF*6R*CP4UU41DPJ2Y~AMT*B6*65.81~LQ*HE*N77~LQ*HE*N381~LQ*HE*N381~SVC*HC:81025*15*8.42**1~DTM*472*20200224~CAS*CO*45*6.58~REF*6R*CP4U1XOVEVTB~AMT*B6*8.42~LQ*HE*N77~LQ*HE*N381~CLP*000100027931*4*24*0**MC*2020069057195~NM1*QC*1*MAES*JUDY*A***MR*H492803~NM1*82*1*HOOSHMAND-PARSI*KAYHOSROW****XX*1447291851~REF*EA*74E03374559944FEAC19B5718ACF5BAD~DTM*232*20200109~DTM*233*20200109~SVC*HC:93000*24*0**0**1~DTM*472*20200109~CAS*PI*96*24~REF*6R*CP4U4I02VBJ9~LQ*HE*N30~CLP*000100029050*4*52*0**MC*2020069057300~NM1*QC*1*MUNOZ*BERNADETTE****MR*J035962~NM1*82*1*HOOSHMAND-PARSI*KAYHOSROW****XX*1447291851~REF*EA*1F1CD9EC385F451E8901592774D5E4EC~DTM*232*20200129~DTM*233*20200129~SVC*HC:99408*44*0**0**1~DTM*472*20200129~CAS*PI*96*44~REF*6R*CP4UKIX8909I~LQ*HE*N30~SVC*HC:96127*8*0**0**1~DTM*472*20200129~CAS*PI*96*8~REF*6R*CP4U4N3OKR8P~LQ*HE*N30~LQ*HE*MA92~CLP*000100030464*4*65*0**MC*2020069057206~NM1*QC*1*ORNELAS*MICHAEL*A***MR*Q985383~NM1*82*1*SANCHEZ*LEANN*V***XX*1508990961~REF*EA*72917B4582B04680AE4A702729E8B4B9~DTM*232*20200225~DTM*233*20200225~SVC*HC:H0006*65*0**0**1~DTM*472*20200225~CAS*PI*16*65~REF*6R*CP4UQV0TP8E3~LQ*HE*N77~LQ*HE*MA70~CLP*000100030501*4*26*0**MC*2020073041107~NM1*QC*1*QUASTHOFF*ELIZABETH*A***MR*P470059~NM1*82*1*LEWIS*HOLLY*G***XX*1295234128~REF*EA*5FCCA2404EF448888AA673E11AFEBF87~DTM*232*20200225~DTM*233*20200225~SVC*HC:90853*26*0**0**1~DTM*472*20200225~CAS*CO*109*26~REF*6R*CP56B3L20TE0~LQ*HE*N381~CLP*000100021639*4*8*0**MC*2020069057182~NM1*QC*1*QUINTANA*ALADINO****MR*J531853~NM1*82*1*LUCAS*PEGGI*S***XX*1366419582~REF*EA*884A029B7E5E46F1998C1DB04D7D6D82~DTM*232*20190827~DTM*233*20190827~SVC*HC:96127:59*8*0**0**1~DTM*472*20190827~CAS*PI*16*8~REF*6R*CP4UFXK6AYAO~LQ*HE*MA92~CLP*000100030712*4*211*0**MC*2020073041104~NM1*QC*1*RAEL*JODI****MR*B166494~NM1*82*1*SEARLES*DENISE*A***XX*1396971230~REF*EA*77E59C456FF847DF90EA09E085F9FBFF~DTM*232*20200227~DTM*233*20200227~SVC*HC:99202:25*135*0**0**1~DTM*472*20200227~CAS*PI*16*135~REF*6R*CP56T47D3PA5~LQ*HE*MA64~LQ*HE*MA64~LQ*HE*N56~SVC*HC:H0049*36*0**0**1~DTM*472*20200227~CAS*PI*16*36~REF*6R*CP560N86I4HL~LQ*HE*MA64~LQ*HE*MA64~LQ*HE*N56~SVC*HC:G8431*40*0**0**1~DTM*472*20200227~CAS*PI*16*40~REF*6R*CP560Q45EPMR~LQ*HE*MA64~LQ*HE*MA64~LQ*HE*N56~CLP*000100027692*4*8*0**MC*2020069057207~NM1*QC*1*RUSSELL*BILLY****MR*K795044~NM1*82*1*HOOSHMAND-PARSI*KAYHOSROW****XX*1447291851~REF*EA*AE7A3206F3DF4821B5DFAA34D198E556~DTM*232*20200106~DTM*233*20200106~SVC*HC:96127:59*8*0**0**1~DTM*472*20200106~CAS*PI*16*8~REF*6R*CP4UCJBHGWJW~LQ*HE*N77~LQ*HE*N30~LQ*HE*MA92~LQ*HE*MA92~LQ*HE*MA92~LQ*HE*N56~CLP*000100028402*4*5*0**MC*2020069057227~NM1*QC*1*SCHAFFER*JENNIFER*A***MR*Y301172~NM1*82*1*LUCAS*PEGGI*S***XX*1366419582~REF*EA*EFB03DF2BD8D417094626F954CD42771~DTM*232*20200117~DTM*233*20200117~SVC*HC:J1885*5*0**0**2~DTM*472*20200117~CAS*PI*16*5~REF*6R*CP4UBU0O3A9P~LQ*HE*N30~LQ*HE*MA92~LQ*HE*MA92~LQ*HE*MA92~LQ*HE*N56~CLP*000100027573*4*8*0**MC*2020069057228~NM1*QC*1*SCHAFFER*JENNIFER*A***MR*Y301172~NM1*82*1*LUCAS*PEGGI*S***XX*1366419582~REF*EA*5D1C706F44C54FB2A04C3E51ACE214EA~DTM*232*20200103~DTM*233*20200103~SVC*HC:96127*8*0**0**1~DTM*472*20200103~CAS*PI*16*8~REF*6R*CP4UHBQ4G81V~LQ*HE*N30~LQ*HE*MA92~LQ*HE*MA92~LQ*HE*MA92~LQ*HE*N56~CLP*000100030254*4*65*0**MC*2020069057290~NM1*QC*1*TOMLINSON*SEAN*B***MR*O382609~NM1*82*1*SANCHEZ*LEANN*V***XX*1508990961~REF*EA*01522B6CE3954A04A4EECE77F8032F06~DTM*232*20200220~DTM*233*20200220~SVC*HC:90832*65*0**0**1~DTM*472*20200220~CAS*PI*16*65~REF*6R*CP4URUATXMQR~LQ*HE*N77~LQ*HE*MA70~CLP*000100026724*4*35*0**MC*2020069057202~NM1*QC*1*YOUNGBLOOD*CHARLE*J***MR*Y146809~NM1*82*1*CADDALI*ESTRELLA*A***XX*1164974580~REF*EA*7194E2BC2DCF425F982BC57A9DDB0D48~DTM*232*20191213~DTM*233*20191213~SVC*HC:90674*35*0**0**1~DTM*472*20191213~CAS*PI*16*35~REF*6R*CP4UBVC0DC9P~LQ*HE*N381~SE*2988*000010012~GE*1*100037802~IEA*1*100037802~