ISA*00*          *00*          *ZZ*COMEDASSISTPROG*ZZ*6769489        *200309*0234*^*00501*300031385*0*P*:~GS*HP*COMEDASSISTPROG*6769489*20200309*023458*300031385*X*005010X221A1~ST*835*000010012~BPR*I*11587.04*C*ACH*CCP*01*075911603*DA*00000004556640373*1811725341**01*102106569*DA*2200002989138*20200309~TRN*1*000917190*1811725341~REF*EV*1508250911~DTM*405*20200306~N1*PR*CO_TXIX*XV*7912900843~N3*P.O. BOX 30~N4*DENVER*CO*80201~PER*CX*MEDICAID PROVIDER SERVICES*TE*8442352387~PER*BL*MEDICAID PROVIDER SERVICES*TE*8442352387~N1*PE*HEALTH SOLUTIONS MED CENTER*XX*1508250911~REF*TJ*841158933~LX*1~CLP*000100029785*2*90*65.81**MC*2020060002513~NM1*QC*1*LUCERO*JOSEPH*M***MR*R578443~NM1*82*1*HOOSHMAND-PARSI*KAYHOSROW****XX*1447291851~REF*EA*8DBB70E4947A49E78DD31789510B01B1~DTM*232*20200212~DTM*233*20200212~SVC*HC:99213*90*65.81**1~DTM*472*20200212~CAS*CO*45*24.19~REF*6R*CPWMJLH2EE2I~AMT*B6*65.81~LQ*HE*N381~CLP*000100021661*4*90*0**MC*2020062042738~NM1*QC*1*COOK*DAVID*T***MR*M267307~NM1*82*1*HOOSHMAND-PARSI*KAYHOSROW****XX*1447291851~DTM*232*20190828~DTM*233*20190828~SVC*HC:99213:25*90*0**0**1~DTM*472*20190828~CAS*PI*16*90~LQ*HE*M47~CLP*000100021661*22*-90*-6.14**MC*2020030071370~NM1*QC*1*COOK*DAVID*T***MR*M267307~NM1*82*1*HOOSHMAND-PARSI*KAYHOSROW****XX*1447291851~REF*EA*6FEFCBEDD23A49038056D1B0D0AEFEC2~DTM*232*20190828~DTM*233*20190828~SVC*HC:99213:25*-90*-6.14**1~DTM*472*20190828~CAS*CO*45*-83.86~REF*6R*CP2XDEUA9PRB~AMT*B6*6.14~LQ*HE*N381~LQ*HE*N381~CLP*000100021661*4*90*0**MC*5920062005196~NM1*QC*1*COOK*DAVID*T***MR*M267307~NM1*82*1*HOOSHMAND-PARSI*KAYHOSROW****XX*1447291851~REF*EA*6FEFCBEDD23A49038056D1B0D0AEFEC2~DTM*232*20190828~DTM*233*20190828~SVC*HC:99213:25*90*0**1~DTM*472*20190828~CAS*CO*129*90~REF*6R*CP2XDEUA9PRB~LQ*HE*N59~CLP*000100030316*1*90*65.81**MC*2020063053235~NM1*QC*1*AINSWORTH*CHEYANNE****MR*O419072~NM1*82*1*SEARLES*DENISE*A***XX*1396971230~REF*EA*CBEA98C7EBAC47E8A15B1CCD72A4A90C~DTM*232*20200221~DTM*233*20200221~SVC*HC:99213*90*65.81**1~DTM*472*20200221~CAS*CO*45*24.19~REF*6R*CP46C2WQGJJ3~AMT*B6*65.81~LQ*HE*N381~CLP*000100030002*1*134*97.11**MC*2020063053111~NM1*QC*1*ANDERSON*JACQULINE*M***MR*G934658~NM1*82*1*SEARLES*DENISE*A***XX*1396971230~REF*EA*BB180BABE5C54F5B9935D1CEE8847A75~DTM*232*20200218~DTM*233*20200218~SVC*HC:99214*134*97.11**1~DTM*472*20200218~CAS*CO*45*36.89~REF*6R*CP46RI84OSHT~AMT*B6*97.11~LQ*HE*N381~CLP*000100030240*1*134*97.11**MC*2020063053198~NM1*QC*1*ASKINS*STACY****MR*P163936~NM1*82*1*GRONEMEYER*LEANNE*R***XX*1659521045~REF*EA*E1C2F094EC7C450C8925AB75588B4357~DTM*232*20200220~DTM*233*20200220~SVC*HC:99214*134*97.11**1~DTM*472*20200220~CAS*CO*45*36.89~REF*6R*CP46YYN1Y7AM~AMT*B6*97.11~LQ*HE*N381~CLP*000100028211*1*391*243.3**MC*2020063053187~NM1*QC*1*ATENCIO*STEPHANITA****MR*H455206~NM1*82*1*GRONEMEYER*LEANNE*R***XX*1659521045~REF*EA*B69A4583325B45EC872D77BB2D6E8502~DTM*232*20200115~DTM*233*20200115~SVC*HC:99205:25*255*186.33**1~DTM*472*20200115~CAS*CO*45*68.67~REF*6R*CP463XW6OWI5~AMT*B6*186.33~LQ*HE*N77~LQ*HE*N381~SVC*HC:99415*45*7.11**1~DTM*472*20200115~CAS*CO*45*37.89~REF*6R*CP465OHMTVZT~AMT*B6*7.11~LQ*HE*N77~LQ*HE*N381~SVC*HC:H0049*36*10.92**1~DTM*472*20200115~CAS*CO*45*25.08~REF*6R*CP46T26L5QIT~AMT*B6*10.92~LQ*HE*N77~LQ*HE*N381~SVC*HC:G8431*40*30.52**1~DTM*472*20200115~CAS*CO*45*9.48~REF*6R*CP46TOS33XWK~AMT*B6*30.52~LQ*HE*N77~LQ*HE*N381~SVC*HC:81025*15*8.42**1~DTM*472*20200115~CAS*CO*45*6.58~REF*6R*CP46EBP1VFCO~AMT*B6*8.42~LQ*HE*N77~LQ*HE*N381~CLP*000100030133*1*134*97.11**MC*2020063053182~NM1*QC*1*BAIRD*ASHLYNN****MR*G563172~NM1*82*1*SEARLES*DENISE*A***XX*1396971230~REF*EA*0AB9D627666944CA90F0A42DD50C2B58~DTM*232*20200219~DTM*233*20200219~SVC*HC:99214*134*97.11**1~DTM*472*20200219~CAS*CO*45*36.89~REF*6R*CP4608EX4CG1~AMT*B6*97.11~LQ*HE*N381~CLP*000100030098*1*90*63.81*2*MC*2020063053627~NM1*QC*1*BAIRD*JEANIE*M***MR*G251794~NM1*82*1*SEARLES*DENISE*A***XX*1396971230~REF*EA*27688C43656B4C7DAED22FB175194381~DTM*232*20200218~DTM*233*20200218~SVC*HC:99213*90*63.81**1~DTM*472*20200218~CAS*PR*3*2~CAS*CO*45*24.19~REF*6R*CP46PBGHBVIP~AMT*B6*65.81~LQ*HE*N381~LQ*HE*N381~CLP*000100030218*1*90*63.81*2*MC*2020063053343~NM1*QC*1*BERTUGLIA*LAUREN*E***MR*Y771588~NM1*82*1*CADDALI*ESTRELLA*A***XX*1164974580~REF*EA*1281FDAE36BF40C2A9422C84D40F1A43~DTM*232*20200220~DTM*233*20200220~SVC*HC:99213*90*63.81**1~DTM*472*20200220~CAS*PR*3*2~CAS*CO*45*24.19~REF*6R*CP460LWI6TBD~AMT*B6*65.81~LQ*HE*N381~LQ*HE*N381~CLP*000100030158*1*281*171.51**MC*2020063053249~NM1*QC*1*BONNICI*MARCUS*J***MR*O629261~NM1*82*1*LUCAS*PEGGI*S***XX*1366419582~REF*EA*44E0D80A4791464FAA9A717BA98D4A3F~DTM*232*20200219~DTM*233*20200219~SVC*HC:99204:25*205*149.59**1~DTM*472*20200219~CAS*CO*45*55.41~REF*6R*CP46E3EP0DUL~AMT*B6*149.59~LQ*HE*N381~SVC*HC:H0049*36*10.92**1~DTM*472*20200219~CAS*CO*45*25.08~REF*6R*CP46B5UXXO2B~AMT*B6*10.92~LQ*HE*N381~SVC*HC:G8510*40*11**1~DTM*472*20200219~CAS*CO*45*29~REF*6R*CP46YM5X2RSK~AMT*B6*11~LQ*HE*N381~CLP*000100030127*1*211*108.57**MC*2020063053220~NM1*QC*1*CADDICK*STONEWALL****MR*G104841~NM1*82*1*SEARLES*DENISE*A***XX*1396971230~REF*EA*8D0B14CF3B4F4557AFDF84F58230C45C~DTM*232*20200219~DTM*233*20200219~SVC*HC:99202:25*135*67.13**1~DTM*472*20200219~CAS*CO*45*67.87~REF*6R*CP46Y5CDBGWT~AMT*B6*67.13~LQ*HE*N381~SVC*HC:H0049*36*10.92**1~DTM*472*20200219~CAS*CO*45*25.08~REF*6R*CP46AMEQ7YR2~AMT*B6*10.92~LQ*HE*N381~SVC*HC:G8431*40*30.52**1~DTM*472*20200219~CAS*CO*45*9.48~REF*6R*CP46H4DY3GMC~AMT*B6*30.52~LQ*HE*N381~CLP*000100030125*1*90*65.81**MC*2020063053214~NM1*QC*1*CAMPBELL*TAMMY*L***MR*Y574975~NM1*82*1*CADDALI*ESTRELLA*A***XX*1164974580~REF*EA*2F71387F9412400E91C75700DF30DB03~DTM*232*20200219~DTM*233*20200219~SVC*HC:99213*90*65.81**1~DTM*472*20200219~CAS*CO*45*24.19~REF*6R*CP46HKROAO1P~AMT*B6*65.81~LQ*HE*N381~CLP*000100030223*1*90*65.81**MC*2020063053379~NM1*QC*1*CARBAJAL*MELISSA****MR*A287390~NM1*82*1*CADDALI*ESTRELLA*A***XX*1164974580~REF*EA*ECB2556925CA4D8290A3A247C59092D1~DTM*232*20200220~DTM*233*20200220~SVC*HC:99213*90*65.81**1~DTM*472*20200220~CAS*CO*45*24.19~REF*6R*CP46BAO8X3YN~AMT*B6*65.81~LQ*HE*N381~CLP*000100030115*1*134*97.11**MC*2020063053467~NM1*QC*1*CAROTHERS*NOAH****MR*Y987861~NM1*82*1*CADDALI*ESTRELLA*A***XX*1164974580~REF*EA*555403D27A994286BC0B0C1FE0EDC0B6~DTM*232*20200219~DTM*233*20200219~SVC*HC:99214*134*97.11**1~DTM*472*20200219~CAS*CO*45*36.89~REF*6R*CP463W3ZENXN~AMT*B6*97.11~LQ*HE*N381~CLP*000100029974*1*114*87.31**MC*2020063053268~NM1*QC*1*CHAVEZ*CLAYTON*J***MR*H783417~NM1*82*1*CADDALI*ESTRELLA*A***XX*1164974580~REF*EA*433B61706C3F43A49F09DA5085DAE39B~DTM*232*20200214~DTM*233*20200214~SVC*HC:99213:25*90*65.81**1~DTM*472*20200214~CAS*CO*45*24.19~REF*6R*CP46RSANPVFA~AMT*B6*65.81~LQ*HE*N381~SVC*HC:93000*24*21.5**1~DTM*472*20200214~CAS*CO*45*2.5~REF*6R*CP46LT8JAGYH~AMT*B6*21.5~LQ*HE*N381~CLP*000100030072*1*134*97.11**MC*2020063053664~NM1*QC*1*COLEMAN*AUDREY****MR*P886618~NM1*82*1*LUCAS*PEGGI*S***XX*1366419582~REF*EA*73D071459F9A4AF69A2A20188C15CC65~DTM*232*20200218~DTM*233*20200218~SVC*HC:99214*134*97.11**1~DTM*472*20200218~CAS*CO*45*36.89~REF*6R*CP461QHAKTZ1~AMT*B6*97.11~LQ*HE*N381~CLP*000100029897*1*134*95.11*2*MC*2020063053240~NM1*QC*1*CORDOVA*GINA****MR*Q922006~NM1*82*1*GRONEMEYER*LEANNE*R***XX*1659521045~REF*EA*EC46C69A23B14288B44827AC8A7D08B0~DTM*232*20200213~DTM*233*20200213~SVC*HC:99214*134*95.11**1~DTM*472*20200213~CAS*PR*3*2~CAS*CO*45*36.89~REF*6R*CP463ISJ1BPP~AMT*B6*97.11~LQ*HE*N381~LQ*HE*N381~CLP*000100030302*1*211*108.57**MC*2020063053658~NM1*QC*1*DEBIDART*MICHAEL*M***MR*P894392~NM1*82*1*SEARLES*DENISE*A***XX*1396971230~REF*EA*43BB5A445BBA4F15BD5F9E4266B3CEF3~DTM*232*20200221~DTM*233*20200221~SVC*HC:99202:25*135*67.13**1~DTM*472*20200221~CAS*CO*45*67.87~REF*6R*CP46PJPY0Z5D~AMT*B6*67.13~LQ*HE*N381~SVC*HC:H0049*36*10.92**1~DTM*472*20200221~CAS*CO*45*25.08~REF*6R*CP463TLB5XJG~AMT*B6*10.92~LQ*HE*N381~SVC*HC:G8431*40*30.52**1~DTM*472*20200221~CAS*CO*45*9.48~REF*6R*CP469UT5A3O4~AMT*B6*30.52~LQ*HE*N381~CLP*000100030109*1*35*35**MC*2020063053649~NM1*QC*1*DIAZ*DOMINIC*M***MR*U857412~NM1*82*1*LUCAS*PEGGI*S***XX*1366419582~REF*EA*69B7E67E23144124A2B6D7F96026B138~DTM*232*20200219~DTM*233*20200219~SVC*HC:69209:50*35*35**1~DTM*472*20200219~REF*6R*CP46IQIDZT8I~AMT*B6*35~CLP*000100029895*1*134*95.11*2*MC*2020063053329~NM1*QC*1*DOBBS*DION*K***MR*P437953~NM1*82*1*HOOSHMAND-PARSI*KAYHOSROW****XX*1447291851~REF*EA*104430878E834EE985CF99159FE9B725~DTM*232*20200213~DTM*233*20200213~SVC*HC:99214*134*95.11**1~DTM*472*20200213~CAS*PR*3*2~CAS*CO*45*36.89~REF*6R*CP464L7EMJPB~AMT*B6*97.11~LQ*HE*N381~LQ*HE*N381~CLP*000100030112*1*134*97.11**MC*2020063053598~NM1*QC*1*DURHAM*DEBRA****MR*Y910370~NM1*82*1*CADDALI*ESTRELLA*A***XX*1164974580~REF*EA*D47A96B7F4E44DB490E8101F439E98FC~DTM*232*20200219~DTM*233*20200219~SVC*HC:99214*134*97.11**1~DTM*472*20200219~CAS*CO*45*36.89~REF*6R*CP46HWZQ7YGF~AMT*B6*97.11~LQ*HE*N381~CLP*000100029979*1*256*151.91**MC*2020063053608~NM1*QC*1*DURHAM*DEBRA****MR*Y910370~NM1*82*1*CADDALI*ESTRELLA*A***XX*1164974580~REF*EA*4FFEFE4679DB498CB5B6886D8A31090B~DTM*232*20200214~DTM*233*20200214~SVC*HC:99215:25*180*129.99**1~DTM*472*20200214~CAS*CO*45*50.01~REF*6R*CP46V48Q0NUO~AMT*B6*129.99~LQ*HE*N381~SVC*HC:H0049*36*10.92**1~DTM*472*20200214~CAS*CO*45*25.08~REF*6R*CP46ZV2BQBSI~AMT*B6*10.92~LQ*HE*N381~SVC*HC:G8510*40*11**1~DTM*472*20200214~CAS*CO*45*29~REF*6R*CP46AXDAVNXU~AMT*B6*11~LQ*HE*N381~CLP*000100030351*1*1971*1286.51**MC*2020063053539~NM1*QC*1*EDWARDS*ODALE****MR*A536465~NM1*82*1*LUCAS*PEGGI*S***XX*1366419582~REF*EA*EF891E18BB52478F8819A61E6207B23B~DTM*232*20200224~DTM*233*20200224~SVC*HC:99214:25*134*97.11**1~DTM*472*20200224~CAS*CO*45*36.89~REF*6R*CP46EQZJZBVQ~AMT*B6*97.11~LQ*HE*N77~LQ*HE*N381~SVC*HC:96372*32*0**0**1~DTM*472*20200224~CAS*CO*109*32~REF*6R*CP46GKUXD9NO~LQ*HE*N77~LQ*HE*N381~SVC*HC:J2315*1805*1189.4**380~DTM*472*20200224~CAS*CO*45*615.6~REF*6R*CP46DN2UBLD6~AMT*B6*1189.4~LQ*HE*N77~LQ*HE*N381~CLP*000100029984*1*90*65.81**MC*2020063053589~NM1*QC*1*ELLIOTT*KYLE*W***MR*U645304~NM1*82*1*CADDALI*ESTRELLA*A***XX*1164974580~REF*EA*AE90430F597041FE9E1D3EF0EE3A7725~DTM*232*20200214~DTM*233*20200214~SVC*HC:99213*90*65.81**1~DTM*472*20200214~CAS*CO*45*24.19~REF*6R*CP46QF0AA8R0~AMT*B6*65.81~LQ*HE*N381~CLP*000100030267*1*134*97.11**MC*2020063053507~NM1*QC*1*FIELDS*LARAMIE*J***MR*G389889~NM1*82*1*SEARLES*DENISE*A***XX*1396971230~REF*EA*3716F4A276224C8A9679F92BC6192749~DTM*232*20200220~DTM*233*20200220~SVC*HC:99214*134*97.11**1~DTM*472*20200220~CAS*CO*45*36.89~REF*6R*CP468SEITXX6~AMT*B6*97.11~LQ*HE*N381~CLP*000100029556*1*251*136.86**MC*2020063053672~NM1*QC*1*FISHBACK*JEFF*A***MR*O617751~NM1*82*1*CADDALI*ESTRELLA*A***XX*1164974580~REF*EA*271CC4729CE84C53A78FB3CA8B674085~DTM*232*20200206~DTM*233*20200206~SVC*HC:99396:25*175*114.94**1~DTM*472*20200206~CAS*CO*45*60.06~REF*6R*CP46JVRKVIUM~AMT*B6*114.94~LQ*HE*N381~SVC*HC:H0049*36*10.92**1~DTM*472*20200206~CAS*CO*45*25.08~REF*6R*CP46PI4TG2Q6~AMT*B6*10.92~LQ*HE*N381~SVC*HC:G8510*40*11**1~DTM*472*20200206~CAS*CO*45*29~REF*6R*CP46LR74XI2D~AMT*B6*11~LQ*HE*N381~CLP*000100030008*1*281*171.51**MC*2020063053550~NM1*QC*1*GARCIA*ANTHONY****MR*Q036369~NM1*82*1*CADDALI*ESTRELLA*A***XX*1164974580~REF*EA*2C08A124A5604BC5B5E2496B0D7FAB4B~DTM*232*20200218~DTM*233*20200218~SVC*HC:99204:25*205*149.59**1~DTM*472*20200218~CAS*CO*45*55.41~REF*6R*CP46WQLY76VX~AMT*B6*149.59~LQ*HE*N381~SVC*HC:H0049*36*10.92**1~DTM*472*20200218~CAS*CO*45*25.08~REF*6R*CP46KP67FJMJ~AMT*B6*10.92~LQ*HE*N381~SVC*HC:G8510*40*11**1~DTM*472*20200218~CAS*CO*45*29~REF*6R*CP46XW193DB4~AMT*B6*11~LQ*HE*N381~CLP*000100030204*1*134*95.11*2*MC*2020063053322~NM1*QC*1*GERMAN*NEAL*D***MR*P523767~NM1*82*1*GRONEMEYER*LEANNE*R***XX*1659521045~REF*EA*270BB7106178435A871C57BCD59D271E~DTM*232*20200220~DTM*233*20200220~SVC*HC:99214*134*95.11**1~DTM*472*20200220~CAS*PR*3*2~CAS*CO*45*36.89~REF*6R*CP46CZCO9BIL~AMT*B6*97.11~LQ*HE*N381~LQ*HE*N381~CLP*000100030164*1*154*97.11**MC*2020063053579~NM1*QC*1*GIBSON*JOSHUA****MR*Y083407~NM1*82*1*LUCAS*PEGGI*S***XX*1366419582~REF*EA*91AFCD3E8C3A4FAE98EC600D4F97451B~DTM*232*20200219~DTM*233*20200219~SVC*HC:99214:25*134*97.11**1~DTM*472*20200219~CAS*CO*45*36.89~REF*6R*CP46YTEFZ29Y~AMT*B6*97.11~LQ*HE*N381~SVC*HC:87804*20*0**0**1~DTM*472*20200219~CAS*PI*B7*20~REF*6R*CP46RH9P28WW~LQ*HE*MA120~LQ*HE*N381~CLP*000100030117*1*134*97.11**MC*2020063053408~NM1*QC*1*GILMORE*BRIAN*W***MR*U569330~NM1*82*1*GRONEMEYER*LEANNE*R***XX*1659521045~REF*EA*4BB7439442E84EC294574F23479FD281~DTM*232*20200219~DTM*233*20200219~SVC*HC:99214*134*97.11**1~DTM*472*20200219~CAS*CO*45*36.89~REF*6R*CP462HBWGZVM~AMT*B6*97.11~LQ*HE*N77~LQ*HE*N381~CLP*000100030305*1*90*65.81**MC*2020063053209~NM1*QC*1*GONZALES*DESTINEY*M***MR*Y786132~NM1*82*1*CADDALI*ESTRELLA*A***XX*1164974580~REF*EA*44C4DC6C47F64D6093F6749695E4FE30~DTM*232*20200221~DTM*233*20200221~SVC*HC:99213*90*65.81**1~DTM*472*20200221~CAS*CO*45*24.19~REF*6R*CP46DQWGW8S0~AMT*B6*65.81~LQ*HE*N381~CLP*000100029810*1*149*105.53**MC*2020063053569~NM1*QC*1*GOW*LAYLA*A***MR*O314223~NM1*82*1*GRONEMEYER*LEANNE*R***XX*1659521045~REF*EA*5A9C0FEC51484CAAA792DA7854445E6D~DTM*232*20200212~DTM*233*20200212~SVC*HC:99214:25*134*97.11**1~DTM*472*20200212~CAS*CO*45*36.89~REF*6R*CP469EPSQ1HR~AMT*B6*97.11~LQ*HE*N77~LQ*HE*N381~SVC*HC:81025*15*8.42**1~DTM*472*20200212~CAS*CO*45*6.58~REF*6R*CP46Y8BCS08K~AMT*B6*8.42~LQ*HE*N77~LQ*HE*N381~CLP*000100030084*1*134*97.11**MC*2020063053127~NM1*QC*1*GRIEGO*EDDIE****MR*N185649~NM1*82*1*CADDALI*ESTRELLA*A***XX*1164974580~REF*EA*4A73C0E1D6BD48DE91001150DDDE6244~DTM*232*20200218~DTM*233*20200218~SVC*HC:99214*134*97.11**1~DTM*472*20200218~CAS*CO*45*36.89~REF*6R*CP46IBXK8H9A~AMT*B6*97.11~LQ*HE*N381~CLP*000100029687*1*149*103.53*2*MC*2020063053460~NM1*QC*1*GUERRERO*SONYA*M***MR*S127505~NM1*82*1*HOOSHMAND-PARSI*KAYHOSROW****XX*1447291851~REF*EA*9B8F886D057A4EF3AF26582436EC9DCB~DTM*232*20200210~DTM*233*20200210~SVC*HC:99214:25*134*95.11**1~DTM*472*20200210~CAS*PR*3*2~CAS*CO*45*36.89~REF*6R*CP46UQ5UCSCJ~AMT*B6*97.11~LQ*HE*N77~LQ*HE*N381~LQ*HE*N381~SVC*HC:81025*15*8.42**1~DTM*472*20200210~CAS*CO*45*6.58~REF*6R*CP46QT0D6MEW~AMT*B6*8.42~LQ*HE*N77~LQ*HE*N381~CLP*000100030246*1*134*97.11**MC*2020063053488~NM1*QC*1*HADDAN*SHAWNA****MR*V379838~NM1*82*1*GRONEMEYER*LEANNE*R***XX*1659521045~REF*EA*DFCC42F2AEBF41B0B522F36C9A73578C~DTM*232*20200220~DTM*233*20200220~SVC*HC:99214*134*97.11**1~DTM*472*20200220~CAS*CO*45*36.89~REF*6R*CP46XU8A8HO8~AMT*B6*97.11~LQ*HE*N381~CLP*000100029990*1*281*171.51**MC*2020063053421~NM1*QC*1*HAMILTON*MEGAN****MR*Y649549~NM1*82*1*CADDALI*ESTRELLA*A***XX*1164974580~REF*EA*0943004EE94843DABC9A101E5318BE29~DTM*232*20200214~DTM*233*20200214~SVC*HC:99204:25*205*149.59**1~DTM*472*20200214~CAS*CO*45*55.41~REF*6R*CP46ABDQIHWM~AMT*B6*149.59~LQ*HE*N381~SVC*HC:H0049*36*10.92**1~DTM*472*20200214~CAS*CO*45*25.08~REF*6R*CP46HZKKQ7Q2~AMT*B6*10.92~LQ*HE*N381~SVC*HC:G8510*40*11**1~DTM*472*20200214~CAS*CO*45*29~REF*6R*CP4630HRRLNY~AMT*B6*11~LQ*HE*N381~CLP*000100029844*1*134*97.11**MC*2020063053455~NM1*QC*1*HERNANDEZ*DEREK*G***MR*Q002007~NM1*82*1*GRONEMEYER*LEANNE*R***XX*1659521045~REF*EA*96BC0672462C4ED2A40157B5A74AB715~DTM*232*20200212~DTM*233*20200212~SVC*HC:99214*134*97.11**1~DTM*472*20200212~CAS*CO*45*36.89~REF*6R*CP46LN4SYQRA~AMT*B6*97.11~LQ*HE*N77~LQ*HE*N381~CLP*000100030086*1*90*63.81*2*MC*2020063053143~NM1*QC*1*JACKSON*TIMEKU****MR*M493473~NM1*82*1*CADDALI*ESTRELLA*A***XX*1164974580~REF*EA*4310C1D2A0FF48C7AE971CB3091CEEC7~DTM*232*20200218~DTM*233*20200218~SVC*HC:99213*90*63.81**1~DTM*472*20200218~CAS*PR*3*2~CAS*CO*45*24.19~REF*6R*CP46UILIZAXH~AMT*B6*65.81~LQ*HE*N381~LQ*HE*N381~CLP*000100030295*1*134*95.11*2*MC*2020063053299~NM1*QC*1*JOHNSON*LASHAWN****MR*J148245~NM1*82*1*LUCAS*PEGGI*S***XX*1366419582~REF*EA*BB07694DA5284CD7A14ECA229F4672D8~DTM*232*20200221~DTM*233*20200221~SVC*HC:99214*134*95.11**1~DTM*472*20200221~CAS*PR*3*2~CAS*CO*45*36.89~REF*6R*CP46WLVYG9UD~AMT*B6*97.11~LQ*HE*N381~LQ*HE*N381~CLP*000100030192*1*165*105.82*2*MC*2020063053145~NM1*QC*1*JUAREZ*ALONDRA****MR*P679285~NM1*82*1*LUCAS*PEGGI*S***XX*1366419582~REF*EA*DC22D0F5692A493DB67236FEAE88F3E4~DTM*232*20200219~DTM*233*20200219~SVC*HC:99395*165*105.82**1~DTM*472*20200219~CAS*PR*3*2~CAS*CO*45*57.18~REF*6R*CP46U32HTIB2~AMT*B6*107.82~LQ*HE*N381~LQ*HE*N381~CLP*000100030306*1*54*39.39**MC*2020063053089~NM1*QC*1*LEWIS*WILLIS*A***MR*G282606~NM1*82*1*CADDALI*ESTRELLA*A***XX*1164974580~REF*EA*1E10E291FAF14ED582A0FC1946BA3154~DTM*232*20200221~DTM*233*20200221~SVC*HC:99212*54*39.39**1~DTM*472*20200221~CAS*CO*45*14.61~REF*6R*CP4616OQCLNX~AMT*B6*39.39~LQ*HE*N381~CLP*000100029970*1*245*160.59**MC*2020063053104~NM1*QC*1*LEWIS*WILLIS*A***MR*G282606~NM1*82*1*CADDALI*ESTRELLA*A***XX*1164974580~REF*EA*0D98919850DE4A7990541FB469BB285A~DTM*232*20200214~DTM*233*20200214~SVC*HC:99204:25*205*149.59**1~DTM*472*20200214~CAS*CO*45*55.41~REF*6R*CP46AF8L4CGB~AMT*B6*149.59~LQ*HE*N381~SVC*HC:G8510*40*11**1~DTM*472*20200214~CAS*CO*45*29~REF*6R*CP46E9988E30~AMT*B6*11~LQ*HE*N381~CLP*000100030156*1*90*65.81**MC*2020063053114~NM1*QC*1*LINDSAY SANDERS*SHABREA*D***MR*Q818873~NM1*74*1*LINDSAYSANDERS~NM1*82*1*CADDALI*ESTRELLA*A***XX*1164974580~REF*EA*6F51B391ABB1478EA3A5A3641D6A011A~DTM*232*20200219~DTM*233*20200219~SVC*HC:99213*90*65.81**1~DTM*472*20200219~CAS*CO*45*24.19~REF*6R*CP46OR2IF499~AMT*B6*65.81~LQ*HE*N381~CLP*000100030106*1*134*97.11**MC*2020063053416~NM1*QC*1*MACE*BRANDY*G***MR*O919510~NM1*82*1*CADDALI*ESTRELLA*A***XX*1164974580~REF*EA*FF8E4D9C42324222A089CAB0B7912776~DTM*232*20200219~DTM*233*20200219~SVC*HC:99214*134*97.11**1~DTM*472*20200219~CAS*CO*45*36.89~REF*6R*CP46HDTFM21D~AMT*B6*97.11~LQ*HE*N381~CLP*000100029942*1*90*65.81**MC*2020063053364~NM1*QC*1*MAES*ODEAN****MR*J060945~NM1*82*1*CADDALI*ESTRELLA*A***XX*1164974580~REF*EA*769A335D239C48158CC302E9F8B288B8~DTM*232*20200213~DTM*233*20200213~SVC*HC:99213*90*65.81**1~DTM*472*20200213~CAS*CO*45*24.19~REF*6R*CP4690BD372O~AMT*B6*65.81~LQ*HE*N381~CLP*000100029760*1*149*103.53*2*MC*2020063053558~NM1*QC*1*MAGANA*CARLA*R***MR*M671813~NM1*82*1*HOOSHMAND-PARSI*KAYHOSROW****XX*1447291851~REF*EA*681131E3993A41FA94D54ABF4B0B8DE3~DTM*232*20200211~DTM*233*20200211~SVC*HC:99214:25*134*95.11**1~DTM*472*20200211~CAS*PR*3*2~CAS*CO*45*36.89~REF*6R*CP463A8DFJZF~AMT*B6*97.11~LQ*HE*N77~LQ*HE*N381~LQ*HE*N381~SVC*HC:81025*15*8.42**1~DTM*472*20200211~CAS*CO*45*6.58~REF*6R*CP46N0VMWGW1~AMT*B6*8.42~LQ*HE*N77~LQ*HE*N381~CLP*000100030186*1*134*97.11**MC*2020063053147~NM1*QC*1*MARTINEZ*WILLIAM****MR*B261410~NM1*82*1*LUCAS*PEGGI*S***XX*1366419582~REF*EA*435397A37BF443D98A356D668337217E~DTM*232*20200219~DTM*233*20200219~SVC*HC:99214*134*97.11**1~DTM*472*20200219~CAS*CO*45*36.89~REF*6R*CP46KZRR1YBB~AMT*B6*97.11~LQ*HE*N381~CLP*000100029816*1*149*105.53**MC*2020063053202~NM1*QC*1*MAXFIELD*KENDRA*M***MR*N150478~NM1*74*1*MAXFIED~NM1*82*1*GRONEMEYER*LEANNE*R***XX*1659521045~REF*EA*8AD7F87653144CF8A2A0EDAA3572BB5A~DTM*232*20200212~DTM*233*20200212~SVC*HC:99214:25*134*97.11**1~DTM*472*20200212~CAS*CO*45*36.89~REF*6R*CP46WX7U5BHK~AMT*B6*97.11~LQ*HE*N77~LQ*HE*N381~SVC*HC:81025*15*8.42**1~DTM*472*20200212~CAS*CO*45*6.58~REF*6R*CP46SPUV8MND~AMT*B6*8.42~LQ*HE*N77~LQ*HE*N381~CLP*000100029972*1*134*97.11**MC*2020063053255~NM1*QC*1*MCGARVY*ROBBIN****MR*O755729~NM1*82*1*CADDALI*ESTRELLA*A***XX*1164974580~REF*EA*55D575D60307441A86ABD41F984985A5~DTM*232*20200214~DTM*233*20200214~SVC*HC:99214*134*97.11**1~DTM*472*20200214~CAS*CO*45*36.89~REF*6R*CP460HZ8JB9Y~AMT*B6*97.11~LQ*HE*N381~CLP*000100030194*1*134*97.11**MC*2020063053106~NM1*QC*1*MEDINA*JEANNINE****MR*H870875~NM1*82*1*SEARLES*DENISE*A***XX*1396971230~REF*EA*9F4F658217F54635AF27C691281D197D~DTM*232*20200219~DTM*233*20200219~SVC*HC:99214*134*97.11**1~DTM*472*20200219~CAS*CO*45*36.89~REF*6R*CP4693G96097~AMT*B6*97.11~LQ*HE*N381~CLP*000100029945*1*110*65.81**MC*2020063053123~NM1*QC*1*MITCHELL*JORDAN*K***MR*P498565~NM1*82*1*SEARLES*DENISE*A***XX*1396971230~REF*EA*2FB3024D2A6D4B428196D7B53F6FCEAE~DTM*232*20200213~DTM*233*20200213~SVC*HC:99213:25*90*65.81**1~DTM*472*20200213~CAS*CO*45*24.19~REF*6R*CP46EBCGY7WE~AMT*B6*65.81~LQ*HE*N381~SVC*HC:87804*20*0**0**1~DTM*472*20200213~CAS*PI*B7*20~REF*6R*CP46QXRZ7OLQ~LQ*HE*MA120~LQ*HE*N381~CLP*000100029987*1*90*65.81**MC*2020063053283~NM1*QC*1*MOLZOW*THOMAS*P***MR*O956576~NM1*82*1*CADDALI*ESTRELLA*A***XX*1164974580~REF*EA*35DF2914587E495DB5B50D708AF6D55C~DTM*232*20200214~DTM*233*20200214~SVC*HC:99213*90*65.81**1~DTM*472*20200214~CAS*CO*45*24.19~REF*6R*CP46ED3N64QO~AMT*B6*65.81~LQ*HE*N381~CLP*000100030067*1*211*108.57**MC*2020063053306~NM1*QC*1*MOODY*BONNIE*G***MR*Y310481~NM1*82*1*SEARLES*DENISE*A***XX*1396971230~REF*EA*95B19351AC7047D9B8D1FD5EB73C30F6~DTM*232*20200218~DTM*233*20200218~SVC*HC:99202:25*135*67.13**1~DTM*472*20200218~CAS*CO*45*67.87~REF*6R*CP466BK15PGU~AMT*B6*67.13~LQ*HE*N381~SVC*HC:H0049*36*10.92**1~DTM*472*20200218~CAS*CO*45*25.08~REF*6R*CP46EKU3Y1PV~AMT*B6*10.92~LQ*HE*N381~SVC*HC:G8431*40*30.52**1~DTM*472*20200218~CAS*CO*45*9.48~REF*6R*CP469JE2TJVC~AMT*B6*30.52~LQ*HE*N381~CLP*000100030233*1*145*97.43**MC*2020063053217~NM1*QC*1*MORENO*KRISTIAN****MR*O419019~NM1*82*1*CADDALI*ESTRELLA*A***XX*1164974580~REF*EA*29E1A9DC268F494ABCE689BF1F523E79~DTM*232*20200220~DTM*233*20200220~SVC*HC:99203*145*97.43**1~DTM*472*20200220~CAS*CO*45*47.57~REF*6R*CP46N97MQTIW~AMT*B6*97.43~LQ*HE*N381~CLP*000100030157*1*211*108.57**MC*2020063053447~NM1*QC*1*MORENO-PADILLA*REGINA*R***MR*I257452~NM1*74*1*MORENOPADILLA~NM1*82*1*SEARLES*DENISE*A***XX*1396971230~REF*EA*155B9B5FF0B44C14A5112961F6CEE242~DTM*232*20200219~DTM*233*20200219~SVC*HC:99202:25*135*67.13**1~DTM*472*20200219~CAS*CO*45*67.87~REF*6R*CP46HUGCE7QU~AMT*B6*67.13~LQ*HE*N381~SVC*HC:H0049*36*10.92**1~DTM*472*20200219~CAS*CO*45*25.08~REF*6R*CP467DCJ5H4G~AMT*B6*10.92~LQ*HE*N381~SVC*HC:G8431*40*30.52**1~DTM*472*20200219~CAS*CO*45*9.48~REF*6R*CP46L6VO65PD~AMT*B6*30.52~LQ*HE*N381~CLP*000100030166*1*65*55.35**MC*2020063053452~NM1*QC*1*MORENO-PADILLA*REGINA*R***MR*I257452~NM1*74*1*MORENOPADILLA~NM1*82*1*LEWIS*HOLLY*G***XX*1295234128~REF*EA*720E8CA66FA344ECBC3298691C425EB2~DTM*232*20200219~DTM*233*20200219~SVC*HC:90832*65*55.35**1~DTM*472*20200219~CAS*CO*45*9.65~REF*6R*CP46REAJAWT7~AMT*B6*55.35~LQ*HE*N381~CLP*000100029933*1*158*116.61*2*MC*2020063053477~NM1*QC*1*MUNIZ*SHARON*M***MR*J463636~NM1*82*1*GRONEMEYER*LEANNE*R***XX*1659521045~REF*EA*3BACA875088D4D88A46673D0B35FC67C~DTM*232*20200213~DTM*233*20200213~SVC*HC:99214:25*134*95.11**1~DTM*472*20200213~CAS*PR*3*2~CAS*CO*45*36.89~REF*6R*CP46MHZ5U8N8~AMT*B6*97.11~LQ*HE*N381~LQ*HE*N381~SVC*HC:93000*24*21.5**1~DTM*472*20200213~CAS*CO*45*2.5~REF*6R*CP46TTXOQOU9~AMT*B6*21.5~LQ*HE*N381~CLP*000100030010*1*158*118.61**MC*2020063053352~NM1*QC*1*OHRDORF*JIMMI*L***MR*Y840687~NM1*82*1*CADDALI*ESTRELLA*A***XX*1164974580~REF*EA*6340EFCA77934BA7A5296939A251BCCE~DTM*232*20200218~DTM*233*20200218~SVC*HC:99214:25*134*97.11**1~DTM*472*20200218~CAS*CO*45*36.89~REF*6R*CP46KXOW160Z~AMT*B6*97.11~LQ*HE*N381~SVC*HC:93000*24*21.5**1~DTM*472*20200218~CAS*CO*45*2.5~REF*6R*CP463NWU4I30~AMT*B6*21.5~LQ*HE*N381~CLP*000100029904*1*134*97.11**MC*2020063053195~NM1*QC*1*OLSON*FELICITY****MR*P253379~NM1*82*1*GRONEMEYER*LEANNE*R***XX*1659521045~REF*EA*3874C3545794461DB5554B3E9FD4B017~DTM*232*20200213~DTM*233*20200213~SVC*HC:99214*134*97.11**1~DTM*472*20200213~CAS*CO*45*36.89~REF*6R*CP4665DTZRD4~AMT*B6*97.11~LQ*HE*N381~CLP*000100029996*1*138*100.51**MC*2020063053136~NM1*QC*1*OVERTURF*TAMIKA*T***MR*O419065~NM1*82*1*SEARLES*DENISE*A***XX*1396971230~REF*EA*5C1AE6C097C84B1CB7423E6AB00F1957~DTM*232*20200214~DTM*233*20200214~SVC*HC:99214:25*134*97.11**1~DTM*472*20200214~CAS*CO*45*36.89~REF*6R*CP46XAEMDWY9~AMT*B6*97.11~LQ*HE*N381~SVC*HC:81002*4*3.4**1~DTM*472*20200214~CAS*CO*45*.6~REF*6R*CP46OYKCRFXH~AMT*B6*3.4~LQ*HE*N381~CLP*000100030310*1*138*90.61**MC*2020063053150~NM1*QC*1*PISANO*ELIJAH****MR*P789789~NM1*82*1*SEARLES*DENISE*A***XX*1396971230~REF*EA*90E034EBC3584FCBAB74A9F0ACA340EE~DTM*232*20200221~DTM*233*20200221~SVC*HC:99391*138*90.61**1~DTM*472*20200221~CAS*CO*45*47.39~REF*6R*CP46HU7IBV0O~AMT*B6*90.61~LQ*HE*N381~CLP*000100030064*1*263*177.75**MC*2020063053148~NM1*QC*1*PLY*GARY****MR*P789657~NM1*82*1*CADDALI*ESTRELLA*A***XX*1164974580~REF*EA*B369C67BE4784E64ACDBBBF28B233C2D~DTM*232*20200218~DTM*233*20200218~SVC*HC:99396:25*175*114.94**1~DTM*472*20200218~CAS*CO*45*60.06~REF*6R*CP46K41HNZTT~AMT*B6*114.94~LQ*HE*N381~SVC*HC:90471*35*19.46**1~DTM*472*20200218~CAS*CO*45*15.54~REF*6R*CP46FF02U8AL~AMT*B6*19.46~LQ*HE*N381~SVC*HC:90715*53*43.35**1~DTM*472*20200218~CAS*CO*45*9.65~REF*6R*CP46W9IIHJSO~AMT*B6*43.35~LQ*HE*N381~CLP*000100030345*1*134*97.11**MC*2020063053678~NM1*QC*1*QUINTANA*ANDRES****MR*P873770~NM1*82*1*GRONEMEYER*LEANNE*R***XX*1659521045~REF*EA*8B5E2D2E5BB34B5381696CCCF81B32CE~DTM*232*20200224~DTM*233*20200224~SVC*HC:99214*134*97.11**1~DTM*472*20200224~CAS*CO*45*36.89~REF*6R*CP463VF19ND5~AMT*B6*97.11~LQ*HE*N381~CLP*000100030093*1*65*55.35**MC*2020063053502~NM1*QC*1*QUINTANA*PRAXEDES****MR*K356151~NM1*74*1*QUNITANA**J~NM1*82*1*LEWIS*HOLLY*G***XX*1295234128~REF*EA*FAE1EFAA7ED14574A2A58D8526EDBB6D~DTM*232*20200218~DTM*233*20200218~SVC*HC:90832*65*55.35**1~DTM*472*20200218~CAS*CO*45*9.65~REF*6R*CP46V56RRJRL~AMT*B6*55.35~LQ*HE*N381~CLP*000100029864*1*90*65.81**MC*2020063053311~NM1*QC*1*RAMOS*RICHARD****MR*E181441~NM1*82*1*SEARLES*DENISE*A***XX*1396971230~REF*EA*52502AA426014CB79A9F9B66D1B4743B~DTM*232*20200212~DTM*233*20200212~SVC*HC:99213*90*65.81**1~DTM*472*20200212~CAS*CO*45*24.19~REF*6R*CP4698AA65KR~AMT*B6*65.81~LQ*HE*N381~CLP*000100030105*1*134*97.11**MC*2020063053521~NM1*QC*1*RATHBUN*AARON*W***MR*P304001~NM1*82*1*GRONEMEYER*LEANNE*R***XX*1659521045~REF*EA*E33E385442894C6584238E46B6A58ABF~DTM*232*20200219~DTM*233*20200219~SVC*HC:99214*134*97.11**1~DTM*472*20200219~CAS*CO*45*36.89~REF*6R*CP46MWAGTSVS~AMT*B6*97.11~LQ*HE*N77~LQ*HE*N381~CLP*000100029824*1*134*97.11**MC*2020063053532~NM1*QC*1*RATHBUN*AARON*W***MR*P304001~NM1*82*1*GRONEMEYER*LEANNE*R***XX*1659521045~REF*EA*4C3C0E21EF80499C82853D3583D05A3A~DTM*232*20200212~DTM*233*20200212~SVC*HC:99214*134*97.11**1~DTM*472*20200212~CAS*CO*45*36.89~REF*6R*CP46LO39QUID~AMT*B6*97.11~LQ*HE*N77~LQ*HE*N381~CLP*000100030209*1*134*97.11**MC*2020063053435~NM1*QC*1*RAYAS*JAVIER****MR*I638636~NM1*82*1*CADDALI*ESTRELLA*A***XX*1164974580~REF*EA*06077DD08E184B3B9F140F9DCE38C755~DTM*232*20200220~DTM*233*20200220~SVC*HC:99214*134*97.11**1~DTM*472*20200220~CAS*CO*45*36.89~REF*6R*CP46PHKH4UCT~AMT*B6*97.11~LQ*HE*N381~CLP*000100030004*1*134*97.11**MC*2020063053130~NM1*QC*1*RIESE*TED****MR*O996967~NM1*82*1*SEARLES*DENISE*A***XX*1396971230~REF*EA*799C26C55D984CE9AA8ECBD112E8B10B~DTM*232*20200218~DTM*233*20200218~SVC*HC:99214*134*97.11**1~DTM*472*20200218~CAS*CO*45*36.89~REF*6R*CP46J1VL4CL2~AMT*B6*97.11~LQ*HE*N381~CLP*000100030131*1*134*97.11**MC*2020063053155~NM1*QC*1*ROBINSON*CHRISTINA*L***MR*O374388~NM1*82*1*SEARLES*DENISE*A***XX*1396971230~REF*EA*CB1E756BD277470F874E9180E3DD0BA9~DTM*232*20200219~DTM*233*20200219~SVC*HC:99214*134*97.11**1~DTM*472*20200219~CAS*CO*45*36.89~REF*6R*CP46Y3329WHM~AMT*B6*97.11~LQ*HE*N381~CLP*000100029646*1*210*138.55**MC*2020063053119~NM1*QC*1*ROMERO*ROBERTA****MR*L432159~NM1*82*1*HOOSHMAND-PARSI*KAYHOSROW****XX*1447291851~REF*EA*B2F7040A1FB943978C16958B07F86E0B~DTM*232*20200210~DTM*233*20200210~SVC*HC:99214:25*134*97.11**1~DTM*472*20200210~CAS*CO*45*36.89~REF*6R*CP469M2ELEPI~AMT*B6*97.11~LQ*HE*N77~LQ*HE*N381~SVC*HC:H0049*36*10.92**1~DTM*472*20200210~CAS*CO*45*25.08~REF*6R*CP46O6Q4W3B6~AMT*B6*10.92~LQ*HE*N77~LQ*HE*N381~SVC*HC:G8431*40*30.52**1~DTM*472*20200210~CAS*CO*45*9.48~REF*6R*CP46QWLGET6N~AMT*B6*30.52~LQ*HE*N77~LQ*HE*N381~CLP*000100030153*1*134*97.11**MC*2020063053231~NM1*QC*1*SALAZAR*ANESA****MR*Y281518~NM1*82*1*LUCAS*PEGGI*S***XX*1366419582~REF*EA*BFC189675D1A4D748FE3A0F4053E8BCE~DTM*232*20200219~DTM*233*20200219~SVC*HC:99214*134*97.11**1~DTM*472*20200219~CAS*CO*45*36.89~REF*6R*CP46HK514RSA~AMT*B6*97.11~LQ*HE*N381~CLP*000100029919*1*124*80.59**MC*2020063053172~NM1*QC*1*SALAZAR*ANJANETTE*C***MR*U441654~NM1*82*1*GRONEMEYER*LEANNE*R***XX*1659521045~REF*EA*B474E136D2574419A89CBABA9BB73B04~DTM*232*20200213~DTM*233*20200213~SVC*HC:99212:25*54*39.39**1~DTM*472*20200213~CAS*CO*45*14.61~REF*6R*CP46492QS4QB~AMT*B6*39.39~LQ*HE*N381~SVC*HC:90471*35*19.46**1~DTM*472*20200213~CAS*CO*45*15.54~REF*6R*CP46QE0K1J7R~AMT*B6*19.46~LQ*HE*N381~SVC*HC:90674*35*21.74**1~DTM*472*20200213~CAS*CO*45*13.26~REF*6R*CP46WO6JDRHX~AMT*B6*21.74~LQ*HE*N381~CLP*000100030195*1*134*97.11**MC*2020063053176~NM1*QC*1*SAMSON*CARA*M***MR*Y649542~NM1*82*1*SEARLES*DENISE*A***XX*1396971230~REF*EA*FE1DE9AD043E4F9885F9918433F1DFFF~DTM*232*20200219~DTM*233*20200219~SVC*HC:99214*134*97.11**1~DTM*472*20200219~CAS*CO*45*36.89~REF*6R*CP46VWVKIGHZ~AMT*B6*97.11~LQ*HE*N381~CLP*000100030023*1*90*65.81**MC*2020063053638~NM1*QC*1*SANCHEZ*LEANNA*A***MR*L179099~NM1*82*1*CADDALI*ESTRELLA*A***XX*1164974580~REF*EA*9F69C834B8B54EB6B555BF299652FF6F~DTM*232*20200218~DTM*233*20200218~SVC*HC:99213*90*65.81**1~DTM*472*20200218~CAS*CO*45*24.19~REF*6R*CP46VULMJQJO~AMT*B6*65.81~LQ*HE*N381~CLP*000100030182*1*134*97.11**MC*2020063053396~NM1*QC*1*SCHRINER*JACOB*E***MR*Y893432~NM1*82*1*LUCAS*PEGGI*S***XX*1366419582~REF*EA*F59AD690BE614428822AF754C787A237~DTM*232*20200219~DTM*233*20200219~SVC*HC:99214*134*97.11**1~DTM*472*20200219~CAS*CO*45*36.89~REF*6R*CP46IZOC59IU~AMT*B6*97.11~LQ*HE*N381~CLP*000100030097*1*154*97.11**MC*2020063053262~NM1*QC*1*SCOFIELD*EDYE****MR*Y643355~NM1*82*1*SEARLES*DENISE*A***XX*1396971230~REF*EA*410B98F878F541CC940E257AF792A30C~DTM*232*20200218~DTM*233*20200218~SVC*HC:99214:25*134*97.11**1~DTM*472*20200218~CAS*CO*45*36.89~REF*6R*CP46ETB1XY1F~AMT*B6*97.11~LQ*HE*N381~SVC*HC:87804*20*0**0**1~DTM*472*20200218~CAS*PI*B7*20~REF*6R*CP46S6KC8NCZ~LQ*HE*MA120~LQ*HE*N381~CLP*000100030016*1*54*39.39**MC*2020063053687~NM1*QC*1*SILVER*GENE****MR*G292581~NM1*82*1*CADDALI*ESTRELLA*A***XX*1164974580~REF*EA*01080954B9974A07A3A6FD252E78E718~DTM*232*20200218~DTM*233*20200218~SVC*HC:99212*54*39.39**1~DTM*472*20200218~CAS*CO*45*14.61~REF*6R*CP46CVA8PVZO~AMT*B6*39.39~LQ*HE*N381~CLP*000100030120*1*90*65.81**MC*2020063053400~NM1*QC*1*SINTAS*MATTHEW*I***MR*G615603~NM1*82*1*CADDALI*ESTRELLA*A***XX*1164974580~REF*EA*2AF5A83BA86F427BA12AAA410D0A7829~DTM*232*20200219~DTM*233*20200219~SVC*HC:99213*90*65.81**1~DTM*472*20200219~CAS*CO*45*24.19~REF*6R*CP46GOY953FV~AMT*B6*65.81~LQ*HE*N381~CLP*000100030300*1*90*65.81**MC*2020063053133~NM1*QC*1*SIPES*TRAMANE*E***MR*F820443~NM1*82*1*CADDALI*ESTRELLA*A***XX*1164974580~REF*EA*81608054493F458BB01841D326E89F8F~DTM*232*20200221~DTM*233*20200221~SVC*HC:99213*90*65.81**1~DTM*472*20200221~CAS*CO*45*24.19~REF*6R*CP46I7GLO7HD~AMT*B6*65.81~LQ*HE*N381~CLP*000100030298*1*281*191.03**MC*2020063053296~NM1*QC*1*TAYLOR*TIFFANY*E***MR*O031689~NM1*82*1*LUCAS*PEGGI*S***XX*1366419582~REF*EA*5DF5A56F9965408D9DCCB782B12CDF6F~DTM*232*20200221~DTM*233*20200221~SVC*HC:99204:25*205*149.59**1~DTM*472*20200221~CAS*CO*45*55.41~REF*6R*CP46VLVR0KLS~AMT*B6*149.59~LQ*HE*N381~SVC*HC:H0049*36*10.92**1~DTM*472*20200221~CAS*CO*45*25.08~REF*6R*CP46BP3CZX1M~AMT*B6*10.92~LQ*HE*N381~SVC*HC:G8431*40*30.52**1~DTM*472*20200221~CAS*CO*45*9.48~REF*6R*CP4636A8E4XH~AMT*B6*30.52~LQ*HE*N381~CLP*000100029985*1*180*129.99**MC*2020063053164~NM1*QC*1*THOMPSON*BRENDA****MR*P195366~NM1*82*1*SEARLES*DENISE*A***XX*1396971230~REF*EA*F3B6C58D754F435782170DFFBCA171ED~DTM*232*20200214~DTM*233*20200214~SVC*HC:99215*180*129.99**1~DTM*472*20200214~CAS*CO*45*50.01~REF*6R*CP46CEWK3HUO~AMT*B6*129.99~LQ*HE*N381~CLP*000100030304*1*90*65.81**MC*2020063053335~NM1*QC*1*THOMPSON*KATHLEEN****MR*G467425~NM1*82*1*CADDALI*ESTRELLA*A***XX*1164974580~REF*EA*64A95F2E5ACE4281A4C78529371A0C90~DTM*232*20200221~DTM*233*20200221~SVC*HC:99213*90*65.81**1~DTM*472*20200221~CAS*CO*45*24.19~REF*6R*CP46SD1WK4GL~AMT*B6*65.81~LQ*HE*N381~CLP*000100030319*1*90*65.81**MC*2020063053580~NM1*QC*1*TORRES*HAVEN*D***MR*L088241~NM1*82*1*CADDALI*ESTRELLA*A***XX*1164974580~REF*EA*F69A424A3CF046AEAE756A83ED82A977~DTM*232*20200221~DTM*233*20200221~SVC*HC:99213*90*65.81**1~DTM*472*20200221~CAS*CO*45*24.19~REF*6R*CP46TYKURC6Y~AMT*B6*65.81~LQ*HE*N381~CLP*000100029995*1*134*97.11**MC*2020063053696~NM1*QC*1*TURNER*SAMUEL****MR*V731137~NM1*82*1*SEARLES*DENISE*A***XX*1396971230~REF*EA*F6334CB8050F4839878D032913719537~DTM*232*20200214~DTM*233*20200214~SVC*HC:99214*134*97.11**1~DTM*472*20200214~CAS*CO*45*36.89~REF*6R*CP46X3LTBQFM~AMT*B6*97.11~LQ*HE*N381~CLP*000100029848*1*1971*1286.51**MC*2020063053275~NM1*QC*1*URIE*NATHAN*J***MR*Y183401~NM1*82*1*GRONEMEYER*LEANNE*R***XX*1659521045~REF*EA*73702E356823481DA647ABBBA4010708~DTM*232*20200212~DTM*233*20200212~SVC*HC:99214:25*134*97.11**1~DTM*472*20200212~CAS*CO*45*36.89~REF*6R*CP4689FEXN0R~AMT*B6*97.11~LQ*HE*N77~LQ*HE*N381~SVC*HC:96372*32*0**0**1~DTM*472*20200212~CAS*CO*109*32~REF*6R*CP46ROPD8MS6~LQ*HE*N77~LQ*HE*N381~SVC*HC:J2315*1805*1189.4**380~DTM*472*20200212~CAS*CO*45*615.6~REF*6R*CP468FZEHCWU~AMT*B6*1189.4~LQ*HE*N77~LQ*HE*N381~CLP*000100029734*1*90*65.81**MC*2020063053168~NM1*QC*1*VIGIL*FABIAN****MR*J187623~NM1*82*1*HOOSHMAND-PARSI*KAYHOSROW****XX*1447291851~REF*EA*93E086DC3BC646D3A1F8218BF8954CF3~DTM*232*20200211~DTM*233*20200211~SVC*HC:99213*90*65.81**1~DTM*472*20200211~CAS*CO*45*24.19~REF*6R*CP464ZYI11OX~AMT*B6*65.81~LQ*HE*N77~LQ*HE*N381~CLP*000100030320*1*134*97.11**MC*2020063053315~NM1*QC*1*VILLASENOR*MIQUEILA*C***MR*K174349~NM1*82*1*LUCAS*PEGGI*S***XX*1366419582~REF*EA*37D07C088EE84A6E811DA7E8C00D9254~DTM*232*20200221~DTM*233*20200221~SVC*HC:99214*134*97.11**1~DTM*472*20200221~CAS*CO*45*36.89~REF*6R*CP46G655SB7M~AMT*B6*97.11~LQ*HE*N381~CLP*000100030090*1*281*191.03**MC*2020063053290~NM1*QC*1*WADE*ANDREA*M***MR*Q043001~NM1*82*1*LUCAS*PEGGI*S***XX*1366419582~REF*EA*B4DE6B9CFAB346E98FFA38042A51C81E~DTM*232*20200218~DTM*233*20200218~SVC*HC:99204:25*205*149.59**1~DTM*472*20200218~CAS*CO*45*55.41~REF*6R*CP46WKL98GV3~AMT*B6*149.59~LQ*HE*N381~SVC*HC:H0049*36*10.92**1~DTM*472*20200218~CAS*CO*45*25.08~REF*6R*CP46ROQ9YKZ7~AMT*B6*10.92~LQ*HE*N381~SVC*HC:G8431*40*30.52**1~DTM*472*20200218~CAS*CO*45*9.48~REF*6R*CP46KG42NVI8~AMT*B6*30.52~LQ*HE*N381~CLP*000100030336*1*134*97.11**MC*2020063053389~NM1*QC*1*WHEELES*LAURA*C***MR*O960997~NM1*82*1*GRONEMEYER*LEANNE*R***XX*1659521045~REF*EA*9D127D5A2B4C40449E0652B9D3B9550D~DTM*232*20200224~DTM*233*20200224~SVC*HC:99214*134*97.11**1~DTM*472*20200224~CAS*CO*45*36.89~REF*6R*CP46NPBM0J4I~AMT*B6*97.11~LQ*HE*N381~CLP*000100030315*1*90*65.81**MC*2020063053442~NM1*QC*1*WILLIAMS*ETHAN*D***MR*O419068~NM1*82*1*SEARLES*DENISE*A***XX*1396971230~REF*EA*BEF08E49B3C047BCA247534879187B6C~DTM*232*20200221~DTM*233*20200221~SVC*HC:99213*90*65.81**1~DTM*472*20200221~CAS*CO*45*24.19~REF*6R*CP46KNQISAVB~AMT*B6*65.81~LQ*HE*N381~CLP*000100030110*1*134*97.11**MC*2020063053223~NM1*QC*1*WILLIAMS*KALLIE****MR*O184978~NM1*82*1*LUCAS*PEGGI*S***XX*1366419582~REF*EA*0DE35ECE13364C5BB153F1943D2F0E66~DTM*232*20200219~DTM*233*20200219~SVC*HC:99214*134*97.11**1~DTM*472*20200219~CAS*CO*45*36.89~REF*6R*CP461JAC65YI~AMT*B6*97.11~LQ*HE*N381~CLP*000100029993*1*90*65.81**MC*2020063053512~NM1*QC*1*WILLIAMS*KRYSTAL****MR*P744738~NM1*82*1*CADDALI*ESTRELLA*A***XX*1164974580~REF*EA*F7924D101E284A5EA71E916C38985A91~DTM*232*20200214~DTM*233*20200214~SVC*HC:99213*90*65.81**1~DTM*472*20200214~CAS*CO*45*24.19~REF*6R*CP46KQ0Z6IVY~AMT*B6*65.81~LQ*HE*N381~CLP*000100030279*1*281*191.03**MC*2020063053151~NM1*QC*1*WRIGHT*MARISA****MR*V394886~NM1*82*1*LUCAS*PEGGI*S***XX*1366419582~REF*EA*E7B7C12ACEAB486CB4941FA0FA9DA9CD~DTM*232*20200221~DTM*233*20200221~SVC*HC:99204:25*205*149.59**1~DTM*472*20200221~CAS*CO*45*55.41~REF*6R*CP46L0XR2PAF~AMT*B6*149.59~LQ*HE*N381~SVC*HC:H0049*36*10.92**1~DTM*472*20200221~CAS*CO*45*25.08~REF*6R*CP46L9CXTAO0~AMT*B6*10.92~LQ*HE*N381~SVC*HC:G8431*40*30.52**1~DTM*472*20200221~CAS*CO*45*9.48~REF*6R*CP4601XDW8J7~AMT*B6*30.52~LQ*HE*N381~CLP*000100029909*1*90*65.81**MC*2020063053141~NM1*QC*1*ZENTENO*LUIS****MR*P095022~NM1*82*1*GRONEMEYER*LEANNE*R***XX*1659521045~REF*EA*EABF5567E1B843E0AB7D665DE134449C~DTM*232*20200213~DTM*233*20200213~SVC*HC:99213*90*65.81**1~DTM*472*20200213~CAS*CO*45*24.19~REF*6R*CP4601XNUHP1~AMT*B6*65.81~LQ*HE*N381~CLP*000100029920*4*134*0**MC*2020063053404~NM1*QC*1*CASTILLO*ALEXZANDRIA*R***MR*Y281769~NM1*82*1*GRONEMEYER*LEANNE*R***XX*1659521045~REF*EA*252B7C39129B4F279472C09D3A8B2D76~DTM*232*20200213~DTM*233*20200213~SVC*HC:99214*134*0**0**1~DTM*472*20200213~CAS*PI*16*134~REF*6R*CP46PK4P7AG1~LQ*HE*MA64~LQ*HE*MA64~LQ*HE*N56~CLP*25985*4*1837*0**MC*2220064007077~NM1*QC*1*GOIN*JOSHUA*W***MR*G127292~DTM*232*20191202~DTM*233*20191202~SVC*HC:96372*32*0**0**1~DTM*472*20191202~CAS*CO*109*32~REF*HPI*1447291851~LQ*HE*N381~SVC*HC:J2315*1805*0**0**380~DTM*472*20191202~CAS*PI*16*1805~REF*HPI*1447291851~LQ*HE*M119~LQ*HE*N381~CLP*000100030099*4*26*0**MC*2020063053624~NM1*QC*1*QUASTHOFF*ELIZABETH*A***MR*P470059~NM1*82*1*LEWIS*HOLLY*G***XX*1295234128~REF*EA*132ACC255CF641D4BF423CA0FB5AA8DC~DTM*232*20200218~DTM*233*20200218~SVC*HC:90853*26*0**0**1~DTM*472*20200218~CAS*CO*109*26~REF*6R*CP4654Q1W2MJ~LQ*HE*N381~CLP*26724*22*-315.23*-189.05**MC*2220045010709~NM1*QC*1*YOUNGBLOOD*CHARLE*J***MR*Y146809~DTM*232*20191213~DTM*233*20191213~SVC*HC:99396:25*-175*-114.94**1~DTM*472*20191213~CAS*CO*45*-60.06~REF*HPI*1164974580~AMT*B6*114.94~LQ*HE*N381~SVC*HC:90471*-35*-19.46**1~DTM*472*20191213~CAS*CO*45*-15.54~REF*HPI*1164974580~AMT*B6*19.46~LQ*HE*N381~SVC*HC:90674*-35*0**0**1~DTM*472*20191213~CAS*PI*5*-35~REF*HPI*1164974580~LQ*HE*M77~SVC*HC:90472*-17.23*-11.3**1~DTM*472*20191213~CAS*CO*45*-5.93~REF*HPI*1164974580~AMT*B6*11.3~LQ*HE*N381~SVC*HC:90715*-53*-43.35**1~DTM*472*20191213~CAS*CO*45*-9.65~REF*HPI*1164974580~AMT*B6*43.35~LQ*HE*N381~CLP*26724*1*315.23*209.79*1*MC*9520065001012~NM1*QC*1*YOUNGBLOOD*CHARLE*J***MR*Y146809~DTM*232*20191213~DTM*233*20191213~SVC*HC:99396:25*175*114.94**1~DTM*472*20191213~CAS*CO*45*60.06~REF*HPI*1164974580~AMT*B6*114.94~LQ*HE*N381~SVC*HC:90471*35*19.46**1~DTM*472*20191213~CAS*CO*45*15.54~REF*HPI*1164974580~AMT*B6*19.46~LQ*HE*N381~SVC*HC:90674*35*20.74**1~DTM*472*20191213~CAS*PR*3*1~CAS*CO*45*13.26~REF*HPI*1164974580~AMT*B6*21.74~LQ*HE*N381~LQ*HE*N381~SVC*HC:90472*17.23*11.3**1~DTM*472*20191213~CAS*CO*45*5.93~REF*HPI*1164974580~AMT*B6*11.3~LQ*HE*N381~SVC*HC:90715*53*43.35**1~DTM*472*20191213~CAS*CO*45*9.65~REF*HPI*1164974580~AMT*B6*43.35~LQ*HE*N381~PLB*1508250911*20201231*CS:0000374860114*-6.14*CS:0000374860114*6.14*CS:0000374968760*-189.05*CS:0000374968760*189.05~SE*1634*000010012~GE*1*300031385~IEA*1*300031385~