ISA*00*          *00*          *ZZ*COMEDASSISTPROG*ZZ*6769489        *200525*0228*^*00501*300005874*0*P*:~GS*HP*COMEDASSISTPROG*6769489*20200525*022840*300005874*X*005010X221A1~ST*835*000010012~BPR*I*6423.66*C*ACH*CCP*01*075911603*DA*00000004556640373*1811725341**01*102106569*DA*2200002989138*20200525~TRN*1*000984980*1811725341~REF*EV*1508250911~DTM*405*20200522~N1*PR*CO_TXIX*XV*7912900843~N3*P.O. BOX 30~N4*DENVER*CO*80201~PER*CX*MEDICAID PROVIDER SERVICES*TE*8442352387~PER*BL*MEDICAID PROVIDER SERVICES*TE*8442352387~N1*PE*HEALTH SOLUTIONS MED CENTER*XX*1508250911~REF*TJ*841158933~LX*1~CLP*000100033115*2*178.3*8.93**MC*2020141001693~NM1*QC*1*ANDERSON*KATHLEEN*R***MR*P388137~NM1*82*1*GRONEMEYER*LEANNE*R***XX*1659521045~REF*EA*23B013A0D81D48C3A120CC2DCC9C99A7~DTM*232*20200413~DTM*233*20200413~SVC*HC:99213*178.3*8.93**1~DTM*472*20200413~CAS*CO*45*169.37~REF*6R*CPOM4E1XCLD1~AMT*B6*8.93~LQ*HE*N381~LQ*HE*N381~CLP*000100033332*2*178.3*8.93**MC*2020141001667~NM1*QC*1*BARNELL*SHANNA*V***MR*R948166~NM1*82*1*SEARLES*DENISE*A***XX*1396971230~REF*EA*B753D84CE3494594816A7986EE1A3F38~DTM*232*20200416~DTM*233*20200416~SVC*HC:99213:25*178.3*8.93**1~DTM*472*20200416~CAS*CO*45*169.37~REF*6R*CPOMX3N9UB9Y~AMT*B6*8.93~LQ*HE*N381~LQ*HE*N381~CLP*000100033332*2*1903.99*248.05**MC*2020141001670~NM1*QC*1*BARNELL*SHANNA*V***MR*R948166~NM1*82*1*SEARLES*DENISE*A***XX*1396971230~REF*EA*804A917D604141708649FD930BEB5573~DTM*232*20200416~DTM*233*20200416~SVC*HC:96372*83.99*2.49**1~DTM*472*20200416~CAS*CO*45*81.5~REF*6R*CPOMRIOIVSJF~AMT*B6*2.49~LQ*HE*N381~LQ*HE*N381~SVC*HC:J2315*1805*245.56**380~DTM*472*20200416~CAS*CO*45*1559.44~REF*6R*CPOM3I30K2JG~AMT*B6*245.56~LQ*HE*N381~LQ*HE*N381~SVC*HC:81025*15*0**1~DTM*472*20200416~CAS*CO*45*15~REF*6R*CPOMHZ1BW5A8~LQ*HE*N381~CLP*000100033717*2*178.3*8.93**MC*2020141001690~NM1*QC*1*BURCH*ROSALIE*A***MR*B253706~NM1*82*1*GRONEMEYER*LEANNE*R***XX*1659521045~REF*EA*92F107770CBE49638AC9FD7430F04CF8~DTM*232*20200423~DTM*233*20200423~SVC*HC:99213*178.3*8.93**1~DTM*472*20200423~CAS*CO*45*169.37~REF*6R*CPOMWBHMHGLF~AMT*B6*8.93~LQ*HE*N381~LQ*HE*N381~CLP*000100033666*2*272.99*13.74**MC*2020141001679~NM1*QC*1*CHAVEZ*CHRISTOPH*S***MR*D491163~NM1*82*1*GRONEMEYER*LEANNE*R***XX*1659521045~REF*EA*6F7FA7390FF54C5EA9D4F8FA92858B8B~DTM*232*20200423~DTM*233*20200423~SVC*HC:99214*272.99*13.74**1~DTM*472*20200423~CAS*CO*45*259.25~REF*6R*CPOM1OYLIT5O~AMT*B6*13.74~LQ*HE*N381~LQ*HE*N381~CLP*000100032567*2*22*2.68**MC*2020141001682~NM1*QC*1*FORTUNE*CATHERINE*M***MR*O812250~NM1*82*1*HOOSHMAND-PARSI*KAYHOSROW****XX*1447291851~REF*EA*C93997126AE94F39A19EDC09EA379C19~DTM*232*20200401~DTM*233*20200401~SVC*HC:G2012*22*2.68**1~DTM*472*20200401~CAS*OA*P22*19.32~REF*6R*CPOMO8Y76AUB~AMT*B6*2.68~LQ*HE*MA125~LQ*HE*MA125~CLP*000100033712*2*22*2.28**MC*2020141001678~NM1*QC*1*GARCIA*LONNIE****MR*A671148~NM1*82*1*CADDALI*ESTRELLA*A***XX*1164974580~REF*EA*12631CD4006443BDA70EB9A6B075E846~DTM*232*20200423~DTM*233*20200423~SVC*HC:G2012*22*2.28**1~DTM*472*20200423~CAS*OA*P22*19.72~REF*6R*CPOMH3VYS2BZ~AMT*B6*2.28~LQ*HE*MA125~LQ*HE*MA125~CLP*000100033677*2*272.99*13.74**MC*2020141001672~NM1*QC*1*MARTINEZ FOOS*CHRISTINA*M***MR*H925604~NM1*74*1*MARTINEZ~NM1*82*1*GRONEMEYER*LEANNE*R***XX*1659521045~REF*EA*3481891B05394BF3B938F48698EE3BB8~DTM*232*20200423~DTM*233*20200423~SVC*HC:99214*272.99*13.74**1~DTM*472*20200423~CAS*CO*45*259.25~REF*6R*CPOM3UB3L709~AMT*B6*13.74~LQ*HE*N381~LQ*HE*N381~CLP*000100033185*2*178.3*8.93**MC*2020141001684~NM1*QC*1*NIOUS*LATEEFAH*S***MR*J459949~NM1*82*1*GRONEMEYER*LEANNE*R***XX*1659521045~REF*EA*633661F6DFC74BD7950C1645C6B3F856~DTM*232*20200414~DTM*233*20200414~SVC*HC:99213*178.3*8.93**1~DTM*472*20200414~CAS*CO*45*169.37~REF*6R*CPOMII6JW9P0~AMT*B6*8.93~LQ*HE*N381~LQ*HE*N381~CLP*000100033359*2*178.3*8.93**MC*2020141001662~NM1*QC*1*ROCCHIO*JAMES*J***MR*M614136~NM1*82*1*SEARLES*DENISE*A***XX*1396971230~REF*EA*06AEDFCB0F444F66B91C9AFD0FEF61A7~DTM*232*20200417~DTM*233*20200417~SVC*HC:99213:25*178.3*8.93**1~DTM*472*20200417~CAS*CO*45*169.37~REF*6R*CPOMT8FLTKH6~AMT*B6*8.93~LQ*HE*N381~LQ*HE*N381~CLP*000100033359*2*1888.99*248.05**MC*2020141001666~NM1*QC*1*ROCCHIO*JAMES*J***MR*M614136~NM1*82*1*SEARLES*DENISE*A***XX*1396971230~REF*EA*3712A502DB894E00B7AEBFB5E3A25A7E~DTM*232*20200417~DTM*233*20200417~SVC*HC:96372*83.99*2.49**1~DTM*472*20200417~CAS*CO*45*81.5~REF*6R*CPOMEHCULA2K~AMT*B6*2.49~LQ*HE*N381~LQ*HE*N381~SVC*HC:J2315*1805*245.56**380~DTM*472*20200417~CAS*CO*45*1559.44~REF*6R*CPOM191484WU~AMT*B6*245.56~LQ*HE*N381~LQ*HE*N381~CLP*000100033763*2*22*2.28**MC*2020141001674~NM1*QC*1*ZARATE*JOHN****MR*I805862~NM1*82*1*SEARLES*DENISE*A***XX*1396971230~REF*EA*E8FB083B364A40CEBB8934CEC98E097C~DTM*232*20200424~DTM*233*20200424~SVC*HC:G2012*22*2.28**1~DTM*472*20200424~CAS*OA*P22*19.72~REF*6R*CPOMW7L4NLMY~AMT*B6*2.28~LQ*HE*MA125~LQ*HE*MA125~CLP*000100033104*2*22*2.68**MC*2020141001677~NM1*QC*1*ZARATE*JOHN****MR*I805862~NM1*82*1*HOOSHMAND-PARSI*KAYHOSROW****XX*1447291851~REF*EA*B05952568D71413AB1547EFA50E08419~DTM*232*20200413~DTM*233*20200413~SVC*HC:G2012*22*2.68**1~DTM*472*20200413~CAS*OA*P22*19.32~REF*6R*CPOM9IYNOKYU~AMT*B6*2.68~LQ*HE*MA125~LQ*HE*MA125~CLP*000100034803*1*178.3*65.81**MC*2020140045847~NM1*QC*1*BONNICI*MARCUS*J***MR*O629261~NM1*82*1*CADDALI*ESTRELLA*A***XX*1164974580~REF*EA*642E880520A14F298D3E49929BB3A107~DTM*232*20200515~DTM*233*20200515~SVC*HC:99213*178.3*65.81**1~DTM*472*20200515~CAS*CO*45*112.49~REF*6R*CPPUUZAVHEF3~AMT*B6*65.81~LQ*HE*N381~CLP*000100034384*1*829.29*151.91**MC*2020140045804~NM1*QC*1*BOULIER*JEWEL*R***MR*W913486~NM1*82*1*CADDALI*ESTRELLA*A***XX*1164974580~REF*EA*D92CE7FC4553466A88E07F7E381FCD06~DTM*232*20200507~DTM*233*20200507~SVC*HC:99215:25*386.12*129.99**1~DTM*472*20200507~CAS*CO*45*256.13~REF*6R*CPPUCL7UXRDF~AMT*B6*129.99~LQ*HE*N381~SVC*HC:H0049*403.17*10.92**1~DTM*472*20200507~CAS*CO*45*392.25~REF*6R*CPPUEKZSW38R~AMT*B6*10.92~LQ*HE*N381~SVC*HC:G8510*40*11**1~DTM*472*20200507~CAS*CO*45*29~REF*6R*CPPUVFM1CQQL~AMT*B6*11~LQ*HE*N381~CLP*000100034384*1*42.33*15.09**MC*2020140045818~NM1*QC*1*BOULIER*JEWEL*R***MR*W913486~NM1*82*1*CADDALI*ESTRELLA*A***XX*1164974580~REF*EA*B3D97A29CD924E168FBBEFF0A5F3D9A1~DTM*232*20200507~DTM*233*20200507~SVC*HC:86580*27.33*6.67**1~DTM*472*20200507~CAS*CO*45*20.66~REF*6R*CPPUWDER19GK~AMT*B6*6.67~LQ*HE*N381~SVC*HC:81025*15*8.42**1~DTM*472*20200507~CAS*CO*45*6.58~REF*6R*CPPUDDHS2NUN~AMT*B6*8.42~LQ*HE*N381~CLP*000100032757*2*436.54*59.26**MC*2020140045734~NM1*QC*1*BROWN*SAMANTHA*L***MR*U792619~NM1*82*1*LEWIS*HOLLY*G***XX*1295234128~REF*EA*E59BB928CFB747C6B1A190B5228CB6F0~DTM*232*20200406~DTM*233*20200406~SVC*HC:90837*436.54*59.26**1~DTM*472*20200406~CAS*CO*45*332.28~CAS*OA*23*45~REF*6R*CPPUFXVODH5O~AMT*B6*104.26~LQ*HE*MA125~LQ*HE*N381~CLP*000100031956*2*436.54*59.26**MC*2020140045852~NM1*QC*1*BROWN*SAMANTHA*L***MR*U792619~NM1*82*1*LEWIS*HOLLY*G***XX*1295234128~REF*EA*14A3B416A2B742D894BE3377B92433B3~DTM*232*20200323~DTM*233*20200323~SVC*HC:90837*436.54*59.26**1~DTM*472*20200323~CAS*CO*45*332.28~CAS*OA*23*45~REF*6R*CPPUPE79Z4FL~AMT*B6*104.26~LQ*HE*MA125~LQ*HE*N381~CLP*000100033458*1*178.3*81.55**MC*2020140045943~NM1*QC*1*BRUCE*BRIELLE*B***MR*G591592~NM1*82*1*GRONEMEYER*LEANNE*R***XX*1659521045~REF*EA*3334C0289200417B8A058DF0DC555DE8~DTM*232*20200420~DTM*233*20200420~SVC*HC:99213:FP:25*178.3*81.55**1~DTM*472*20200420~CAS*CO*45*96.75~REF*6R*CPPUG2TD6RQG~AMT*B6*81.55~LQ*HE*N381~CLP*000100034404*1*178.3*63.81*2*MC*2020140045864~NM1*QC*1*BUTLER*BEATRICE****MR*I033994~NM1*82*1*GRONEMEYER*LEANNE*R***XX*1659521045~REF*EA*89B388E73EDF4F48A9B511474BB43A0E~DTM*232*20200507~DTM*233*20200507~SVC*HC:99213*178.3*63.81**1~DTM*472*20200507~CAS*PR*3*2~CAS*CO*45*112.49~REF*6R*CPPU770UUS6X~AMT*B6*65.81~LQ*HE*N381~LQ*HE*N381~CLP*000100033239*1*710.01*138.87**MC*2020140045911~NM1*QC*1*CASADOS*ADAM*N***MR*P210395~NM1*82*1*GRONEMEYER*LEANNE*R***XX*1659521045~REF*EA*72B10096727A4AFB973DABC89BCC9EB2~DTM*232*20200415~DTM*233*20200415~SVC*HC:99203:25*266.84*97.43**1~DTM*472*20200415~CAS*CO*45*169.41~REF*6R*CPPU6F9OXGKI~AMT*B6*97.43~LQ*HE*N381~SVC*HC:H0049*403.17*10.92**1~DTM*472*20200415~CAS*CO*45*392.25~REF*6R*CPPUQDPC4DIV~AMT*B6*10.92~LQ*HE*N381~SVC*HC:G8431*40*30.52**1~DTM*472*20200415~CAS*CO*45*9.48~REF*6R*CPPU32021BV6~AMT*B6*30.52~LQ*HE*N381~CLP*000100030322*1*134*95.11*2*MC*2020143046636~NM1*QC*1*DANIEL*DARREL*M***MR*M640537~NM1*82*1*LUCAS*PEGGI*S***XX*1366419582~REF*EA*E67C186B7EF2432B97773FB4A0DA8475~DTM*232*20200221~DTM*233*20200221~SVC*HC:99214*134*95.11**1~DTM*472*20200221~CAS*PR*3*2~CAS*CO*45*36.89~REF*6R*CPQED3AM17O6~AMT*B6*97.11~LQ*HE*MA92~LQ*HE*N381~LQ*HE*N381~CLP*000100033859*1*178.3*65.81**MC*2020140045906~NM1*QC*1*EARP*SAMANTHA*J***MR*G171512~NM1*82*1*HOOSHMAND-PARSI*KAYHOSROW****XX*1447291851~REF*EA*C183000F7634423EBD8C7D47ECBE8192~DTM*232*20200428~DTM*233*20200428~SVC*HC:99213*178.3*65.81**1~DTM*472*20200428~CAS*CO*45*112.49~REF*6R*CPPU5PWGYBRB~AMT*B6*65.81~LQ*HE*N381~CLP*000100034125*1*178.3*65.81**MC*2020143046695~NM1*QC*1*EARP*SAMANTHA*J***MR*G171512~NM1*82*1*HOOSHMAND-PARSI*KAYHOSROW****XX*1447291851~REF*EA*95E7561D1D274CC7B054E06B1A94B1B9~DTM*232*20200504~DTM*233*20200504~SVC*HC:99213*178.3*65.81**1~DTM*472*20200504~CAS*CO*45*112.49~REF*6R*CPQEQAB0HIAU~AMT*B6*65.81~LQ*HE*N381~CLP*000100034182*1*15*7.42*1*MC*2020143046550~NM1*QC*1*EHLERS*DESIREE*F***MR*P131523~NM1*82*1*HOOSHMAND-PARSI*KAYHOSROW****XX*1447291851~REF*EA*87443F1546374C1793EC42042AED273D~DTM*232*20200505~DTM*233*20200505~SVC*HC:81025*15*7.42**1~DTM*472*20200505~CAS*PR*3*1~CAS*CO*45*6.58~REF*6R*CPQESFW355QK~AMT*B6*8.42~LQ*HE*N381~LQ*HE*N381~CLP*000100034182*1*621.47*105.25*2*MC*2020143046558~NM1*QC*1*EHLERS*DESIREE*F***MR*P131523~NM1*82*1*HOOSHMAND-PARSI*KAYHOSROW****XX*1447291851~REF*EA*8C42A3B5D2E643F38174D6FA49AC7E54~DTM*232*20200505~DTM*233*20200505~SVC*HC:99213:25*178.3*63.81**1~DTM*472*20200505~CAS*PR*3*2~CAS*CO*45*112.49~REF*6R*CPQE0HRV8LD2~AMT*B6*65.81~LQ*HE*N381~LQ*HE*N381~SVC*HC:H0049*403.17*10.92**1~DTM*472*20200505~CAS*CO*45*392.25~REF*6R*CPQENHEH5LAB~AMT*B6*10.92~LQ*HE*N381~SVC*HC:G8431*40*30.52**1~DTM*472*20200505~CAS*CO*45*9.48~REF*6R*CPQEN033FOHO~AMT*B6*30.52~LQ*HE*N381~CLP*000100034000*1*178.3*65.81**MC*2020140045972~NM1*QC*1*FRANKMORE*CONNER****MR*G888118~NM1*82*1*GRONEMEYER*LEANNE*R***XX*1659521045~REF*EA*049D041217504E9EB7DF9C7D388237D0~DTM*232*20200429~DTM*233*20200429~SVC*HC:99213*178.3*65.81**1~DTM*472*20200429~CAS*CO*45*112.49~REF*6R*CPPU2DZKH8RQ~AMT*B6*65.81~LQ*HE*N381~CLP*000100033428*1*621.47*10.92**MC*2020140045782~NM1*QC*1*GREEN*DAVID****MR*N673974~NM1*82*1*GRONEMEYER*LEANNE*R***XX*1659521045~REF*EA*7727359BAC664A938125895732DE9F4E~DTM*232*20200420~DTM*233*20200420~SVC*HC:99213:25*178.3*0**0**1~DTM*472*20200420~CAS*PI*16*178.3~REF*6R*CPPUH9C2GY24~LQ*HE*MA92~LQ*HE*MA92~LQ*HE*N56~SVC*HC:H0049*403.17*10.92**1~DTM*472*20200420~CAS*CO*45*392.25~REF*6R*CPPUNHJKPNMY~AMT*B6*10.92~LQ*HE*N381~SVC*HC:G8510*40*0**0**1~DTM*472*20200420~CAS*PI*16*40~REF*6R*CPPUDONN4Y51~LQ*HE*MA92~LQ*HE*MA92~LQ*HE*N56~CLP*000100033856*1*88.54*39.39**MC*2020140045834~NM1*QC*1*GUERRA-DELACRUZ MARTINEZ*HERLINDA*M***MR*R965343~NM1*74*1*GUERRADELACRUZ~NM1*82*1*HOOSHMAND-PARSI*KAYHOSROW****XX*1447291851~REF*EA*D90DCD013D6745E1B572BE21772331FF~DTM*232*20200428~DTM*233*20200428~SVC*HC:99212*88.54*39.39**1~DTM*472*20200428~CAS*CO*45*49.15~REF*6R*CPPUFB3LOHUV~AMT*B6*39.39~LQ*HE*N381~CLP*000100034192*1*15*8.42**MC*2020143046651~NM1*QC*1*GUERRA-DELACRUZ MARTINEZ*HERLINDA*M***MR*R965343~NM1*74*1*GUERRADELACRUZ~NM1*82*1*HOOSHMAND-PARSI*KAYHOSROW****XX*1447291851~REF*EA*A23AB5A8D9584287A2E6A4AF44382065~DTM*232*20200505~DTM*233*20200505~SVC*HC:81025*15*8.42**1~DTM*472*20200505~CAS*CO*45*6.58~REF*6R*CPQESPK2RMXM~AMT*B6*8.42~LQ*HE*N381~CLP*000100034192*1*178.3*65.81**MC*2020143046662~NM1*QC*1*GUERRA-DELACRUZ MARTINEZ*HERLINDA*M***MR*R965343~NM1*74*1*GUERRADELACRUZ~NM1*82*1*HOOSHMAND-PARSI*KAYHOSROW****XX*1447291851~REF*EA*69A6E9E6AE894BF8A5D751DCC58E016A~DTM*232*20200505~DTM*233*20200505~SVC*HC:99213:25*178.3*65.81**1~DTM*472*20200505~CAS*CO*45*112.49~REF*6R*CPQEYLNHZ5IU~AMT*B6*65.81~LQ*HE*N381~CLP*000100034132*1*178.3*63.81*2*MC*2020143046709~NM1*QC*1*GUERRERO*SONYA*M***MR*S127505~NM1*82*1*HOOSHMAND-PARSI*KAYHOSROW****XX*1447291851~REF*EA*1133EC1810254567B2F57BBA35F596F1~DTM*232*20200504~DTM*233*20200504~SVC*HC:99213*178.3*63.81**1~DTM*472*20200504~CAS*PR*3*2~CAS*CO*45*112.49~REF*6R*CPQE31WQ3ZVQ~AMT*B6*65.81~LQ*HE*N381~LQ*HE*N381~CLP*000100034436*1*178.3*65.81**MC*2020140045961~NM1*QC*1*HADDAN*SHAWNA****MR*V379838~NM1*82*1*GRONEMEYER*LEANNE*R***XX*1659521045~REF*EA*6DFD772906BE4982AAC24FE9A9D5EA32~DTM*232*20200507~DTM*233*20200507~SVC*HC:99213*178.3*65.81**1~DTM*472*20200507~CAS*CO*45*112.49~REF*6R*CPPUVQB7CHND~AMT*B6*65.81~LQ*HE*N381~CLP*000100033853*1*178.3*65.81**MC*2020143046501~NM1*QC*1*HALL*KRISTINA*K***MR*S324169~NM1*82*1*HOOSHMAND-PARSI*KAYHOSROW****XX*1447291851~REF*EA*BE2A53C8486C4CED9DC5BAF5933AF0A3~DTM*232*20200428~DTM*233*20200428~SVC*HC:99213*178.3*65.81**1~DTM*472*20200428~CAS*CO*45*112.49~REF*6R*CPQE5PB1VZZE~AMT*B6*65.81~LQ*HE*N381~CLP*000100033987*1*178.3*65.81**MC*2020140045796~NM1*QC*1*HANSON*CYNTHIA****MR*W412067~NM1*82*1*HOOSHMAND-PARSI*KAYHOSROW****XX*1447291851~REF*EA*E73696407C584639B1A7686BE8E023D9~DTM*232*20200429~DTM*233*20200429~SVC*HC:99213*178.3*65.81**1~DTM*472*20200429~CAS*CO*45*112.49~REF*6R*CPPUFO5SN52H~AMT*B6*65.81~LQ*HE*N381~CLP*000100034277*1*178.3*65.81**MC*2020143046607~NM1*QC*1*HANSON*CYNTHIA****MR*W412067~NM1*82*1*HOOSHMAND-PARSI*KAYHOSROW****XX*1447291851~REF*EA*473FAEC1D42742DAA13625CD870D0517~DTM*232*20200506~DTM*233*20200506~SVC*HC:99213*178.3*65.81**1~DTM*472*20200506~CAS*CO*45*112.49~REF*6R*CPQE55FAW04I~AMT*B6*65.81~LQ*HE*N381~CLP*000100034848*1*272.99*97.11**MC*2020140045853~NM1*QC*1*HERNANDEZ*KANAE*P***MR*G991595~NM1*82*1*CADDALI*ESTRELLA*A***XX*1164974580~REF*EA*A83D7750A5184A72A8C0897082D8167C~DTM*232*20200515~DTM*233*20200515~SVC*HC:99214*272.99*97.11**1~DTM*472*20200515~CAS*CO*45*175.88~REF*6R*CPPU7C0E72V8~AMT*B6*97.11~LQ*HE*N381~CLP*000100029560*1*330*199.54*2*MC*2020140045984~NM1*QC*1*JOHNSON*GRANT*O***MR*P126521~NM1*82*1*SEARLES*DENISE*A***XX*1396971230~REF*EA*E23B58D2504A4658ABA1F9B1B22D7B60~DTM*232*20200206~DTM*233*20200206~SVC*HC:99204:25*205*147.59**1~DTM*472*20200206~CAS*PR*3*2~CAS*CO*45*55.41~REF*6R*CPPU96GUM8C4~AMT*B6*149.59~LQ*HE*N293~LQ*HE*N381~LQ*HE*N381~SVC*HC:99415*45*7.11**1~DTM*472*20200206~CAS*CO*45*37.89~REF*6R*CPPUMM4VBWD1~AMT*B6*7.11~LQ*HE*N293~LQ*HE*N381~SVC*HC:H0049*36*10.92**1~DTM*472*20200206~CAS*CO*45*25.08~REF*6R*CPPU17PN8ZOF~AMT*B6*10.92~LQ*HE*N293~LQ*HE*N381~SVC*HC:G8431*40*30.52**1~DTM*472*20200206~CAS*CO*45*9.48~REF*6R*CPPUXWMPAJBK~AMT*B6*30.52~LQ*HE*N293~LQ*HE*N381~SVC*HC:81002*4*3.4**1~DTM*472*20200206~CAS*CO*45*.6~REF*6R*CPPUCUSAZSB4~AMT*B6*3.4~LQ*HE*N293~LQ*HE*N381~CLP*000100034800*1*88.54*39.39**MC*2020140045756~NM1*QC*1*LINDSAY SANDERS*SHABREA*D***MR*Q818873~NM1*74*1*LINDSAYSANDERS~NM1*82*1*CADDALI*ESTRELLA*A***XX*1164974580~REF*EA*640D7E812DAB42C29A7DE49FB11029E5~DTM*232*20200515~DTM*233*20200515~SVC*HC:99212*88.54*39.39**1~DTM*472*20200515~CAS*CO*45*49.15~REF*6R*CPPUK2E1I2D3~AMT*B6*39.39~LQ*HE*N381~CLP*000100034012*1*178.3*65.81**MC*2020140045931~NM1*QC*1*LOPEZ*ERNESTO*A***MR*O049438~NM1*82*1*GRONEMEYER*LEANNE*R***XX*1659521045~REF*EA*366A62FE933546FC983F03BF67CFADE1~DTM*232*20200429~DTM*233*20200429~SVC*HC:99213*178.3*65.81**1~DTM*472*20200429~CAS*CO*45*112.49~REF*6R*CPPU4W5YD01B~AMT*B6*65.81~LQ*HE*N381~CLP*000100033855*1*178.3*65.81**MC*2020140045996~NM1*QC*1*MAGANA*CARLA*R***MR*M671813~NM1*82*1*HOOSHMAND-PARSI*KAYHOSROW****XX*1447291851~REF*EA*5030EA7BEDB84ECFA4168CFA8383B1A4~DTM*232*20200428~DTM*233*20200428~SVC*HC:99213:25*178.3*65.81**1~DTM*472*20200428~CAS*CO*45*112.49~REF*6R*CPPUL50XTKB5~AMT*B6*65.81~LQ*HE*N381~CLP*000100033855*1*15*8.42**MC*2020140046003~NM1*QC*1*MAGANA*CARLA*R***MR*M671813~NM1*82*1*HOOSHMAND-PARSI*KAYHOSROW****XX*1447291851~REF*EA*725686D24BCE43279A581C5FF48C0516~DTM*232*20200428~DTM*233*20200428~SVC*HC:81025*15*8.42**1~DTM*472*20200428~CAS*CO*45*6.58~REF*6R*CPPUFH652FFE~AMT*B6*8.42~LQ*HE*N381~CLP*000100034344*1*178.3*65.81**MC*2020140045893~NM1*QC*1*MAITLAND*MATTHEW****MR*P947985~NM1*82*1*GRONEMEYER*LEANNE*R***XX*1659521045~REF*EA*362AE1B41B1D44C78005636AE31248C1~DTM*232*20200506~DTM*233*20200506~SVC*HC:99213*178.3*65.81**1~DTM*472*20200506~CAS*CO*45*112.49~REF*6R*CPPUCPCPAGUP~AMT*B6*65.81~LQ*HE*N381~CLP*000100033258*1*710.01*119.35**MC*2020140045896~NM1*QC*1*MAITLAND*MATTHEW****MR*P947985~NM1*82*1*GRONEMEYER*LEANNE*R***XX*1659521045~REF*EA*72E68393C4E248ECB6F2EB4EE33BF0CD~DTM*232*20200415~DTM*233*20200415~SVC*HC:99203:25*266.84*97.43**1~DTM*472*20200415~CAS*CO*45*169.41~REF*6R*CPPUUUSURS4W~AMT*B6*97.43~LQ*HE*N381~SVC*HC:H0049*403.17*10.92**1~DTM*472*20200415~CAS*CO*45*392.25~REF*6R*CPPUC7UGTBL8~AMT*B6*10.92~LQ*HE*N381~SVC*HC:G8510*40*11**1~DTM*472*20200415~CAS*CO*45*29~REF*6R*CPPUWS1E8J1C~AMT*B6*11~LQ*HE*N381~CLP*000100034014*1*178.3*65.81**MC*2020140045900~NM1*QC*1*MAITLAND*MATTHEW****MR*P947985~NM1*82*1*GRONEMEYER*LEANNE*R***XX*1659521045~REF*EA*90B3029F38224D1ABF65F5AAB492C0F0~DTM*232*20200429~DTM*233*20200429~SVC*HC:99213*178.3*65.81**1~DTM*472*20200429~CAS*CO*45*112.49~REF*6R*CPPUV2TF8X5N~AMT*B6*65.81~LQ*HE*N381~CLP*000100033583*1*4*3.4**MC*2020143046682~NM1*QC*1*MARTINEZ*ANTHONY*V***MR*N380620~NM1*82*1*GRONEMEYER*LEANNE*R***XX*1659521045~REF*EA*181287B1989D47F6A9B13661B2751736~DTM*232*20200422~DTM*233*20200422~SVC*HC:81002*4*3.4**1~DTM*472*20200422~CAS*CO*45*.6~REF*6R*CPQEF23NOI31~AMT*B6*3.4~LQ*HE*N381~CLP*000100033583*1*450.07*149.59**MC*2020143046688~NM1*QC*1*MARTINEZ*ANTHONY*V***MR*N380620~NM1*82*1*GRONEMEYER*LEANNE*R***XX*1659521045~REF*EA*9419AF72E1994D8AB09527606835AC3E~DTM*232*20200422~DTM*233*20200422~SVC*HC:99204:25*450.07*149.59**1~DTM*472*20200422~CAS*CO*45*300.48~REF*6R*CPQEHHKAXO3X~AMT*B6*149.59~LQ*HE*N381~CLP*000100034168*1*178.3*65.81**MC*2020140046021~NM1*QC*1*MAZUREK*DIANE****MR*P687663~NM1*82*1*GRONEMEYER*LEANNE*R***XX*1659521045~REF*EA*C6CE6D34678747DE8BF4CCDCC939FF8A~DTM*232*20200504~DTM*233*20200504~SVC*HC:99213*178.3*65.81**1~DTM*472*20200504~CAS*CO*45*112.49~REF*6R*CPPUHYBTHYF4~AMT*B6*65.81~LQ*HE*N381~CLP*000100033971*2*178.3*46.38**MC*2020143046731~NM1*QC*1*MCCRORY*EOWYN****MR*G951424~NM1*82*1*CADDALI*ESTRELLA*A***XX*1164974580~REF*EA*8C4CDD99D82A410FAE72C1C40A526AE0~DTM*232*20200429~DTM*233*20200429~SVC*HC:99213*178.3*46.38**1~DTM*472*20200429~CAS*CO*45*112.49~CAS*OA*23*19.43~REF*6R*CPQEQRPEYM6H~AMT*B6*65.81~LQ*HE*MA125~LQ*HE*N381~CLP*000100034830*1*178.3*65.81**MC*2020140045924~NM1*QC*1*MITCHELL*DEBORAH****MR*W309719~NM1*82*1*CADDALI*ESTRELLA*A***XX*1164974580~REF*EA*5C17FD9445A248AEB13EA9418A290967~DTM*232*20200515~DTM*233*20200515~SVC*HC:99213*178.3*65.81**1~DTM*472*20200515~CAS*CO*45*112.49~REF*6R*CPPUCWANNAEC~AMT*B6*65.81~LQ*HE*N381~CLP*000100034841*1*178.3*65.81**MC*2020140045841~NM1*QC*1*MITCHELL*SHERRY****MR*I873951~NM1*82*1*CADDALI*ESTRELLA*A***XX*1164974580~REF*EA*304D30B711824396BB8AE66CEE6EFECB~DTM*232*20200515~DTM*233*20200515~SVC*HC:99213*178.3*65.81**1~DTM*472*20200515~CAS*CO*45*112.49~REF*6R*CPPUL0YOA8X5~AMT*B6*65.81~LQ*HE*N381~CLP*000100033652*1*178.3*65.81**MC*2020140045770~NM1*QC*1*MONTANO*FRANK*D***MR*Y033827~NM1*82*1*GRONEMEYER*LEANNE*R***XX*1659521045~REF*EA*176F38DF13BF43B287F3D6445C41F80B~DTM*232*20200423~DTM*233*20200423~SVC*HC:99213*178.3*65.81**1~DTM*472*20200423~CAS*CO*45*112.49~REF*6R*CPPUU2VXVU2U~AMT*B6*65.81~LQ*HE*N381~CLP*000100033616*1*893.24*171.51**MC*2020140045773~NM1*QC*1*MONTANO*FRANK*D***MR*Y033827~NM1*82*1*GRONEMEYER*LEANNE*R***XX*1659521045~REF*EA*8E2A331AD3E74D6181CEEB85EEF0263B~DTM*232*20200422~DTM*233*20200422~SVC*HC:99204:25*450.07*149.59**1~DTM*472*20200422~CAS*CO*45*300.48~REF*6R*CPPUNUIL7N9H~AMT*B6*149.59~LQ*HE*N381~SVC*HC:H0049*403.17*10.92**1~DTM*472*20200422~CAS*CO*45*392.25~REF*6R*CPPUSZTTWRVE~AMT*B6*10.92~LQ*HE*N381~SVC*HC:G8510*40*11**1~DTM*472*20200422~CAS*CO*45*29~REF*6R*CPPUYZF0PU7H~AMT*B6*11~LQ*HE*N381~CLP*000100034390*1*272.99*95.11*2*MC*2020143046757~NM1*QC*1*MONTEZ*HELEN****MR*I186131~NM1*82*1*HOOSHMAND-PARSI*KAYHOSROW****XX*1447291851~REF*EA*87018A94C91A43EFBA22850C4D3EA97E~DTM*232*20200507~DTM*233*20200507~SVC*HC:99214*272.99*95.11**1~DTM*472*20200507~CAS*PR*3*2~CAS*CO*45*175.88~REF*6R*CPQEHZ8JT46T~AMT*B6*97.11~LQ*HE*N381~LQ*HE*N381~CLP*000100033920*1*178.3*65.81**MC*2020140045935~NM1*QC*1*MONTEZ*JOHN*A***MR*K005394~NM1*82*1*HOOSHMAND-PARSI*KAYHOSROW****XX*1447291851~REF*EA*A148E9FE088C4A8EBA35F44DC784AC65~DTM*232*20200428~DTM*233*20200428~SVC*HC:99213*178.3*65.81**1~DTM*472*20200428~CAS*CO*45*112.49~REF*6R*CPPU7MU504YZ~AMT*B6*65.81~LQ*HE*N381~CLP*000100034118*1*178.3*65.81**MC*2020143046702~NM1*QC*1*ORTIVEZ*MARGARITA****MR*I820168~NM1*82*1*HOOSHMAND-PARSI*KAYHOSROW****XX*1447291851~REF*EA*61E648C934E0410FAFF11D341BA83A30~DTM*232*20200503~DTM*233*20200503~SVC*HC:99213*178.3*65.81**1~DTM*472*20200503~CAS*CO*45*112.49~REF*6R*CPQE03IV4I8E~AMT*B6*65.81~LQ*HE*N381~CLP*000100034515*1*178.3*63.81*2*MC*2020140046013~NM1*QC*1*PEREZ*ASHLEY****MR*E206362~NM1*82*1*GRONEMEYER*LEANNE*R***XX*1659521045~REF*EA*BC8FEB6E8696410BAFB915AF4121B7E1~DTM*232*20200511~DTM*233*20200511~SVC*HC:99213*178.3*63.81**1~DTM*472*20200511~CAS*PR*3*2~CAS*CO*45*112.49~REF*6R*CPPURPFQ9T32~AMT*B6*65.81~LQ*HE*N381~LQ*HE*N381~CLP*000100034191*1*178.3*65.81**MC*2020143046721~NM1*QC*1*RATHBUN*AARON*W***MR*P304001~NM1*82*1*HOOSHMAND-PARSI*KAYHOSROW****XX*1447291851~REF*EA*5B07F7DF8A804351A4992DDDE735B7A1~DTM*232*20200505~DTM*233*20200505~SVC*HC:99213*178.3*65.81**1~DTM*472*20200505~CAS*CO*45*112.49~REF*6R*CPQE0GL9CXMW~AMT*B6*65.81~LQ*HE*N381~CLP*000100033865*1*88.54*39.39**MC*2020140046009~NM1*QC*1*ROQUE*ANGELA*M***MR*I558214~NM1*82*1*HOOSHMAND-PARSI*KAYHOSROW****XX*1447291851~REF*EA*22FE44E952764BD0AED6B9DCE082A3E6~DTM*232*20200428~DTM*233*20200428~SVC*HC:99212*88.54*39.39**1~DTM*472*20200428~CAS*CO*45*49.15~REF*6R*CPPUUF2ADVTA~AMT*B6*39.39~LQ*HE*N381~CLP*000100034181*1*178.3*65.81**MC*2020143046748~NM1*QC*1*ROQUE*ANGELA*M***MR*I558214~NM1*82*1*HOOSHMAND-PARSI*KAYHOSROW****XX*1447291851~REF*EA*9FFBF85F1D3942089E248ADD4D26DDC3~DTM*232*20200505~DTM*233*20200505~SVC*HC:99213*178.3*65.81**1~DTM*472*20200505~CAS*CO*45*112.49~REF*6R*CPQELJWNVHKZ~AMT*B6*65.81~LQ*HE*N381~CLP*000100033867*1*88.54*39.39**MC*2020140046005~NM1*QC*1*SAIS*MICHAEL*E***MR*N765754~NM1*82*1*HOOSHMAND-PARSI*KAYHOSROW****XX*1447291851~REF*EA*1AECB6DD1D19442D90209D3BC77B8C8F~DTM*232*20200428~DTM*233*20200428~SVC*HC:99212*88.54*39.39**1~DTM*472*20200428~CAS*CO*45*49.15~REF*6R*CPPUDU5LE684~AMT*B6*39.39~LQ*HE*N381~CLP*000100034131*1*178.3*65.81**MC*2020143046726~NM1*QC*1*SAIS*MICHAEL*E***MR*N765754~NM1*82*1*HOOSHMAND-PARSI*KAYHOSROW****XX*1447291851~REF*EA*6961A4BE675F498D8D24B38F2A106C62~DTM*232*20200504~DTM*233*20200504~SVC*HC:99213*178.3*65.81**1~DTM*472*20200504~CAS*CO*45*112.49~REF*6R*CPQEJGI1AWCT~AMT*B6*65.81~LQ*HE*N381~CLP*000100033570*1*178.3*65.81**MC*2020143046736~NM1*QC*1*SANCHEZ*LEANNA*A***MR*L179099~NM1*82*1*GRONEMEYER*LEANNE*R***XX*1659521045~REF*EA*67DE472087E54CD588A765EC74BA0F17~DTM*232*20200422~DTM*233*20200422~SVC*HC:99213:25*178.3*65.81**1~DTM*472*20200422~CAS*CO*45*112.49~REF*6R*CPQEB5GC9HCN~AMT*B6*65.81~LQ*HE*N381~CLP*000100033570*1*443.17*21.92**MC*2020143046745~NM1*QC*1*SANCHEZ*LEANNA*A***MR*L179099~NM1*82*1*GRONEMEYER*LEANNE*R***XX*1659521045~REF*EA*FCD30C25955643FD806B004A395CB6F9~DTM*232*20200422~DTM*233*20200422~SVC*HC:H0049*403.17*10.92**1~DTM*472*20200422~CAS*CO*45*392.25~REF*6R*CPQERU34KHK2~AMT*B6*10.92~LQ*HE*N381~SVC*HC:G8510*40*11**1~DTM*472*20200422~CAS*CO*45*29~REF*6R*CPQEWO9SXY7W~AMT*B6*11~LQ*HE*N381~CLP*000100034184*1*15*7.42*1*MC*2020143046585~NM1*QC*1*SANCHEZ*YVONNE*A***MR*J289148~NM1*82*1*HOOSHMAND-PARSI*KAYHOSROW****XX*1447291851~REF*EA*D380138324944D16A93E3349C3FC689A~DTM*232*20200505~DTM*233*20200505~SVC*HC:81025*15*7.42**1~DTM*472*20200505~CAS*PR*3*1~CAS*CO*45*6.58~REF*6R*CPQE6ITFFC5P~AMT*B6*8.42~LQ*HE*N381~LQ*HE*N381~CLP*000100034184*1*178.3*63.81*2*MC*2020143046600~NM1*QC*1*SANCHEZ*YVONNE*A***MR*J289148~NM1*82*1*HOOSHMAND-PARSI*KAYHOSROW****XX*1447291851~REF*EA*56A07085603C44C6BB70B72AFA5E4B4F~DTM*232*20200505~DTM*233*20200505~SVC*HC:99213:25*178.3*63.81**1~DTM*472*20200505~CAS*PR*3*2~CAS*CO*45*112.49~REF*6R*CPQESNJDMA38~AMT*B6*65.81~LQ*HE*N381~LQ*HE*N381~CLP*000100034128*1*1903.99*1262.42**MC*2020143046665~NM1*QC*1*SANDOVAL*JULIA*L***MR*K495017~NM1*82*1*HOOSHMAND-PARSI*KAYHOSROW****XX*1447291851~REF*EA*5800A4069A054FCCA0A202D81AF69FA9~DTM*232*20200504~DTM*233*20200504~SVC*HC:96372*83.99*0**0**1~DTM*472*20200504~CAS*CO*109*83.99~REF*6R*CPQECTG0QWOB~LQ*HE*N381~SVC*HC:J2315*1805*1254**380~DTM*472*20200504~CAS*CO*45*551~REF*6R*CPQEMDC3ZUJ5~AMT*B6*1254~LQ*HE*N381~SVC*HC:81025*15*8.42**1~DTM*472*20200504~CAS*CO*45*6.58~REF*6R*CPQEAS76N4NE~AMT*B6*8.42~LQ*HE*N381~CLP*000100034128*1*272.99*97.11**MC*2020143046674~NM1*QC*1*SANDOVAL*JULIA*L***MR*K495017~NM1*82*1*HOOSHMAND-PARSI*KAYHOSROW****XX*1447291851~REF*EA*713058AEE4E94A5B87517BA219A4B90E~DTM*232*20200504~DTM*233*20200504~SVC*HC:99214:25*272.99*97.11**1~DTM*472*20200504~CAS*CO*45*175.88~REF*6R*CPQET71GTV78~AMT*B6*97.11~LQ*HE*N381~CLP*000100033982*1*88.54*39.39**MC*2020140045879~NM1*QC*1*SINTAS*GILBERT****MR*H114357~NM1*82*1*HOOSHMAND-PARSI*KAYHOSROW****XX*1447291851~REF*EA*A89C9A4215BF4DD98DECC421FB6CBCD5~DTM*232*20200429~DTM*233*20200429~SVC*HC:99212*88.54*39.39**1~DTM*472*20200429~CAS*CO*45*49.15~REF*6R*CPPU99LJST4I~AMT*B6*39.39~LQ*HE*N381~CLP*000100034410*1*178.3*65.81**MC*2020140045822~NM1*QC*1*STELLE*NANCY*B***MR*E258967~NM1*82*1*GRONEMEYER*LEANNE*R***XX*1659521045~REF*EA*82A998BF8C874B01B7178DBB082681BF~DTM*232*20200507~DTM*233*20200507~SVC*HC:99213*178.3*65.81**1~DTM*472*20200507~CAS*CO*45*112.49~REF*6R*CPPU42EIIGB1~AMT*B6*65.81~LQ*HE*N381~CLP*000100034156*1*178.3*65.81**MC*2020140045977~NM1*QC*1*SUNCELIA*POLLYANN*M***MR*B249910~NM1*82*1*GRONEMEYER*LEANNE*R***XX*1659521045~REF*EA*B751FE90ABAE43238F5A6FFB887ECA7E~DTM*232*20200504~DTM*233*20200504~SVC*HC:99213*178.3*65.81**1~DTM*472*20200504~CAS*CO*45*112.49~REF*6R*CPPUBA49T8BW~AMT*B6*65.81~LQ*HE*N381~CLP*000100032774*1*178.3*65.81**MC*2020140045981~NM1*QC*1*SUNCELIA*POLLYANN*M***MR*B249910~NM1*82*1*GRONEMEYER*LEANNE*R***XX*1659521045~REF*EA*55A3937E2AF047BA86A4E330A59F2926~DTM*232*20200406~DTM*233*20200406~SVC*HC:99213*178.3*65.81**1~DTM*472*20200406~CAS*CO*45*112.49~REF*6R*CPPUR3JQ7P5Y~AMT*B6*65.81~LQ*HE*N381~CLP*000100033916*1*178.3*65.81**MC*2020140045871~NM1*QC*1*TANKSLEY*DAYSHA*A***MR*O203621~NM1*82*1*HOOSHMAND-PARSI*KAYHOSROW****XX*1447291851~REF*EA*B5B8163DCA3B4157A9D6BA24E47BE68F~DTM*232*20200428~DTM*233*20200428~SVC*HC:99213*178.3*65.81**1~DTM*472*20200428~CAS*CO*45*112.49~REF*6R*CPPUIZMDFQ3L~AMT*B6*65.81~LQ*HE*N381~CLP*000100033802*1*266.84*97.43**MC*2020140045827~NM1*QC*1*TRUJILLO*KHELIE****MR*R898700~NM1*82*1*HOOSHMAND-PARSI*KAYHOSROW****XX*1447291851~REF*EA*CC4D8A47A79F4067836C8816F782EF85~DTM*232*20200427~DTM*233*20200427~SVC*HC:99203:25*266.84*97.43**1~DTM*472*20200427~CAS*CO*45*169.41~REF*6R*CPPUJXSHHCHV~AMT*B6*97.43~LQ*HE*N381~CLP*000100033802*1*443.17*41.44**MC*2020140045831~NM1*QC*1*TRUJILLO*KHELIE****MR*R898700~NM1*82*1*HOOSHMAND-PARSI*KAYHOSROW****XX*1447291851~REF*EA*D9B9341845134F5D9A611ABDB7C8AE6F~DTM*232*20200427~DTM*233*20200427~SVC*HC:H0049*403.17*10.92**1~DTM*472*20200427~CAS*CO*45*392.25~REF*6R*CPPUY0U6COOU~AMT*B6*10.92~LQ*HE*N381~SVC*HC:G8431*40*30.52**1~DTM*472*20200427~CAS*CO*45*9.48~REF*6R*CPPU63ZV11IF~AMT*B6*30.52~LQ*HE*N381~CLP*000100034421*1*178.3*65.81**MC*2020143046576~NM1*QC*1*TRUJILLO*LALONNIE*S***MR*A496702~NM1*82*1*HOOSHMAND-PARSI*KAYHOSROW****XX*1447291851~REF*EA*A361FED56C3A41DA80FDB7BAF75FB9FD~DTM*232*20200507~DTM*233*20200507~SVC*HC:99213*178.3*65.81**1~DTM*472*20200507~CAS*CO*45*112.49~REF*6R*CPQEKGH033JA~AMT*B6*65.81~LQ*HE*N381~CLP*000100034289*1*88.54*39.39**MC*2020143046628~NM1*QC*1*VALLEJOS*RANDY*L***MR*Y264890~NM1*82*1*HOOSHMAND-PARSI*KAYHOSROW****XX*1447291851~REF*EA*5096188497EB447497B1C36CFD6FF97A~DTM*232*20200506~DTM*233*20200506~SVC*HC:99212*88.54*39.39**1~DTM*472*20200506~CAS*CO*45*49.15~REF*6R*CPQEMZIITBOL~AMT*B6*39.39~LQ*HE*N381~CLP*000100034429*1*178.3*65.81**MC*2020143046691~NM1*QC*1*VIGIL*ALBERT****MR*Y910988~NM1*82*1*HOOSHMAND-PARSI*KAYHOSROW****XX*1447291851~REF*EA*9635296E1AC34D929F1AEC7F2E1C510E~DTM*232*20200507~DTM*233*20200507~SVC*HC:99213*178.3*65.81**1~DTM*472*20200507~CAS*CO*45*112.49~REF*6R*CPQERPF0VFVX~AMT*B6*65.81~LQ*HE*N381~CLP*000100033898*1*893.24*191.03**MC*2020140045762~NM1*QC*1*VIGIL*ANTHONY*J***MR*D982666~NM1*82*1*HOOSHMAND-PARSI*KAYHOSROW****XX*1447291851~REF*EA*D1CE051455A44065A124A23F21C99244~DTM*232*20200428~DTM*233*20200428~SVC*HC:99204:25*450.07*149.59**1~DTM*472*20200428~CAS*CO*45*300.48~REF*6R*CPPU7OZHFJ3Z~AMT*B6*149.59~LQ*HE*N381~SVC*HC:H0049*403.17*10.92**1~DTM*472*20200428~CAS*CO*45*392.25~REF*6R*CPPUPIQSKR49~AMT*B6*10.92~LQ*HE*N381~SVC*HC:G8431*40*30.52**1~DTM*472*20200428~CAS*CO*45*9.48~REF*6R*CPPUMCZA58W7~AMT*B6*30.52~LQ*HE*N381~CLP*000100034240*1*88.54*39.39**MC*2020143046621~NM1*QC*1*VIGIL*FABIAN****MR*J187623~NM1*82*1*HOOSHMAND-PARSI*KAYHOSROW****XX*1447291851~REF*EA*7F30E6124BB543B6BA4DBD5165512A99~DTM*232*20200505~DTM*233*20200505~SVC*HC:99212*88.54*39.39**1~DTM*472*20200505~CAS*CO*45*49.15~REF*6R*CPQEMUKLYZLF~AMT*B6*39.39~LQ*HE*N381~CLP*000100034173*1*178.3*63.81*2*MC*2020140045949~NM1*QC*1*WRIGHT*WILLIAM****MR*G359670~NM1*82*1*GRONEMEYER*LEANNE*R***XX*1659521045~REF*EA*FDAA8F8CE49D4C3B8756D02223DCE2B3~DTM*232*20200504~DTM*233*20200504~SVC*HC:99213*178.3*63.81**1~DTM*472*20200504~CAS*PR*3*2~CAS*CO*45*112.49~REF*6R*CPPUOKM9NI7Y~AMT*B6*65.81~LQ*HE*N381~LQ*HE*N381~CLP*000100034730*4*272.99*0**MC*2020140045877~NM1*QC*1*AMORIN*LORELY****MR*P650484~NM1*82*1*CADDALI*ESTRELLA*A***XX*1164974580~REF*EA*BA159D94CE694BE380110176CEC278BD~DTM*232*20200514~DTM*233*20200514~SVC*HC:99214*272.99*0**0**1~DTM*472*20200514~CAS*PI*16*272.99~REF*6R*CPPUALGLQSRO~LQ*HE*N554~CLP*000100029936*4*134*0**MC*2020143046442~NM1*QC*1*DIAZ*GEORGINA*L***MR*I770082~NM1*82*1*SEARLES*DENISE*A***XX*1396971230~REF*EA*42DF312CD6BA44B08A02CDCA1454D97B~DTM*232*20200213~DTM*233*20200213~SVC*HC:99214*134*0**0**1~DTM*472*20200213~CAS*PI*96*134~REF*6R*CPQELZXSNHWB~LQ*HE*N293~LQ*HE*N30~LQ*HE*MA92~CLP*000100033997*4*178.3*0**MC*2020140045780~NM1*QC*1*GREEN*DAVID****MR*N673974~NM1*82*1*GRONEMEYER*LEANNE*R***XX*1659521045~REF*EA*BF2006D0135E4BBA8D76D735050DA5B4~DTM*232*20200429~DTM*233*20200429~SVC*HC:99213*178.3*0**0**1~DTM*472*20200429~CAS*PI*16*178.3~REF*6R*CPPU2J85GTB4~LQ*HE*MA92~LQ*HE*MA92~LQ*HE*N56~SE*1233*000010012~GE*1*300005874~IEA*1*300005874~