ISA*00*          *00*          *ZZ*COMEDASSISTPROG*ZZ*6769489        *200420*0244*^*00501*100013156*0*P*:~GS*HP*COMEDASSISTPROG*6769489*20200420*024452*100013156*X*005010X221A1~ST*835*000010011~BPR*I*7941.07*C*ACH*CCP*01*075911603*DA*00000004556640373*1811725341**01*102106569*DA*2200002989138*20200420~TRN*1*000954789*1811725341~REF*EV*1508250911~DTM*405*20200417~N1*PR*CO_TXIX*XV*7912900843~N3*P.O. BOX 30~N4*DENVER*CO*80201~PER*CX*MEDICAID PROVIDER SERVICES*TE*8442352387~PER*BL*MEDICAID PROVIDER SERVICES*TE*8442352387~N1*PE*HEALTH SOLUTIONS MED CENTER*XX*1508250911~REF*TJ*841158933~LX*1~CLP*000100031569*2*90*5.33**MC*2020106001317~NM1*QC*1*AVILA*ROBERT*B***MR*F251953~NM1*82*1*HOOSHMAND-PARSI*KAYHOSROW****XX*1447291851~REF*EA*A4AFB32B84FB4DF5B9661FFED4ED6E2B~DTM*232*20200316~DTM*233*20200316~SVC*HC:99213*90*5.33**1~DTM*472*20200316~CAS*CO*45*84.67~REF*6R*CP6AUUF24LHB~AMT*B6*5.33~LQ*HE*N381~LQ*HE*N381~CLP*000100031435*2*134*19**MC*2020102001601~NM1*QC*1*BACA*FLORA*J***MR*N338297~NM1*82*1*GRONEMEYER*LEANNE*R***XX*1659521045~REF*EA*CE207A66A25741468A8B67D4988C5DBC~DTM*232*20200312~DTM*233*20200312~SVC*HC:99214*134*19**1~DTM*472*20200312~CAS*CO*45*115~REF*6R*CP6IPMOUI05C~AMT*B6*19~LQ*HE*N381~LQ*HE*N381~CLP*000100031440*2*1986*247.12**MC*2020106001312~NM1*QC*1*BARNELL*SHANNA*V***MR*R948166~NM1*82*1*SEARLES*DENISE*A***XX*1396971230~REF*EA*C794C44CB99D494E8D9D10EC97700018~DTM*232*20200312~DTM*233*20200312~SVC*HC:99214:25*134*19**1~DTM*472*20200312~CAS*CO*45*115~REF*6R*CP6ABRFULQN6~AMT*B6*19~LQ*HE*N381~LQ*HE*N381~SVC*HC:96372*32*2.49**1~DTM*472*20200312~CAS*CO*45*29.51~REF*6R*CP6A4CR8KZ5S~AMT*B6*2.49~LQ*HE*N381~LQ*HE*N381~SVC*HC:J2315*1805*225.63**380~DTM*472*20200312~CAS*CO*45*1579.37~REF*6R*CP6ALKYALB6N~AMT*B6*225.63~LQ*HE*N381~LQ*HE*N381~SVC*HC:81025*15*0**1~DTM*472*20200312~CAS*CO*45*15~REF*6R*CP6A6YIDN6UT~LQ*HE*N381~CLP*000100030947*2*176*21.86**MC*2020102001604~NM1*QC*1*DIAZ*CARL*J***MR*I533514~NM1*82*1*LUCAS*PEGGI*S***XX*1366419582~REF*EA*B8689B14A07C4584920A2613C938F2D0~DTM*232*20200304~DTM*233*20200304~SVC*HC:99214:25*134*19**1~DTM*472*20200304~CAS*CO*45*115~REF*6R*CP6IAV2V2XV8~AMT*B6*19~LQ*HE*N381~LQ*HE*N381~SVC*HC:96372*32*2.49**1~DTM*472*20200304~CAS*CO*45*29.51~REF*6R*CP6ITG991QQQ~AMT*B6*2.49~LQ*HE*N381~LQ*HE*N381~SVC*HC:J1885*10*.37**4~DTM*472*20200304~CAS*CO*45*9.63~REF*6R*CP6IGB6F4UQM~AMT*B6*.37~LQ*HE*N381~LQ*HE*N381~CLP*000100031306*2*134*9.48**MC*2020102001612~NM1*QC*1*FORTUNE*CATHERINE*M***MR*O812250~NM1*82*1*HOOSHMAND-PARSI*KAYHOSROW****XX*1447291851~REF*EA*F084C6AE895344D2861FD43642619771~DTM*232*20200310~DTM*233*20200310~SVC*HC:99214*134*9.48**1~DTM*472*20200310~CAS*CO*45*124.52~REF*6R*CP6I34T0OHDZ~AMT*B6*9.48~LQ*HE*N381~LQ*HE*N381~CLP*000100031502*2*134*19**MC*2020107001376~NM1*QC*1*GALLEGOS*CARLOS*L***MR*P497529~NM1*82*1*LUCAS*PEGGI*S***XX*1366419582~REF*EA*115324ABADEE4133B81842470185D597~DTM*232*20200313~DTM*233*20200313~SVC*HC:99214*134*19**1~DTM*472*20200313~CAS*CO*45*115~REF*6R*CP7UXXL0A3FP~AMT*B6*19~LQ*HE*N381~LQ*HE*N381~CLP*000100031715*2*179*19**MC*2020106001322~NM1*QC*1*NIOUS*LATEEFAH*S***MR*J459949~NM1*82*1*GRONEMEYER*LEANNE*R***XX*1659521045~REF*EA*8BB622CB66D44DE59F812169345BFD79~DTM*232*20200318~DTM*233*20200318~SVC*HC:99214:25*134*19**1~DTM*472*20200318~CAS*CO*45*115~REF*6R*CP6ACQ2TAC9K~AMT*B6*19~LQ*HE*N381~LQ*HE*N381~SVC*HC:99415*45*0**1~DTM*472*20200318~CAS*CO*45*37.89~CAS*OA*23*7.11~REF*6R*CP6AH98R1FM2~LQ*HE*N381~LQ*HE*N381~CLP*000100031784*2*90*13.11**MC*2020106001337~NM1*QC*1*NIOUS*LATEEFAH*S***MR*J459949~NM1*82*1*GRONEMEYER*LEANNE*R***XX*1659521045~REF*EA*6E6A9E6B7C904F95A436C33DFE3AA848~DTM*232*20200319~DTM*233*20200319~SVC*HC:99213*90*13.11**1~DTM*472*20200319~CAS*CO*45*76.89~REF*6R*CP6AGBA0QNL5~AMT*B6*13.11~LQ*HE*N381~LQ*HE*N381~CLP*000100030401*2*90*65.57**MC*2020105002184~NM1*QC*1*REYNOLDS*CATHERINE****MR*P336806~NM1*82*1*GRONEMEYER*LEANNE*R***XX*1659521045~REF*EA*CD82443799AE4B15A9C73CD531BE2564~DTM*232*20200224~DTM*233*20200224~SVC*HC:99213*90*65.57**1~DTM*472*20200224~CAS*CO*45*24.43~REF*6R*CPEMPPC8FH20~AMT*B6*65.57~LQ*HE*N381~LQ*HE*N381~CLP*000100031422*2*134*19**MC*2020102001616~NM1*QC*1*TAVAREZ*BALBINAQ****MR*O311216~NM1*82*1*GRONEMEYER*LEANNE*R***XX*1659521045~REF*EA*0CC739078EB64521BFFAF2E8EE594B8B~DTM*232*20200312~DTM*233*20200312~SVC*HC:99214*134*19**1~DTM*472*20200312~CAS*CO*45*115~REF*6R*CP6I6M9NOBEH~AMT*B6*19~LQ*HE*N381~LQ*HE*N381~CLP*000100031623*2*134*19**MC*2020107001369~NM1*QC*1*YOUNG*LORITA*A***MR*R778605~NM1*82*1*SEARLES*DENISE*A***XX*1396971230~REF*EA*ACAD17E76FEA42DFB4D0F2E80A668B7B~DTM*232*20200317~DTM*233*20200317~SVC*HC:99214*134*19**1~DTM*472*20200317~CAS*CO*45*115~REF*6R*CP7UKWAY90B5~AMT*B6*19~LQ*HE*N381~LQ*HE*N381~CLP*000100033025*1*178.3*65.81**MC*2020105042243~NM1*QC*1*ADAMS*CHRISTOPHER****MR*Y546450~NM1*82*1*SEARLES*DENISE*A***XX*1396971230~REF*EA*6A19558E05EB49428ACDDAE6DD0B516C~DTM*232*20200409~DTM*233*20200409~SVC*HC:99213*178.3*65.81**1~DTM*472*20200409~CAS*CO*45*112.49~REF*6R*CPF6NWTM7LA4~AMT*B6*65.81~LQ*HE*N381~CLP*000100032591*1*8.66*6.67**MC*2020105042278~NM1*QC*1*ALDAZ*BRANDON*D***MR*Q959560~NM1*82*1*HOOSHMAND-PARSI*KAYHOSROW****XX*1447291851~REF*EA*55A3E1AFC1804BD3B048B03C67113FB9~DTM*232*20200401~DTM*233*20200401~SVC*HC:86580*8.66*6.67**1~DTM*472*20200401~CAS*CO*45*1.99~REF*6R*CPF6GRYS5GNK~AMT*B6*6.67~LQ*HE*N381~CLP*000100032591*1*342.84*108.35**MC*2020105042279~NM1*QC*1*ALDAZ*BRANDON*D***MR*Q959560~NM1*82*1*HOOSHMAND-PARSI*KAYHOSROW****XX*1447291851~REF*EA*DC5F130D25AA47618855C78CBFD71905~DTM*232*20200401~DTM*233*20200401~SVC*HC:99203:25*266.84*97.43**1~DTM*472*20200401~CAS*CO*45*169.41~REF*6R*CPFY97SI2ZVV~AMT*B6*97.43~LQ*HE*N381~SVC*HC:H0049*36*10.92**1~DTM*472*20200401~CAS*CO*45*25.08~REF*6R*CPFYF7H5IUWM~AMT*B6*10.92~LQ*HE*N381~SVC*HC:G8510*40*0**0**1~DTM*472*20200401~CAS*PI*119*40~REF*6R*CPFYIGXPVD99~LQ*HE*N362~LQ*HE*N56~LQ*HE*N381~CLP*000100032555*1*88.54*39.39**MC*2020105042317~NM1*QC*1*ALGIEN*BRANDON*M***MR*L230884~NM1*82*1*HOOSHMAND-PARSI*KAYHOSROW****XX*1447291851~REF*EA*67634409889944C5892FD671EC60BD64~DTM*232*20200401~DTM*233*20200401~SVC*HC:99212*88.54*39.39**1~DTM*472*20200401~CAS*CO*45*49.15~REF*6R*CPFYR2DJMNBO~AMT*B6*39.39~LQ*HE*N381~CLP*000100032549*1*178.3*65.81**MC*2020105042204~NM1*QC*1*ANDERSON*JACQULINE*M***MR*G934658~NM1*82*1*SEARLES*DENISE*A***XX*1396971230~REF*EA*3033B4F0977B46579986ED21858757F4~DTM*232*20200401~DTM*233*20200401~SVC*HC:99213*178.3*65.81**1~DTM*472*20200401~CAS*CO*45*112.49~REF*6R*CPF6DH138VHM~AMT*B6*65.81~LQ*HE*N381~CLP*000100032249*1*272.99*119.65**MC*2020105042283~NM1*QC*1*ARPAN*JERIQAH****MR*G223525~NM1*82*1*GRONEMEYER*LEANNE*R***XX*1659521045~REF*EA*6FBFCEA135F44C36A64EA3AEF26E663C~DTM*232*20200326~DTM*233*20200326~SVC*HC:99214:25:FP*272.99*119.65**1~DTM*472*20200326~CAS*CO*45*153.34~REF*6R*CPFYFPDPQJPY~AMT*B6*119.65~LQ*HE*N381~CLP*000100032654*1*272.99*97.11**MC*2020105042208~NM1*QC*1*ASKINS*NORRIS****MR*P134911~NM1*82*1*GRONEMEYER*LEANNE*R***XX*1659521045~REF*EA*E44C85695CDA4620AA9356FF38853C69~DTM*232*20200402~DTM*233*20200402~SVC*HC:99214*272.99*97.11**1~DTM*472*20200402~CAS*CO*45*175.88~REF*6R*CPFY9X07B8CL~AMT*B6*97.11~LQ*HE*N381~CLP*000100032871*1*178.3*63.81*2*MC*2020105042304~NM1*QC*1*AVILA*SHANNA****MR*K598901~NM1*82*1*GRONEMEYER*LEANNE*R***XX*1659521045~REF*EA*263D4D92227947C7840925E8E861EB3D~DTM*232*20200407~DTM*233*20200407~SVC*HC:99213*178.3*63.81**1~DTM*472*20200407~CAS*PR*3*2~CAS*CO*45*112.49~REF*6R*CPFY47HQT8IU~AMT*B6*65.81~LQ*HE*N381~LQ*HE*N381~CLP*000100032492*1*178.3*65.81**MC*2020105042305~NM1*QC*1*AVILA*SHANNA****MR*K598901~NM1*82*1*GRONEMEYER*LEANNE*R***XX*1659521045~REF*EA*385BA3F61CAF42AE923C8C075E7D2338~DTM*232*20200331~DTM*233*20200331~SVC*HC:99213*178.3*65.81**1~DTM*472*20200331~CAS*CO*45*112.49~REF*6R*CPF60CZF8567~AMT*B6*65.81~LQ*HE*N381~CLP*000100031790*1*90*65.81**MC*2020105042306~NM1*QC*1*AVILA*SHANNA****MR*K598901~NM1*82*1*GRONEMEYER*LEANNE*R***XX*1659521045~REF*EA*95B8F81C6C184DB19D11A041B4F47E4F~DTM*232*20200319~DTM*233*20200319~SVC*HC:99213*90*65.81**1~DTM*472*20200319~CAS*CO*45*24.19~REF*6R*CPF6O63L4RV9~AMT*B6*65.81~LQ*HE*N77~LQ*HE*N381~CLP*000100032517*1*178.3*65.81**MC*2020105042354~NM1*QC*1*BACA*RUBEN*A***MR*Y047437~NM1*82*1*SEARLES*DENISE*A***XX*1396971230~REF*EA*F7505CB824334499983572F34BD33ED7~DTM*232*20200331~DTM*233*20200331~SVC*HC:99213*178.3*65.81**1~DTM*472*20200331~CAS*CO*45*112.49~REF*6R*CPFY1QX9RIB5~AMT*B6*65.81~LQ*HE*N381~CLP*000100033007*1*272.99*97.11**MC*2020105042259~NM1*QC*1*BARELA*JOSEPH****MR*D521993~NM1*82*1*CADDALI*ESTRELLA*A***XX*1164974580~REF*EA*EC2490ED61974953BA956D692DA1FE6A~DTM*232*20200409~DTM*233*20200409~SVC*HC:99214*272.99*97.11**1~DTM*472*20200409~CAS*CO*45*175.88~REF*6R*CPFY4B7PBHKY~AMT*B6*97.11~LQ*HE*N381~CLP*000100031964*1*178.3*63.81*2*MC*2020105042282~NM1*QC*1*BASSETT*JENNIFER*M***MR*W073216~NM1*82*1*HOOSHMAND-PARSI*KAYHOSROW****XX*1447291851~REF*EA*D6A99010C7D8489B9DE7297122099276~DTM*232*20200323~DTM*233*20200323~SVC*HC:99213*178.3*63.81**1~DTM*472*20200323~CAS*PR*3*2~CAS*CO*45*112.49~REF*6R*CPFYSWJ5CPRN~AMT*B6*65.81~LQ*HE*N381~LQ*HE*N381~CLP*000100032740*1*178.3*63.81*2*MC*2020105042336~NM1*QC*1*BENAVIDEZ*KHRISTEN*D***MR*Y418586~NM1*82*1*GRONEMEYER*LEANNE*R***XX*1659521045~REF*EA*5C514D9CFF804034A918B0CD9B474881~DTM*232*20200406~DTM*233*20200406~SVC*HC:99213*178.3*63.81**1~DTM*472*20200406~CAS*PR*3*2~CAS*CO*45*112.49~REF*6R*CPF6XOQW3A8K~AMT*B6*65.81~LQ*HE*N381~LQ*HE*N381~CLP*000100032018*1*178.3*81.55**MC*2020105042242~NM1*QC*1*BOULIER*JEWEL*R***MR*W913486~NM1*82*1*CADDALI*ESTRELLA*A***XX*1164974580~REF*EA*6A794241349748928F18D81DAC7FFB7D~DTM*232*20200324~DTM*233*20200324~SVC*HC:99213:25:FP*178.3*81.55**1~DTM*472*20200324~CAS*CO*45*96.75~REF*6R*CPFY59K9R1JX~AMT*B6*81.55~LQ*HE*N381~CLP*000100032856*1*178.3*65.81**MC*2020105042212~NM1*QC*1*BRODEUR*MICHAEL****MR*O634397~NM1*82*1*ROBERTS*BRAD*A***XX*1538435698~REF*EA*CB260B99E79A4A65AA046960A96DA801~DTM*232*20200407~DTM*233*20200407~SVC*HC:99213*178.3*65.81**1~DTM*472*20200407~CAS*CO*45*112.49~REF*6R*CPFYLUU4PQ3J~AMT*B6*65.81~LQ*HE*N381~CLP*000100032852*1*178.3*63.81*2*MC*2020105042229~NM1*QC*1*BUSTILLOS*DESIREE****MR*Y193127~NM1*82*1*ROBERTS*BRAD*A***XX*1538435698~REF*EA*4595DBC7152D4CA1BC75B0B2FAE2C9A6~DTM*232*20200407~DTM*233*20200407~SVC*HC:99213*178.3*63.81**1~DTM*472*20200407~CAS*PR*3*2~CAS*CO*45*112.49~REF*6R*CPF653KJR7S1~AMT*B6*65.81~LQ*HE*N381~LQ*HE*N381~CLP*000100031942*1*1809*1189.4**MC*2020105042294~NM1*QC*1*CANDELARIA*JIMMY*L***MR*K552023~NM1*82*1*HOOSHMAND-PARSI*KAYHOSROW****XX*1447291851~REF*EA*E470E81EC3824482A7E6C8AA5896DA6A~DTM*232*20200323~DTM*233*20200323~SVC*HC:J2315*1805*1189.4**380~DTM*472*20200323~CAS*CO*45*615.6~REF*6R*CPF6QDU6SV8C~AMT*B6*1189.4~LQ*HE*N77~LQ*HE*N381~SVC*HC:81002*4*0**0**1~DTM*472*20200323~CAS*PI*5*4~REF*6R*CPF6YRVHR0TS~LQ*HE*N77~LQ*HE*M77~LQ*HE*M77~CLP*000100031942*1*254.3*75.98*.75*MC*2020105042296~NM1*QC*1*CANDELARIA*JIMMY*L***MR*K552023~NM1*82*1*HOOSHMAND-PARSI*KAYHOSROW****XX*1447291851~REF*EA*DE6473DBECEE4676A14D7403AB72BE84~DTM*232*20200323~DTM*233*20200323~SVC*HC:99213:25*178.3*65.06**1~DTM*472*20200323~CAS*PR*3*.75~CAS*CO*45*112.49~REF*6R*CPFYCG3A40PL~AMT*B6*65.81~LQ*HE*N381~LQ*HE*N381~SVC*HC:H0049*36*10.92**1~DTM*472*20200323~CAS*CO*45*25.08~REF*6R*CPFY019HDY8Q~AMT*B6*10.92~LQ*HE*N381~SVC*HC:G8510*40*0**0**1~DTM*472*20200323~CAS*PI*119*40~REF*6R*CPFYA3NIHRXH~LQ*HE*N362~LQ*HE*N56~LQ*HE*N381~CLP*000100030647*1*90*65.81**MC*2020105042300~NM1*QC*1*CARBAJAL*MELISSA****MR*A287390~NM1*82*1*GRONEMEYER*LEANNE*R***XX*1659521045~REF*EA*BFE26C46795348D48C4DB19A70DFE6CA~DTM*232*20200227~DTM*233*20200227~SVC*HC:99213*90*65.81**1~DTM*472*20200227~CAS*CO*45*24.19~REF*6R*CPFYO9U9XHDZ~AMT*B6*65.81~LQ*HE*N77~LQ*HE*N381~CLP*000100032839*1*178.3*65.81**MC*2020105042314~NM1*QC*1*CASAUS*TRACY*A***MR*K186814~NM1*82*1*ROBERTS*BRAD*A***XX*1538435698~REF*EA*FD20FC13E974415796EC64863535B1BC~DTM*232*20200407~DTM*233*20200407~SVC*HC:99213*178.3*65.81**1~DTM*472*20200407~CAS*CO*45*112.49~REF*6R*CPFYMZGU2M25~AMT*B6*65.81~LQ*HE*N381~CLP*000100032918*1*178.3*63.81*2*MC*2020105042319~NM1*QC*1*COFFEE*TALITHA*F***MR*M798889~NM1*82*1*SEARLES*DENISE*A***XX*1396971230~REF*EA*01FD05674EB348D1ABE1CAE15C746323~DTM*232*20200407~DTM*233*20200407~SVC*HC:99213*178.3*63.81**1~DTM*472*20200407~CAS*PR*3*2~CAS*CO*45*112.49~REF*6R*CPFYBAU0OS8O~AMT*B6*65.81~LQ*HE*N381~LQ*HE*N381~CLP*000100032245*1*178.3*65.81**MC*2020105042285~NM1*QC*1*COLE*RICHARD****MR*O326835~NM1*82*1*CADDALI*ESTRELLA*A***XX*1164974580~REF*EA*B042A9568085472FA0A05CD008D04578~DTM*232*20200326~DTM*233*20200326~SVC*HC:99213*178.3*65.81**1~DTM*472*20200326~CAS*CO*45*112.49~REF*6R*CPF62MTYB7CQ~AMT*B6*65.81~LQ*HE*N381~CLP*000100032568*1*178.3*65.81**MC*2020105042286~NM1*QC*1*COLE*RICHARD****MR*O326835~NM1*82*1*CADDALI*ESTRELLA*A***XX*1164974580~REF*EA*38B84455023B4057A479E36AFB80A1EF~DTM*232*20200401~DTM*233*20200401~SVC*HC:99213*178.3*65.81**1~DTM*472*20200401~CAS*CO*45*112.49~REF*6R*CPFY7R23SPKY~AMT*B6*65.81~LQ*HE*N381~CLP*000100031979*1*178.3*65.81**MC*2020105042287~NM1*QC*1*COLE*RICHARD****MR*O326835~NM1*82*1*HOOSHMAND-PARSI*KAYHOSROW****XX*1447291851~REF*EA*C161E9F7CA8B4CE7A7B3E5A4405DAF96~DTM*232*20200323~DTM*233*20200323~SVC*HC:99213*178.3*65.81**1~DTM*472*20200323~CAS*CO*45*112.49~REF*6R*CPFYFO3ABWXV~AMT*B6*65.81~LQ*HE*N381~CLP*000100032354*1*178.3*63.81*2*MC*2020105042251~NM1*QC*1*CORDOVA*GINA****MR*Q922006~NM1*82*1*GRONEMEYER*LEANNE*R***XX*1659521045~REF*EA*37813B00CDC34877AA391230EBA87D18~DTM*232*20200330~DTM*233*20200330~SVC*HC:99213*178.3*63.81**1~DTM*472*20200330~CAS*PR*3*2~CAS*CO*45*112.49~REF*6R*CPFY66H7AWQT~AMT*B6*65.81~LQ*HE*N381~LQ*HE*N381~CLP*000100032398*1*178.3*65.81**MC*2020105042222~NM1*QC*1*CORDOVA*JAMES****MR*A394790~NM1*82*1*GRONEMEYER*LEANNE*R***XX*1659521045~REF*EA*5CB34F3CC87347689F812FB1FE257F0F~DTM*232*20200330~DTM*233*20200330~SVC*HC:99213*178.3*65.81**1~DTM*472*20200330~CAS*CO*45*112.49~REF*6R*CPF6I6G8FZWI~AMT*B6*65.81~LQ*HE*N381~CLP*000100032910*1*178.3*65.81**MC*2020105042237~NM1*QC*1*CRESPIN*GILBERT****MR*M707740~NM1*82*1*SEARLES*DENISE*A***XX*1396971230~REF*EA*02E12AC6A1784378A6A6C3DA3738214C~DTM*232*20200407~DTM*233*20200407~SVC*HC:99213*178.3*65.81**1~DTM*472*20200407~CAS*CO*45*112.49~REF*6R*CPFY5V3CRIF5~AMT*B6*65.81~LQ*HE*N381~CLP*000100032541*1*178.3*65.81**MC*2020105042238~NM1*QC*1*CRESPIN*GILBERT****MR*M707740~NM1*82*1*SEARLES*DENISE*A***XX*1396971230~REF*EA*67F31208FB4E4312A267FA005CB68705~DTM*232*20200401~DTM*233*20200401~SVC*HC:99213*178.3*65.81**1~DTM*472*20200401~CAS*CO*45*112.49~REF*6R*CPFYMVJPPNUM~AMT*B6*65.81~LQ*HE*N381~CLP*000100032712*1*178.3*65.81**MC*2020105042263~NM1*QC*1*CUMMINGS*TASHA****MR*R438911~NM1*82*1*SEARLES*DENISE*A***XX*1396971230~REF*EA*A9B64C77164B4F62A01C90610E92B5AF~DTM*232*20200403~DTM*233*20200403~SVC*HC:99213*178.3*65.81**1~DTM*472*20200403~CAS*CO*45*112.49~REF*6R*CPFY76SX0QX0~AMT*B6*65.81~LQ*HE*N381~CLP*000100032622*1*178.3*65.81**MC*2020105042332~NM1*QC*1*DAY*TROI*L***MR*P719426~NM1*82*1*GRONEMEYER*LEANNE*R***XX*1659521045~REF*EA*BE272FF515C140368DC1B659D4525A75~DTM*232*20200402~DTM*233*20200402~SVC*HC:99213*178.3*65.81**1~DTM*472*20200402~CAS*CO*45*112.49~REF*6R*CPFYTX951NYU~AMT*B6*65.81~LQ*HE*N381~CLP*000100033028*1*272.99*97.11**MC*2020105042253~NM1*QC*1*DELACRUZ*DAVID*D***MR*Q466657~NM1*82*1*HOOSHMAND-PARSI*KAYHOSROW****XX*1447291851~REF*EA*F3A1896127FD49F0938FDCD57AD82D1A~DTM*232*20200409~DTM*233*20200409~SVC*HC:99214*272.99*97.11**1~DTM*472*20200409~CAS*CO*45*175.88~REF*6R*CPF6SZELMP24~AMT*B6*97.11~LQ*HE*N381~CLP*000100033068*1*178.3*65.81**MC*2020105042350~NM1*QC*1*DIAZ*DOMINIC*M***MR*U857412~NM1*82*1*CADDALI*ESTRELLA*A***XX*1164974580~REF*EA*62F6C780EF9A40488ADE7FC88F012626~DTM*232*20200410~DTM*233*20200410~SVC*HC:99213*178.3*65.81**1~DTM*472*20200410~CAS*CO*45*112.49~REF*6R*CPFYTRDC67WN~AMT*B6*65.81~LQ*HE*N381~CLP*000100030649*1*90*65.81**MC*2020105042346~NM1*QC*1*FAINE*JOSHUA*D***MR*P867816~NM1*82*1*GRONEMEYER*LEANNE*R***XX*1659521045~REF*EA*A296D65CACD748FEB57A1FB664F25768~DTM*232*20200227~DTM*233*20200227~SVC*HC:99213*90*65.81**1~DTM*472*20200227~CAS*CO*45*24.19~REF*6R*CPF6ELIC1M5N~AMT*B6*65.81~LQ*HE*N77~LQ*HE*N381~CLP*000100032661*1*178.3*65.81**MC*2020105042233~NM1*QC*1*FLORES*AMBER****MR*S559509~NM1*82*1*SEARLES*DENISE*A***XX*1396971230~REF*EA*3E0496D397504E7A8274F1B971B33525~DTM*232*20200402~DTM*233*20200402~SVC*HC:99213*178.3*65.81**1~DTM*472*20200402~CAS*CO*45*112.49~REF*6R*CPF600CNEJ70~AMT*B6*65.81~LQ*HE*N381~CLP*000100032662*1*178.3*65.81**MC*2020105042206~NM1*QC*1*FLORES*KEITH*L***MR*W751068~NM1*82*1*SEARLES*DENISE*A***XX*1396971230~REF*EA*2AB9A4F027834CAFA6BD410EADF52214~DTM*232*20200402~DTM*233*20200402~SVC*HC:99213*178.3*65.81**1~DTM*472*20200402~CAS*CO*45*112.49~REF*6R*CPFYX4PB5CSF~AMT*B6*65.81~LQ*HE*N381~CLP*000100032352*1*178.3*65.81**MC*2020105042214~NM1*QC*1*FOX*KERRY****MR*Y600007~NM1*82*1*GRONEMEYER*LEANNE*R***XX*1659521045~REF*EA*D573F55518DE4031AF1A577EFB324C43~DTM*232*20200330~DTM*233*20200330~SVC*HC:99213*178.3*65.81**1~DTM*472*20200330~CAS*CO*45*112.49~REF*6R*CPFYDNXX6AZH~AMT*B6*65.81~LQ*HE*N381~CLP*000100032345*1*272.99*97.11**MC*2020105042292~NM1*QC*1*GALLEGOS*BRENDA****MR*K349271~NM1*82*1*HOOSHMAND-PARSI*KAYHOSROW****XX*1447291851~REF*EA*5185E1CCD11B49038761BE128C589380~DTM*232*20200327~DTM*233*20200327~SVC*HC:99214*272.99*97.11**1~DTM*472*20200327~CAS*CO*45*175.88~REF*6R*CPFYFTNPCYLC~AMT*B6*97.11~LQ*HE*N381~CLP*000100032879*1*178.3*63.81*2*MC*2020105042290~NM1*QC*1*GALLEGOS*MARIA****MR*Y417816~NM1*82*1*GRONEMEYER*LEANNE*R***XX*1659521045~REF*EA*9157BF0A10B84B7292D84D6C88F7ADF3~DTM*232*20200407~DTM*233*20200407~SVC*HC:99213*178.3*63.81**1~DTM*472*20200407~CAS*PR*3*2~CAS*CO*45*112.49~REF*6R*CPF6HIAFG18F~AMT*B6*65.81~LQ*HE*N381~LQ*HE*N381~CLP*000100032642*1*178.3*65.81**MC*2020105042327~NM1*QC*1*GALYON*MICHAEL*K***MR*P707696~NM1*82*1*GRONEMEYER*LEANNE*R***XX*1659521045~REF*EA*7FFD8A459A2345609522D44B8FFB49AA~DTM*232*20200402~DTM*233*20200402~SVC*HC:99213*178.3*65.81**1~DTM*472*20200402~CAS*CO*45*112.49~REF*6R*CPFYJ7QEORMK~AMT*B6*65.81~LQ*HE*N381~CLP*000100031936*1*2003*1277.13**MC*2020105042302~NM1*QC*1*GOIN*JOSHUA****MR*G127292~NM1*82*1*HOOSHMAND-PARSI*KAYHOSROW****XX*1447291851~REF*EA*DBF1B54BEAD044DD8EB303F98A266379~DTM*232*20200323~DTM*233*20200323~SVC*HC:99213:25*90*65.81**1~DTM*472*20200323~CAS*CO*45*24.19~REF*6R*CPFYJHGDNA7Z~AMT*B6*65.81~LQ*HE*N77~LQ*HE*N381~SVC*HC:96372*32*0**0**1~DTM*472*20200323~CAS*CO*109*32~REF*6R*CPFYR4LPSCSD~LQ*HE*N77~LQ*HE*N381~SVC*HC:J2315*1805*1189.4**380~DTM*472*20200323~CAS*CO*45*615.6~REF*6R*CPFYVZDXZCSC~AMT*B6*1189.4~LQ*HE*N77~LQ*HE*N381~SVC*HC:H0049*36*10.92**1~DTM*472*20200323~CAS*CO*45*25.08~REF*6R*CPFY51J1EE0A~AMT*B6*10.92~LQ*HE*N77~LQ*HE*N381~SVC*HC:G8510*40*11**1~DTM*472*20200323~CAS*CO*45*29~REF*6R*CPFYRI1E5MT6~AMT*B6*11~LQ*HE*N77~LQ*HE*N381~CLP*000100032550*1*178.3*65.81**MC*2020105042342~NM1*QC*1*GOW*LAYLA*A***MR*O314223~NM1*82*1*GRONEMEYER*LEANNE*R***XX*1659521045~REF*EA*3939B28344734C00A8B47CDFE156B5A0~DTM*232*20200401~DTM*233*20200401~SVC*HC:99213*178.3*65.81**1~DTM*472*20200401~CAS*CO*45*112.49~REF*6R*CPFYVIG4NJOC~AMT*B6*65.81~LQ*HE*N381~CLP*000100032217*1*178.3*65.81**MC*2020105042255~NM1*QC*1*GUERRA-DELACRUZ MARTINEZ*HERLINDA*M***MR*R965343~NM1*74*1*GUERRADELACRUZ~NM1*82*1*HOOSHMAND-PARSI*KAYHOSROW****XX*1447291851~REF*EA*274004C158194E8C84BADC84557317C7~DTM*232*20200325~DTM*233*20200325~SVC*HC:99213*178.3*65.81**1~DTM*472*20200325~CAS*CO*45*112.49~REF*6R*CPF69WXUMVAY~AMT*B6*65.81~LQ*HE*N381~CLP*000100032909*1*272.99*97.11**MC*2020105042257~NM1*QC*1*GUERRA-DELACRUZ MARTINEZ*HERLINDA*M***MR*R965343~NM1*74*1*GUERRADELACRUZ~NM1*82*1*HOOSHMAND-PARSI*KAYHOSROW****XX*1447291851~REF*EA*189222F101044011898E606FD3F2E4E6~DTM*232*20200407~DTM*233*20200407~SVC*HC:99214*272.99*97.11**1~DTM*472*20200407~CAS*CO*45*175.88~REF*6R*CPF6OY4NXQ4L~AMT*B6*97.11~LQ*HE*N381~CLP*000100032665*1*178.3*65.81**MC*2020105042231~NM1*QC*1*HARRIS*ANGELA****MR*J327161~NM1*82*1*CADDALI*ESTRELLA*A***XX*1164974580~REF*EA*5D11016B804A4D2EB104749112D65248~DTM*232*20200402~DTM*233*20200402~SVC*HC:99213*178.3*65.81**1~DTM*472*20200402~CAS*CO*45*112.49~REF*6R*CPFY14W3F40B~AMT*B6*65.81~LQ*HE*N381~CLP*000100032288*1*178.3*63.81*2*MC*2020105042247~NM1*QC*1*HARRIS*TRACEY*L***MR*O471852~NM1*82*1*CADDALI*ESTRELLA*A***XX*1164974580~REF*EA*EBF649A2683D4E7A9FB371FFC4E1B8D9~DTM*232*20200327~DTM*233*20200327~SVC*HC:99213*178.3*63.81**1~DTM*472*20200327~CAS*PR*3*2~CAS*CO*45*112.49~REF*6R*CPF63FGC1IYO~AMT*B6*65.81~LQ*HE*N381~LQ*HE*N381~CLP*000100031962*1*178.3*65.81**MC*2020105042228~NM1*QC*1*HEREDIA*NEISHA****MR*M350525~NM1*82*1*HOOSHMAND-PARSI*KAYHOSROW****XX*1447291851~REF*EA*9731970CC73C4705910DFAED7465FE5D~DTM*232*20200323~DTM*233*20200323~SVC*HC:99213*178.3*65.81**1~DTM*472*20200323~CAS*CO*45*112.49~REF*6R*CPFYW4Z2K2LG~AMT*B6*65.81~LQ*HE*N381~CLP*000100032982*1*178.3*65.81**MC*2020105042321~NM1*QC*1*HERNANDEZ*DEREK*G***MR*Q002007~NM1*82*1*GRONEMEYER*LEANNE*R***XX*1659521045~REF*EA*1D4195C8469A4EA98D357B26DE578812~DTM*232*20200409~DTM*233*20200409~SVC*HC:99213*178.3*65.81**1~DTM*472*20200409~CAS*CO*45*112.49~REF*6R*CPF6PAJD87B3~AMT*B6*65.81~LQ*HE*N381~CLP*000100033017*1*178.3*65.81**MC*2020105042210~NM1*QC*1*HERRERA*CLORINDA*E***MR*C652229~NM1*82*1*CADDALI*ESTRELLA*A***XX*1164974580~REF*EA*91F7D31A7B3F423285EF871C80C52833~DTM*232*20200409~DTM*233*20200409~SVC*HC:99213*178.3*65.81**1~DTM*472*20200409~CAS*CO*45*112.49~REF*6R*CPF6WT0INNDX~AMT*B6*65.81~LQ*HE*N381~CLP*000100032238*1*437.77*109.71**MC*2020105042200~NM1*QC*1*JEX*LOUISE*E***MR*B117513~NM1*82*1*LEWIS*HOLLY*G***XX*1295234128~REF*EA*98EA735E922B4D3483243E290A3E0C99~DTM*232*20200326~DTM*233*20200326~SVC*HC:90791*437.77*109.71**1~DTM*472*20200326~CAS*CO*45*328.06~REF*6R*CPF6ZR5THDG7~AMT*B6*109.71~LQ*HE*N381~CLP*000100032139*1*178.3*63.81*2*MC*2020105042312~NM1*QC*1*JEX*LOUISE*E***MR*B117513~NM1*82*1*GRONEMEYER*LEANNE*R***XX*1659521045~REF*EA*90B1CD0113484A658E6E3F350B7E3188~DTM*232*20200325~DTM*233*20200325~SVC*HC:99213*178.3*63.81**1~DTM*472*20200325~CAS*PR*3*2~CAS*CO*45*112.49~REF*6R*CPF6PA7Q49NS~AMT*B6*65.81~LQ*HE*N381~LQ*HE*N381~CLP*000100032331*1*178.3*65.81**MC*2020105042202~NM1*QC*1*JONES*PAULA****MR*M040589~NM1*82*1*SEARLES*DENISE*A***XX*1396971230~REF*EA*D2E05FCEFFE547D08B18F04F242B1A9A~DTM*232*20200327~DTM*233*20200327~SVC*HC:99213*178.3*65.81**1~DTM*472*20200327~CAS*CO*45*112.49~REF*6R*CPFYUY9BB1L4~AMT*B6*65.81~LQ*HE*N381~CLP*000100032450*1*272.99*97.11**MC*2020105042298~NM1*QC*1*LOPEZ*JENNIFER*R***MR*M621859~NM1*82*1*HOOSHMAND-PARSI*KAYHOSROW****XX*1447291851~REF*EA*7F5CD85009E64BA2B85A0C073BD99CE7~DTM*232*20200330~DTM*233*20200330~SVC*HC:99214*272.99*97.11**1~DTM*472*20200330~CAS*CO*45*175.88~REF*6R*CPF6BH0L0Z88~AMT*B6*97.11~LQ*HE*N381~CLP*000100032372*1*178.3*63.81*2*MC*2020105042338~NM1*QC*1*LUCERO*BOBBY*A***MR*D517454~NM1*82*1*HOOSHMAND-PARSI*KAYHOSROW****XX*1447291851~REF*EA*35D4024739C1473292416802A8B73D03~DTM*232*20200330~DTM*233*20200330~SVC*HC:99213*178.3*63.81**1~DTM*472*20200330~CAS*PR*3*2~CAS*CO*45*112.49~REF*6R*CPFYIKE5B8F7~AMT*B6*65.81~LQ*HE*N381~LQ*HE*N381~CLP*000100032518*1*178.3*63.81*2*MC*2020105042340~NM1*QC*1*MAGANA*CARLA*R***MR*M671813~NM1*82*1*HOOSHMAND-PARSI*KAYHOSROW****XX*1447291851~REF*EA*D886308A20244914BB678F27A3B4B7B1~DTM*232*20200331~DTM*233*20200331~SVC*HC:99213*178.3*63.81**1~DTM*472*20200331~CAS*PR*3*2~CAS*CO*45*112.49~REF*6R*CPFYUCQ87KQ0~AMT*B6*65.81~LQ*HE*N381~LQ*HE*N381~CLP*000100032584*1*178.3*63.81*2*MC*2020105042271~NM1*QC*1*MARTINEZ*DESIREE****MR*O277758~NM1*82*1*SEARLES*DENISE*A***XX*1396971230~REF*EA*053F63B94B84488C8D975A46C14206A5~DTM*232*20200401~DTM*233*20200401~SVC*HC:99213*178.3*63.81**1~DTM*472*20200401~CAS*PR*3*2~CAS*CO*45*112.49~REF*6R*CPF6I6G8YMOK~AMT*B6*65.81~LQ*HE*N381~LQ*HE*N381~CLP*000100032583*1*88.54*39.39**MC*2020105042276~NM1*QC*1*MARTINEZ*KARA*M***MR*P293930~NM1*82*1*HOOSHMAND-PARSI*KAYHOSROW****XX*1447291851~REF*EA*59B5DD3EA0A14489BFD70ECC07448CB2~DTM*232*20200401~DTM*233*20200401~SVC*HC:99212*88.54*39.39**1~DTM*472*20200401~CAS*CO*45*49.15~REF*6R*CPF6AVYP58M3~AMT*B6*39.39~LQ*HE*N381~CLP*000100032515*1*217.66*55.35**MC*2020105042198~NM1*QC*1*MATHIASEN*RICHARD*L***MR*P087968~NM1*82*1*LEWIS*HOLLY*G***XX*1295234128~REF*EA*FB4040773CC541089BB9303D524FAC18~DTM*232*20200331~DTM*233*20200331~SVC*HC:90832*217.66*55.35**1~DTM*472*20200331~CAS*CO*45*162.31~REF*6R*CPFYSXCLH315~AMT*B6*55.35~LQ*HE*N381~CLP*000100032590*1*178.3*65.81**MC*2020105042245~NM1*QC*1*MAXFIELD*KENDRA*M***MR*N150478~NM1*74*1*MAXFIED~NM1*82*1*GRONEMEYER*LEANNE*R***XX*1659521045~REF*EA*D1EF3C7AB0B84A2097E1649C5226BF90~DTM*232*20200401~DTM*233*20200401~SVC*HC:99213*178.3*65.81**1~DTM*472*20200401~CAS*CO*45*112.49~REF*6R*CPFYJPQBFAJ0~AMT*B6*65.81~LQ*HE*N381~CLP*000100032215*1*88.54*39.39**MC*2020105042265~NM1*QC*1*MEDINA*EDWARD*R***MR*O654584~NM1*82*1*HOOSHMAND-PARSI*KAYHOSROW****XX*1447291851~REF*EA*B0EE7EAADE344D2780F5EB19E2643A6B~DTM*232*20200325~DTM*233*20200325~SVC*HC:99212*88.54*39.39**1~DTM*472*20200325~CAS*CO*45*49.15~REF*6R*CPFY8196TYQA~AMT*B6*39.39~LQ*HE*N381~CLP*000100032657*1*178.3*65.81**MC*2020105042348~NM1*QC*1*MEDINA*TERRIE****MR*J956795~NM1*82*1*CADDALI*ESTRELLA*A***XX*1164974580~REF*EA*88A5AECA2D7C41FDA96D31D444EA794F~DTM*232*20200402~DTM*233*20200402~SVC*HC:99213*178.3*65.81**1~DTM*472*20200402~CAS*CO*45*112.49~REF*6R*CPF6AGBW2O5W~AMT*B6*65.81~LQ*HE*N381~CLP*000100032975*1*88.54*39.39**MC*2020105042323~NM1*QC*1*MENGES*AMY*J***MR*Q984196~NM1*82*1*HOOSHMAND-PARSI*KAYHOSROW****XX*1447291851~REF*EA*F0F909AFD32543EFBD7A303523989B7C~DTM*232*20200408~DTM*233*20200408~SVC*HC:99212*88.54*39.39**1~DTM*472*20200408~CAS*CO*45*49.15~REF*6R*CPF60607URHJ~AMT*B6*39.39~LQ*HE*N381~CLP*000100032891*1*178.3*65.81**MC*2020105042324~NM1*QC*1*MENGES*AMY*J***MR*Q984196~NM1*82*1*HOOSHMAND-PARSI*KAYHOSROW****XX*1447291851~REF*EA*3CC0B8253CFE4545BA532CDD8AAA91B6~DTM*232*20200407~DTM*233*20200407~SVC*HC:99213*178.3*65.81**1~DTM*472*20200407~CAS*CO*45*112.49~REF*6R*CPFYMSKHUPBJ~AMT*B6*65.81~LQ*HE*N381~CLP*000100032353*1*88.54*39.39**MC*2020105042220~NM1*QC*1*MILLION*VICKI*L***MR*I504747~NM1*82*1*HOOSHMAND-PARSI*KAYHOSROW****XX*1447291851~REF*EA*718664385B634779BB8B16033F67E9F8~DTM*232*20200330~DTM*233*20200330~SVC*HC:99212*88.54*39.39**1~DTM*472*20200330~CAS*CO*45*49.15~REF*6R*CPFYBBV2ZRWE~AMT*B6*39.39~LQ*HE*N381~CLP*000100032713*1*178.3*65.81**MC*2020105042310~NM1*QC*1*MITCHELL*DEBORAH****MR*W309719~NM1*82*1*CADDALI*ESTRELLA*A***XX*1164974580~REF*EA*3194A380D71D460581D7BD0A0125BFE4~DTM*232*20200403~DTM*233*20200403~SVC*HC:99213*178.3*65.81**1~DTM*472*20200403~CAS*CO*45*112.49~REF*6R*CPF6PG2TESMC~AMT*B6*65.81~LQ*HE*N381~CLP*000100032957*1*178.3*65.81**MC*2020105042218~NM1*QC*1*NEWCOMBE*NOLAN*J***MR*G938738~NM1*82*1*CADDALI*ESTRELLA*A***XX*1164974580~REF*EA*9B970616F1BE431BA9A9F1E88AA74E61~DTM*232*20200408~DTM*233*20200408~SVC*HC:99213*178.3*65.81**1~DTM*472*20200408~CAS*CO*45*112.49~REF*6R*CPF6AK2S437X~AMT*B6*65.81~LQ*HE*N381~CLP*000100032531*1*178.3*65.81**MC*2020105042216~NM1*QC*1*PEDDIE*JAMES****MR*Y083206~NM1*82*1*HOOSHMAND-PARSI*KAYHOSROW****XX*1447291851~REF*EA*17950B4272734923B0CBA11C3852F77A~DTM*232*20200331~DTM*233*20200331~SVC*HC:99213*178.3*65.81**1~DTM*472*20200331~CAS*CO*45*112.49~REF*6R*CPF6OSPGRLV0~AMT*B6*65.81~LQ*HE*N381~CLP*000100031734*1*217.66*55.35**MC*2020105042224~NM1*QC*1*PEOPLES*CASEY*L***MR*R270900~NM1*82*1*LEWIS*HOLLY*G***XX*1295234128~REF*EA*D4F49F5BB1C24A3387F58D9E61F06480~DTM*232*20200318~DTM*233*20200318~SVC*HC:90832*217.66*55.35**1~DTM*472*20200318~CAS*CO*45*162.31~REF*6R*CPFYXUH2DMEX~AMT*B6*55.35~LQ*HE*N381~CLP*000100032465*1*178.3*63.81*2*MC*2020105042225~NM1*QC*1*PEOPLES*CASEY*L***MR*R270900~NM1*82*1*GRONEMEYER*LEANNE*R***XX*1659521045~REF*EA*C9A3EF4ACD8C4301807F92F97295DCFD~DTM*232*20200331~DTM*233*20200331~SVC*HC:99213*178.3*63.81**1~DTM*472*20200331~CAS*PR*3*2~CAS*CO*45*112.49~REF*6R*CPF6PA4CGSMY~AMT*B6*65.81~LQ*HE*N381~LQ*HE*N381~CLP*000100032649*1*178.3*65.81**MC*2020105042261~NM1*QC*1*QUINTANA*DANIELLE*A***MR*N559116~NM1*82*1*SEARLES*DENISE*A***XX*1396971230~REF*EA*84223F8B917347DE81027A45CD7625F5~DTM*232*20200402~DTM*233*20200402~SVC*HC:99213*178.3*65.81**1~DTM*472*20200402~CAS*CO*45*112.49~REF*6R*CPFYI0YG010R~AMT*B6*65.81~LQ*HE*N381~CLP*000100032380*1*178.3*65.81**MC*2020105042249~NM1*QC*1*QUINTANA*JUSTIN*L***MR*Y962445~NM1*82*1*GRONEMEYER*LEANNE*R***XX*1659521045~REF*EA*8ADAA823A6C8465A81DE427B147F17F3~DTM*232*20200330~DTM*233*20200330~SVC*HC:99213*178.3*65.81**1~DTM*472*20200330~CAS*CO*45*112.49~REF*6R*CPF6HCWP6TQP~AMT*B6*65.81~LQ*HE*N381~CLP*000100032506*1*178.3*65.81**MC*2020105042352~NM1*QC*1*QUINTANA*KELLI*M***MR*P696536~NM1*82*1*CADDALI*ESTRELLA*A***XX*1164974580~REF*EA*E554D74A400B4F8AA545750C576694C8~DTM*232*20200331~DTM*233*20200331~SVC*HC:99213*178.3*65.81**1~DTM*472*20200331~CAS*CO*45*112.49~REF*6R*CPFY93W1L04R~AMT*B6*65.81~LQ*HE*N381~CLP*000100032725*1*178.3*65.81**MC*2020105042330~NM1*QC*1*QUINTANA*PRAXEDES*J***MR*K356151~NM1*74*1*QUNITANA~NM1*82*1*SEARLES*DENISE*A***XX*1396971230~REF*EA*EA521DCD5F7D4587B6B07C7FAFDABF85~DTM*232*20200403~DTM*233*20200403~SVC*HC:99213*178.3*65.81**1~DTM*472*20200403~CAS*CO*45*112.49~REF*6R*CPFY2BXFXB0U~AMT*B6*65.81~LQ*HE*N381~CLP*000100032877*1*272.99*97.11**MC*2020105042267~NM1*QC*1*RAMIREZ*JAVIER****MR*F684344~NM1*82*1*HOOSHMAND-PARSI*KAYHOSROW****XX*1447291851~REF*EA*0F3761785D4043BA91BF0E533A4D615D~DTM*232*20200407~DTM*233*20200407~SVC*HC:99214*272.99*97.11**1~DTM*472*20200407~CAS*CO*45*175.88~REF*6R*CPF6BLP6HHEH~AMT*B6*97.11~LQ*HE*N381~CLP*000100032054*1*178.3*65.81**MC*2020105042269~NM1*QC*1*RAMIREZ*JAVIER****MR*F684344~NM1*82*1*HOOSHMAND-PARSI*KAYHOSROW****XX*1447291851~REF*EA*C3F2206694924EBCA6817797BB003E0B~DTM*232*20200324~DTM*233*20200324~SVC*HC:99213*178.3*65.81**1~DTM*472*20200324~CAS*CO*45*112.49~REF*6R*CPFYRJPSB11D~AMT*B6*65.81~LQ*HE*N381~CLP*000100032062*1*178.3*65.81**MC*2020105042334~NM1*QC*1*RATHBUN*AARON*W***MR*P304001~NM1*82*1*HOOSHMAND-PARSI*KAYHOSROW****XX*1447291851~REF*EA*82CDBE9783524F27B8BC9D78D4D72DAB~DTM*232*20200324~DTM*233*20200324~SVC*HC:99213*178.3*65.81**1~DTM*472*20200324~CAS*CO*45*112.49~REF*6R*CPFYJIO47GRT~AMT*B6*65.81~LQ*HE*N381~CLP*000100033025*4*178.3*0**MC*2020105042244~NM1*QC*1*ADAMS*CHRISTOPHER****MR*Y546450~NM1*82*1*SEARLES*DENISE*A***XX*1396971230~REF*EA*AE92909537654EDF94894181F2510590~DTM*232*20200409~DTM*233*20200409~SVC*HC:99213*178.3*0**0**1~DTM*472*20200409~CAS*PI*16*178.3~REF*6R*CPFYSBI4F42R~LQ*HE*N381~CLP*000100032591*4*342.84*0**MC*2020105042280~NM1*QC*1*ALDAZ*BRANDON*D***MR*Q959560~NM1*82*1*HOOSHMAND-PARSI*KAYHOSROW****XX*1447291851~REF*EA*CDD6276DC53C4F109196E172E6F5C68E~DTM*232*20200401~DTM*233*20200401~SVC*HC:99203:25*266.84*0**0**1~DTM*472*20200401~CAS*PI*16*266.84~REF*6R*CPF60KG42J1N~LQ*HE*N56~LQ*HE*N381~SVC*HC:H0049*36*0**0**1~DTM*472*20200401~CAS*PI*16*36~REF*6R*CPF687A83H8Y~LQ*HE*N56~LQ*HE*N381~SVC*HC:G8510*40*0**0**1~DTM*472*20200401~CAS*PI*119*40~REF*6R*CPF6Q5I1WENU~LQ*HE*N362~LQ*HE*N56~LQ*HE*N381~CLP*000100032591*4*8.66*0**MC*2020105042281~NM1*QC*1*ALDAZ*BRANDON*D***MR*Q959560~NM1*82*1*HOOSHMAND-PARSI*KAYHOSROW****XX*1447291851~REF*EA*1253857F22334784980E1E675D9E1DD1~DTM*232*20200401~DTM*233*20200401~SVC*HC:86580*8.66*0**0**1~DTM*472*20200401~CAS*PI*16*8.66~REF*6R*CPFYRPDXDFY0~LQ*HE*N56~LQ*HE*N381~CLP*000100032555*4*88.54*0**MC*2020105042318~NM1*QC*1*ALGIEN*BRANDON*M***MR*L230884~NM1*82*1*HOOSHMAND-PARSI*KAYHOSROW****XX*1447291851~REF*EA*23885CFD6A0E4CAB9073BE12B7AEED6C~DTM*232*20200401~DTM*233*20200401~SVC*HC:99212*88.54*0**0**1~DTM*472*20200401~CAS*PI*16*88.54~REF*6R*CPF6PQW3H38J~LQ*HE*N56~LQ*HE*N381~CLP*000100032549*4*178.3*0**MC*2020105042205~NM1*QC*1*ANDERSON*JACQULINE*M***MR*G934658~NM1*82*1*SEARLES*DENISE*A***XX*1396971230~REF*EA*27D45C92B8B44ADEBCFE73EE2D0D76F5~DTM*232*20200401~DTM*233*20200401~SVC*HC:99213*178.3*0**0**1~DTM*472*20200401~CAS*PI*16*178.3~REF*6R*CPFYBLSHBZC3~LQ*HE*N56~LQ*HE*N381~CLP*000100032249*4*272.99*0**MC*2020105042284~NM1*QC*1*ARPAN*JERIQAH****MR*G223525~NM1*82*1*GRONEMEYER*LEANNE*R***XX*1659521045~REF*EA*FE4B53E25B874355A0AC7829D0C86439~DTM*232*20200326~DTM*233*20200326~SVC*HC:99214:25:FP*272.99*0**0**1~DTM*472*20200326~CAS*PI*16*272.99~REF*6R*CPF6Q9PEIXHL~LQ*HE*N381~CLP*000100032654*4*272.99*0**MC*2020105042209~NM1*QC*1*ASKINS*NORRIS****MR*P134911~NM1*82*1*GRONEMEYER*LEANNE*R***XX*1659521045~REF*EA*B48C568C824244C58915F640C7E2CF4E~DTM*232*20200402~DTM*233*20200402~SVC*HC:99214*272.99*0**0**1~DTM*472*20200402~CAS*PI*16*272.99~REF*6R*CPF68EYKBQ0X~LQ*HE*N381~CLP*000100032871*4*178.3*0**MC*2020105042307~NM1*QC*1*AVILA*SHANNA****MR*K598901~NM1*82*1*GRONEMEYER*LEANNE*R***XX*1659521045~REF*EA*26E5B67F63074A2C86A7D1F0F80E3EFB~DTM*232*20200407~DTM*233*20200407~SVC*HC:99213*178.3*0**0**1~DTM*472*20200407~CAS*PI*16*178.3~REF*6R*CPF6JOYI76S5~LQ*HE*N381~CLP*000100032492*4*178.3*0**MC*2020105042308~NM1*QC*1*AVILA*SHANNA****MR*K598901~NM1*82*1*GRONEMEYER*LEANNE*R***XX*1659521045~REF*EA*07B8758A20664AD3B4C5DCE2D928CFE6~DTM*232*20200331~DTM*233*20200331~SVC*HC:99213*178.3*0**0**1~DTM*472*20200331~CAS*PI*16*178.3~REF*6R*CPFY5A5V01X8~LQ*HE*N381~CLP*000100031790*4*90*0**MC*2020105042309~NM1*QC*1*AVILA*SHANNA****MR*K598901~NM1*82*1*GRONEMEYER*LEANNE*R***XX*1659521045~REF*EA*4F0162CECFEF43AB98DCE65CACBBA811~DTM*232*20200319~DTM*233*20200319~SVC*HC:99213*90*0**0**1~DTM*472*20200319~CAS*PI*16*90~REF*6R*CPFYBBC91HLA~LQ*HE*N77~LQ*HE*N381~CLP*000100032517*4*178.3*0**MC*2020105042355~NM1*QC*1*BACA*RUBEN*A***MR*Y047437~NM1*82*1*SEARLES*DENISE*A***XX*1396971230~REF*EA*CF72D524DBEB4C5E8B30164EA12D79DF~DTM*232*20200331~DTM*233*20200331~SVC*HC:99213*178.3*0**0**1~DTM*472*20200331~CAS*PI*16*178.3~REF*6R*CPF624MHSPSJ~LQ*HE*N56~LQ*HE*N381~CLP*000100032517*4*178.3*0**MC*2020105042356~NM1*QC*1*BACA*RUBEN*A***MR*Y047437~NM1*82*1*SEARLES*DENISE*A***XX*1396971230~REF*EA*E37BFCE8600D458EA45CB6A3DF543A47~DTM*232*20200331~DTM*233*20200331~SVC*HC:99213*178.3*0**0**1~DTM*472*20200331~CAS*PI*16*178.3~REF*6R*CPF6MOO29HSH~LQ*HE*N56~LQ*HE*N381~CLP*000100033007*4*272.99*0**MC*2020105042260~NM1*QC*1*BARELA*JOSEPH****MR*D521993~NM1*82*1*CADDALI*ESTRELLA*A***XX*1164974580~REF*EA*4B8B3C81954D45DF8CC3E5A42EF8FC9F~DTM*232*20200409~DTM*233*20200409~SVC*HC:99214*272.99*0**0**1~DTM*472*20200409~CAS*PI*16*272.99~REF*6R*CPF6DLWDXE7P~LQ*HE*N381~CLP*000100032740*4*178.3*0**MC*2020105042337~NM1*QC*1*BENAVIDEZ*KHRISTEN*D***MR*Y418586~NM1*82*1*GRONEMEYER*LEANNE*R***XX*1659521045~REF*EA*B70470FBE02C4014B65FC5D03AD2D5C6~DTM*232*20200406~DTM*233*20200406~SVC*HC:99213*178.3*0**0**1~DTM*472*20200406~CAS*PI*16*178.3~REF*6R*CPFYNRAGWPC9~LQ*HE*N381~CLP*000100032018*4*233.99*0**MC*2020105042241~NM1*QC*1*BOULIER*JEWEL*R***MR*W913486~NM1*82*1*CADDALI*ESTRELLA*A***XX*1164974580~REF*EA*7FEB3C11D1C640F894A351360EDB7D29~DTM*232*20200324~DTM*233*20200324~SVC*HC:96372:FP*83.99*0**0**1~DTM*472*20200324~CAS*PI*5*83.99~REF*6R*CPFY9IYFAS9O~LQ*HE*N95~LQ*HE*N95~LQ*HE*M77~LQ*HE*M77~LQ*HE*N519~LQ*HE*N519~SVC*HC:J1050:FP*135*0**0**150~DTM*472*20200324~CAS*PI*5*135~REF*6R*CPFYSMZ4OYVF~LQ*HE*M77~LQ*HE*M77~SVC*HC:81025:FP*15*0**0**1~DTM*472*20200324~CAS*PI*5*15~REF*6R*CPFY4C06FGAD~LQ*HE*M77~LQ*HE*M77~CLP*000100032856*4*178.3*0**MC*2020105042213~NM1*QC*1*BRODEUR*MICHAEL****MR*O634397~NM1*82*1*ROBERTS*BRAD*A***XX*1538435698~REF*EA*1E70252F734E4B6C874E07221454FC92~DTM*232*20200407~DTM*233*20200407~SVC*HC:99213*178.3*0**0**1~DTM*472*20200407~CAS*PI*16*178.3~REF*6R*CPF6OATUCWVD~LQ*HE*N381~CLP*000100032852*4*178.3*0**MC*2020105042230~NM1*QC*1*BUSTILLOS*DESIREE****MR*Y193127~NM1*82*1*ROBERTS*BRAD*A***XX*1538435698~REF*EA*7FDBEFF1DBB04436A9122D40927E7EA6~DTM*232*20200407~DTM*233*20200407~SVC*HC:99213*178.3*0**0**1~DTM*472*20200407~CAS*PI*16*178.3~REF*6R*CPFYD41I7BPL~LQ*HE*N381~CLP*000100031942*4*1809*0**MC*2020105042295~NM1*QC*1*CANDELARIA*JIMMY*L***MR*K552023~NM1*82*1*HOOSHMAND-PARSI*KAYHOSROW****XX*1447291851~REF*EA*20AA4B7A132441BCB4CC75FA1C574E24~DTM*232*20200323~DTM*233*20200323~SVC*HC:J2315*1805*0**0**380~DTM*472*20200323~CAS*PI*16*1805~REF*6R*CPFYE3REIC5X~LQ*HE*N77~LQ*HE*N56~LQ*HE*N381~SVC*HC:81002*4*0**0**1~DTM*472*20200323~CAS*PI*5*4~REF*6R*CPFYUFCV0YNM~LQ*HE*N77~LQ*HE*M77~LQ*HE*M77~CLP*000100031942*4*254.3*0**MC*2020105042297~NM1*QC*1*CANDELARIA*JIMMY*L***MR*K552023~NM1*82*1*HOOSHMAND-PARSI*KAYHOSROW****XX*1447291851~REF*EA*5A274890DDEF401C82D76502EB69C432~DTM*232*20200323~DTM*233*20200323~SVC*HC:99213:25*178.3*0**0**1~DTM*472*20200323~CAS*PI*16*178.3~REF*6R*CPF6IL087I5S~LQ*HE*N56~LQ*HE*N381~SVC*HC:H0049*36*0**0**1~DTM*472*20200323~CAS*PI*16*36~REF*6R*CPF6V6LDDDDO~LQ*HE*N56~LQ*HE*N381~SVC*HC:G8510*40*0**0**1~DTM*472*20200323~CAS*PI*119*40~REF*6R*CPF66G4RYL2H~LQ*HE*N362~LQ*HE*N56~LQ*HE*N381~CLP*000100030647*4*90*0**MC*2020105042301~NM1*QC*1*CARBAJAL*MELISSA****MR*A287390~NM1*82*1*GRONEMEYER*LEANNE*R***XX*1659521045~REF*EA*6D99D69B2BDD44C9B83935621C2F92F1~DTM*232*20200227~DTM*233*20200227~SVC*HC:99213*90*0**0**1~DTM*472*20200227~CAS*PI*16*90~REF*6R*CPF6XXA1ZNGT~LQ*HE*N77~LQ*HE*N56~LQ*HE*N381~CLP*000100032839*4*178.3*0**MC*2020105042315~NM1*QC*1*CASAUS*TRACY*A***MR*K186814~NM1*82*1*ROBERTS*BRAD*A***XX*1538435698~REF*EA*4BCDE36B0C7D47838014ADA7B899A0E0~DTM*232*20200407~DTM*233*20200407~SVC*HC:99213*178.3*0**0**1~DTM*472*20200407~CAS*PI*16*178.3~REF*6R*CPF6AKFUHNHX~LQ*HE*N381~CLP*000100032839*4*178.3*0**MC*2020105042316~NM1*QC*1*CASAUS*TRACY*A***MR*K186814~NM1*82*1*ROBERTS*BRAD*A***XX*1538435698~REF*EA*8305DA4E9209434A880DD50F6AA06C06~DTM*232*20200407~DTM*233*20200407~SVC*HC:99213*178.3*0**0**1~DTM*472*20200407~CAS*PI*16*178.3~REF*6R*CPF6F2RQJDRO~LQ*HE*N381~CLP*000100032918*4*178.3*0**MC*2020105042320~NM1*QC*1*COFFEE*TALITHA*F***MR*M798889~NM1*82*1*SEARLES*DENISE*A***XX*1396971230~REF*EA*DF3F3ED9547847C9BBAFFD0BA2B19F47~DTM*232*20200407~DTM*233*20200407~SVC*HC:99213*178.3*0**0**1~DTM*472*20200407~CAS*PI*16*178.3~REF*6R*CPF6SL31367I~LQ*HE*N56~LQ*HE*N381~CLP*000100032245*4*178.3*0**MC*2020105042288~NM1*QC*1*COLE*RICHARD****MR*O326835~NM1*82*1*CADDALI*ESTRELLA*A***XX*1164974580~REF*EA*7C1C98AF7AE54DFEAE53C94CBDAEC1BD~DTM*232*20200326~DTM*233*20200326~SVC*HC:99213*178.3*0**0**1~DTM*472*20200326~CAS*PI*16*178.3~REF*6R*CPFY66NNRTE3~LQ*HE*N56~LQ*HE*N381~CLP*000100032568*4*178.3*0**MC*2020105042289~NM1*QC*1*COLE*RICHARD****MR*O326835~NM1*82*1*CADDALI*ESTRELLA*A***XX*1164974580~REF*EA*8587E8313445410F9704A55C7243D8D9~DTM*232*20200401~DTM*233*20200401~SVC*HC:99213*178.3*0**0**1~DTM*472*20200401~CAS*PI*16*178.3~REF*6R*CPF6GKY2PDXW~LQ*HE*N56~LQ*HE*N381~CLP*000100032354*4*178.3*0**MC*2020105042252~NM1*QC*1*CORDOVA*GINA****MR*Q922006~NM1*82*1*GRONEMEYER*LEANNE*R***XX*1659521045~REF*EA*9A78A4C96D034B158B6AD79AA34B2A88~DTM*232*20200330~DTM*233*20200330~SVC*HC:99213*178.3*0**0**1~DTM*472*20200330~CAS*PI*16*178.3~REF*6R*CPF6421O6C07~LQ*HE*N381~CLP*000100032398*4*178.3*0**MC*2020105042223~NM1*QC*1*CORDOVA*JAMES****MR*A394790~NM1*82*1*GRONEMEYER*LEANNE*R***XX*1659521045~REF*EA*DE377D17E8954F9B9DC49DC5E3902B5C~DTM*232*20200330~DTM*233*20200330~SVC*HC:99213*178.3*0**0**1~DTM*472*20200330~CAS*PI*16*178.3~REF*6R*CPFY8M0BR4I1~LQ*HE*N56~LQ*HE*N381~CLP*000100032910*4*178.3*0**MC*2020105042239~NM1*QC*1*CRESPIN*GILBERT****MR*M707740~NM1*82*1*SEARLES*DENISE*A***XX*1396971230~REF*EA*8D190C221B6E40198E951D6B7ABE04F6~DTM*232*20200407~DTM*233*20200407~SVC*HC:99213*178.3*0**0**1~DTM*472*20200407~CAS*PI*16*178.3~REF*6R*CPF6I949RGOZ~LQ*HE*N56~LQ*HE*N381~CLP*000100032541*4*178.3*0**MC*2020105042240~NM1*QC*1*CRESPIN*GILBERT****MR*M707740~NM1*82*1*SEARLES*DENISE*A***XX*1396971230~REF*EA*E22BE933397340A5AC8A30410A4B781C~DTM*232*20200401~DTM*233*20200401~SVC*HC:99213*178.3*0**0**1~DTM*472*20200401~CAS*PI*16*178.3~REF*6R*CPF62FCB3S4B~LQ*HE*N56~LQ*HE*N381~CLP*000100032712*4*178.3*0**MC*2020105042264~NM1*QC*1*CUMMINGS*TASHA****MR*R438911~NM1*82*1*SEARLES*DENISE*A***XX*1396971230~REF*EA*F84E77640F574E71820CB82D1BE6B024~DTM*232*20200403~DTM*233*20200403~SVC*HC:99213*178.3*0**0**1~DTM*472*20200403~CAS*PI*16*178.3~REF*6R*CPF6O4W5V4LB~LQ*HE*N56~LQ*HE*N381~CLP*000100032622*4*178.3*0**MC*2020105042333~NM1*QC*1*DAY*TROI*L***MR*P719426~NM1*82*1*GRONEMEYER*LEANNE*R***XX*1659521045~REF*EA*C231EC5397734BB5A2C09C05EB25E3D8~DTM*232*20200402~DTM*233*20200402~SVC*HC:99213*178.3*0**0**1~DTM*472*20200402~CAS*PI*16*178.3~REF*6R*CPF6B9BGFEFW~LQ*HE*N56~LQ*HE*N381~CLP*000100033028*4*272.99*0**MC*2020105042254~NM1*QC*1*DELACRUZ*DAVID*D***MR*Q466657~NM1*82*1*HOOSHMAND-PARSI*KAYHOSROW****XX*1447291851~REF*EA*47E2EE922A7549DBB438BDC0104CD2E4~DTM*232*20200409~DTM*233*20200409~SVC*HC:99214*272.99*0**0**1~DTM*472*20200409~CAS*PI*16*272.99~REF*6R*CPFYAN3SJD3I~LQ*HE*N56~LQ*HE*N381~CLP*000100033068*4*178.3*0**MC*2020105042351~NM1*QC*1*DIAZ*DOMINIC*M***MR*U857412~NM1*82*1*CADDALI*ESTRELLA*A***XX*1164974580~REF*EA*534F931C1FD146A29F11A0492B7C50C1~DTM*232*20200410~DTM*233*20200410~SVC*HC:99213*178.3*0**0**1~DTM*472*20200410~CAS*PI*16*178.3~REF*6R*CPF6UQDM2RIV~LQ*HE*N56~LQ*HE*N381~CLP*000100030649*4*90*0**MC*2020105042347~NM1*QC*1*FAINE*JOSHUA*D***MR*P867816~NM1*82*1*GRONEMEYER*LEANNE*R***XX*1659521045~REF*EA*22B8D900960E4FF089696876A6F4CFB3~DTM*232*20200227~DTM*233*20200227~SVC*HC:99213*90*0**0**1~DTM*472*20200227~CAS*PI*16*90~REF*6R*CPFYIC2MY1B3~LQ*HE*N77~LQ*HE*N56~LQ*HE*N381~CLP*000100032661*4*178.3*0**MC*2020105042234~NM1*QC*1*FLORES*AMBER****MR*S559509~NM1*82*1*SEARLES*DENISE*A***XX*1396971230~REF*EA*56B3BA6148AC4F01B9D5785346E64B05~DTM*232*20200402~DTM*233*20200402~SVC*HC:99213*178.3*0**0**1~DTM*472*20200402~CAS*PI*16*178.3~REF*6R*CPFYM7EN5ME0~LQ*HE*N381~CLP*000100032662*4*178.3*0**MC*2020105042207~NM1*QC*1*FLORES*KEITH*L***MR*W751068~NM1*82*1*SEARLES*DENISE*A***XX*1396971230~REF*EA*E8FFBFDB6A9D4E608E231A4411E16392~DTM*232*20200402~DTM*233*20200402~SVC*HC:99213*178.3*0**0**1~DTM*472*20200402~CAS*PI*16*178.3~REF*6R*CPF6KUTPA6X0~LQ*HE*N56~LQ*HE*N381~CLP*000100032418*4*83.99*0**MC*2020105042344~NM1*QC*1*FLUETT*SARAH****MR*O578292~NM1*82*1*HOOSHMAND-PARSI*KAYHOSROW****XX*1447291851~REF*EA*421E01304FAF4AB3AB7C25244275EE9B~DTM*232*20200330~DTM*233*20200330~SVC*HC:96372*83.99*0**0**1~DTM*472*20200330~CAS*CO*109*83.99~REF*6R*CPF6E2MZSYFY~LQ*HE*N381~CLP*000100032418*4*83.99*0**MC*2020105042345~NM1*QC*1*FLUETT*SARAH****MR*O578292~NM1*82*1*HOOSHMAND-PARSI*KAYHOSROW****XX*1447291851~REF*EA*5B3679585CF54156A6C2147399FF7A16~DTM*232*20200330~DTM*233*20200330~SVC*HC:96372*83.99*0**0**1~DTM*472*20200330~CAS*CO*109*83.99~REF*6R*CPFYA11M3DOD~LQ*HE*N381~CLP*000100032352*4*178.3*0**MC*2020105042215~NM1*QC*1*FOX*KERRY****MR*Y600007~NM1*82*1*GRONEMEYER*LEANNE*R***XX*1659521045~REF*EA*7194825434C64B8FB41A44AA99E6C88A~DTM*232*20200330~DTM*233*20200330~SVC*HC:99213*178.3*0**0**1~DTM*472*20200330~CAS*PI*16*178.3~REF*6R*CPF6KA62CUO3~LQ*HE*N56~LQ*HE*N381~CLP*000100032345*4*272.99*0**MC*2020105042293~NM1*QC*1*GALLEGOS*BRENDA****MR*K349271~NM1*82*1*HOOSHMAND-PARSI*KAYHOSROW****XX*1447291851~REF*EA*E18E641A2B534D1D84CAE0F92D93A47F~DTM*232*20200327~DTM*233*20200327~SVC*HC:99214*272.99*0**0**1~DTM*472*20200327~CAS*PI*16*272.99~REF*6R*CPF6Z6XFZ3I6~LQ*HE*N381~CLP*000100032879*4*178.3*0**MC*2020105042291~NM1*QC*1*GALLEGOS*MARIA****MR*Y417816~NM1*82*1*GRONEMEYER*LEANNE*R***XX*1659521045~REF*EA*E4CA650BE94D429CBFE990920E60F166~DTM*232*20200407~DTM*233*20200407~SVC*HC:99213*178.3*0**0**1~DTM*472*20200407~CAS*PI*16*178.3~REF*6R*CPFY4620LEPG~LQ*HE*N56~LQ*HE*N381~CLP*000100032642*4*178.3*0**MC*2020105042329~NM1*QC*1*GALYON*MICHAEL*K***MR*P707696~NM1*82*1*GRONEMEYER*LEANNE*R***XX*1659521045~REF*EA*96EDFB7A35094E67964BA4B12F7B5A7D~DTM*232*20200402~DTM*233*20200402~SVC*HC:99213*178.3*0**0**1~DTM*472*20200402~CAS*PI*16*178.3~REF*6R*CPF6ACDDGP7C~LQ*HE*N56~LQ*HE*N381~CLP*000100031936*4*2003*0**MC*2020105042303~NM1*QC*1*GOIN*JOSHUA****MR*G127292~NM1*82*1*HOOSHMAND-PARSI*KAYHOSROW****XX*1447291851~REF*EA*F1FFE3D49AF44B09AC9917FC5D8898EC~DTM*232*20200323~DTM*233*20200323~SVC*HC:99213:25*90*0**0**1~DTM*472*20200323~CAS*PI*16*90~REF*6R*CPF6EUHXA76C~LQ*HE*N77~LQ*HE*N381~SVC*HC:96372*32*0**0**1~DTM*472*20200323~CAS*CO*109*32~REF*6R*CPF6VEDVAOQU~LQ*HE*N77~LQ*HE*N381~SVC*HC:J2315*1805*0**0**380~DTM*472*20200323~CAS*PI*16*1805~REF*6R*CPF64Q9AZKU2~LQ*HE*N77~LQ*HE*N381~SVC*HC:H0049*36*0**0**1~DTM*472*20200323~CAS*PI*16*36~REF*6R*CPF67IYQQIJL~LQ*HE*N77~LQ*HE*N381~SVC*HC:G8510*40*0**0**1~DTM*472*20200323~CAS*PI*16*40~REF*6R*CPF61WBZ62YO~LQ*HE*N77~LQ*HE*N381~CLP*000100032550*4*178.3*0**MC*2020105042343~NM1*QC*1*GOW*LAYLA*A***MR*O314223~NM1*82*1*GRONEMEYER*LEANNE*R***XX*1659521045~REF*EA*A214FB517CE540C1A060B30970E9DCB8~DTM*232*20200401~DTM*233*20200401~SVC*HC:99213*178.3*0**0**1~DTM*472*20200401~CAS*PI*16*178.3~REF*6R*CPF6NHGV7742~LQ*HE*N381~CLP*000100032599*4*178.3*0**MC*2020105042235~NM1*QC*1*GREEN*DAVID****MR*N673974~NM1*82*1*GRONEMEYER*LEANNE*R***XX*1659521045~REF*EA*178F151164FC42938536EA6A5209509A~DTM*232*20200401~DTM*233*20200401~SVC*HC:99213*178.3*0**0**1~DTM*472*20200401~CAS*PI*16*178.3~REF*6R*CPF6W4LX2H9Z~LQ*HE*MA92~LQ*HE*MA92~LQ*HE*N56~CLP*000100032599*4*178.3*0**MC*2020105042236~NM1*QC*1*GREEN*DAVID****MR*N673974~NM1*82*1*GRONEMEYER*LEANNE*R***XX*1659521045~REF*EA*34A7CDFF1D4A40D1BF60E9B5EE0F8B5F~DTM*232*20200401~DTM*233*20200401~SVC*HC:99213*178.3*0**0**1~DTM*472*20200401~CAS*PI*16*178.3~REF*6R*CPFY64XLXTR1~LQ*HE*MA92~LQ*HE*MA92~LQ*HE*N56~CLP*000100032217*4*178.3*0**MC*2020105042256~NM1*QC*1*GUERRA-DELACRUZ MARTINEZ*HERLINDA*M***MR*R965343~NM1*74*1*GUERRADELACRUZ~NM1*82*1*HOOSHMAND-PARSI*KAYHOSROW****XX*1447291851~REF*EA*7301B741D57A4400AA24446AC5D62786~DTM*232*20200325~DTM*233*20200325~SVC*HC:99213*178.3*0**0**1~DTM*472*20200325~CAS*PI*16*178.3~REF*6R*CPFY2AQUS41B~LQ*HE*N381~CLP*000100032909*4*272.99*0**MC*2020105042258~NM1*QC*1*GUERRA-DELACRUZ MARTINEZ*HERLINDA*M***MR*R965343~NM1*74*1*GUERRADELACRUZ~NM1*82*1*HOOSHMAND-PARSI*KAYHOSROW****XX*1447291851~REF*EA*1DD6D828FBC2456CBEF55CDC663EEF32~DTM*232*20200407~DTM*233*20200407~SVC*HC:99214*272.99*0**0**1~DTM*472*20200407~CAS*PI*16*272.99~REF*6R*CPFYXZIDIHNU~LQ*HE*N381~CLP*000100032665*4*178.3*0**MC*2020105042232~NM1*QC*1*HARRIS*ANGELA****MR*J327161~NM1*82*1*CADDALI*ESTRELLA*A***XX*1164974580~REF*EA*D4073EAEF26048B6A8AEC2786B5BC8C1~DTM*232*20200402~DTM*233*20200402~SVC*HC:99213*178.3*0**0**1~DTM*472*20200402~CAS*PI*16*178.3~REF*6R*CPF6KZBUQWDR~LQ*HE*N381~CLP*000100032288*4*178.3*0**MC*2020105042248~NM1*QC*1*HARRIS*TRACEY*L***MR*O471852~NM1*82*1*CADDALI*ESTRELLA*A***XX*1164974580~REF*EA*03F4FB2998DE4E8289B21AAD971FB645~DTM*232*20200327~DTM*233*20200327~SVC*HC:99213*178.3*0**0**1~DTM*472*20200327~CAS*PI*16*178.3~REF*6R*CPFYYS0TPZ4B~LQ*HE*N56~LQ*HE*N381~CLP*000100032982*4*178.3*0**MC*2020105042322~NM1*QC*1*HERNANDEZ*DEREK*G***MR*Q002007~NM1*82*1*GRONEMEYER*LEANNE*R***XX*1659521045~REF*EA*C35A2B47BA9B4E88AE4F60E577E7ACE7~DTM*232*20200409~DTM*233*20200409~SVC*HC:99213*178.3*0**0**1~DTM*472*20200409~CAS*PI*16*178.3~REF*6R*CPFY3IYOYFBR~LQ*HE*N381~CLP*000100033017*4*178.3*0**MC*2020105042211~NM1*QC*1*HERRERA*CLORINDA*E***MR*C652229~NM1*82*1*CADDALI*ESTRELLA*A***XX*1164974580~REF*EA*C825EA66385949B7885B790F59BAAD19~DTM*232*20200409~DTM*233*20200409~SVC*HC:99213*178.3*0**0**1~DTM*472*20200409~CAS*PI*16*178.3~REF*6R*CPFYD4ORZG7I~LQ*HE*N381~CLP*000100032238*4*437.77*0**MC*2020105042201~NM1*QC*1*JEX*LOUISE*E***MR*B117513~NM1*82*1*LEWIS*HOLLY*G***XX*1295234128~REF*EA*6F2BD1E65818437094D66914EAA12993~DTM*232*20200326~DTM*233*20200326~SVC*HC:90791*437.77*0**0**1~DTM*472*20200326~CAS*PI*16*437.77~REF*6R*CPFYV1SOEOWT~LQ*HE*N381~CLP*000100032139*4*178.3*0**MC*2020105042313~NM1*QC*1*JEX*LOUISE*E***MR*B117513~NM1*82*1*GRONEMEYER*LEANNE*R***XX*1659521045~REF*EA*B5DE7EF73A32487DBF9227EF9A0CD370~DTM*232*20200325~DTM*233*20200325~SVC*HC:99213*178.3*0**0**1~DTM*472*20200325~CAS*PI*16*178.3~REF*6R*CPFY1WH2FM8L~LQ*HE*N381~CLP*000100032331*4*178.3*0**MC*2020105042203~NM1*QC*1*JONES*PAULA****MR*M040589~NM1*82*1*SEARLES*DENISE*A***XX*1396971230~REF*EA*9F86A3D4B5C04E0CB321A9F5B5C0E012~DTM*232*20200327~DTM*233*20200327~SVC*HC:99213*178.3*0**0**1~DTM*472*20200327~CAS*PI*16*178.3~REF*6R*CPF65CU25UYK~LQ*HE*N381~CLP*000100032768*4*178.3*0**MC*2020105042273~NM1*QC*1*KLEPPERICH*MICHAELA****MR*Y719389~NM1*82*1*GRONEMEYER*LEANNE*R***XX*1659521045~REF*EA*A35EBE92E65345008F15DD851019A4E4~DTM*232*20200406~DTM*233*20200406~SVC*HC:99213*178.3*0**0**1~DTM*472*20200406~CAS*PI*16*178.3~REF*6R*CPF6NM81A7C7~LQ*HE*MA92~CLP*000100032768*4*178.3*0**MC*2020105042274~NM1*QC*1*KLEPPERICH*MICHAELA****MR*Y719389~NM1*82*1*GRONEMEYER*LEANNE*R***XX*1659521045~REF*EA*6D780D4C1A394B42A8680D143918B163~DTM*232*20200406~DTM*233*20200406~SVC*HC:99213*178.3*0**0**1~DTM*472*20200406~CAS*PI*16*178.3~REF*6R*CPFY2GHABPT3~LQ*HE*MA92~CLP*000100032450*4*272.99*0**MC*2020105042299~NM1*QC*1*LOPEZ*JENNIFER*R***MR*M621859~NM1*82*1*HOOSHMAND-PARSI*KAYHOSROW****XX*1447291851~REF*EA*C6A53B4E70594326A85AD633A24B006F~DTM*232*20200330~DTM*233*20200330~SVC*HC:99214*272.99*0**0**1~DTM*472*20200330~CAS*PI*16*272.99~REF*6R*CPFYC12LKZKG~LQ*HE*N381~CLP*000100032372*4*178.3*0**MC*2020105042339~NM1*QC*1*LUCERO*BOBBY*A***MR*D517454~NM1*82*1*HOOSHMAND-PARSI*KAYHOSROW****XX*1447291851~REF*EA*8ED3A5D8C95F4C8D854955B67F74AE90~DTM*232*20200330~DTM*233*20200330~SVC*HC:99213*178.3*0**0**1~DTM*472*20200330~CAS*PI*16*178.3~REF*6R*CPF6ECHUWKRY~LQ*HE*N381~CLP*000100032518*4*178.3*0**MC*2020105042341~NM1*QC*1*MAGANA*CARLA*R***MR*M671813~NM1*82*1*HOOSHMAND-PARSI*KAYHOSROW****XX*1447291851~REF*EA*5447A89876D647AE8BFE929D9EBFC066~DTM*232*20200331~DTM*233*20200331~SVC*HC:99213*178.3*0**0**1~DTM*472*20200331~CAS*PI*16*178.3~REF*6R*CPF6EUBIIKVV~LQ*HE*N56~LQ*HE*N381~CLP*000100032584*4*178.3*0**MC*2020105042272~NM1*QC*1*MARTINEZ*DESIREE****MR*O277758~NM1*82*1*SEARLES*DENISE*A***XX*1396971230~REF*EA*447136C675E547A29351C8F918C4231F~DTM*232*20200401~DTM*233*20200401~SVC*HC:99213*178.3*0**0**1~DTM*472*20200401~CAS*PI*16*178.3~REF*6R*CPFYDUWKQNHM~LQ*HE*N56~LQ*HE*N381~CLP*000100032583*4*88.54*0**MC*2020105042277~NM1*QC*1*MARTINEZ*KARA*M***MR*P293930~NM1*82*1*HOOSHMAND-PARSI*KAYHOSROW****XX*1447291851~REF*EA*D3D5CE8B4B0842D79F62A6E53F501E46~DTM*232*20200401~DTM*233*20200401~SVC*HC:99212*88.54*0**0**1~DTM*472*20200401~CAS*PI*16*88.54~REF*6R*CPFY0HROSP5H~LQ*HE*N56~LQ*HE*N381~CLP*000100032515*4*217.66*0**MC*2020105042199~NM1*QC*1*MATHIASEN*RICHARD*L***MR*P087968~NM1*82*1*LEWIS*HOLLY*G***XX*1295234128~REF*EA*E6B3C6AF664C42C985F1083A1777DDF7~DTM*232*20200331~DTM*233*20200331~SVC*HC:90832*217.66*0**0**1~DTM*472*20200331~CAS*PI*16*217.66~REF*6R*CPF66XZGHRJC~LQ*HE*N56~LQ*HE*N381~CLP*000100032590*4*178.3*0**MC*2020105042246~NM1*QC*1*MAXFIELD*KENDRA*M***MR*N150478~NM1*74*1*MAXFIED~NM1*82*1*GRONEMEYER*LEANNE*R***XX*1659521045~REF*EA*55FCF50A0E6E4080B609EA6739AE1C4A~DTM*232*20200401~DTM*233*20200401~SVC*HC:99213*178.3*0**0**1~DTM*472*20200401~CAS*PI*16*178.3~REF*6R*CPF6K8VG9JK6~LQ*HE*N56~LQ*HE*N381~CLP*000100032215*4*88.54*0**MC*2020105042266~NM1*QC*1*MEDINA*EDWARD*R***MR*O654584~NM1*82*1*HOOSHMAND-PARSI*KAYHOSROW****XX*1447291851~REF*EA*AF49385DF2C84B41B9620EF2EDCFEEB9~DTM*232*20200325~DTM*233*20200325~SVC*HC:99212*88.54*0**0**1~DTM*472*20200325~CAS*PI*16*88.54~REF*6R*CPF6GYH62QW9~LQ*HE*N56~LQ*HE*N381~CLP*000100032657*4*178.3*0**MC*2020105042349~NM1*QC*1*MEDINA*TERRIE****MR*J956795~NM1*82*1*CADDALI*ESTRELLA*A***XX*1164974580~REF*EA*C63419ED62264BDBBD6DB023C94DF30E~DTM*232*20200402~DTM*233*20200402~SVC*HC:99213*178.3*0**0**1~DTM*472*20200402~CAS*PI*16*178.3~REF*6R*CPFYP4GJET9B~LQ*HE*N381~CLP*000100032975*4*88.54*0**MC*2020105042325~NM1*QC*1*MENGES*AMY*J***MR*Q984196~NM1*82*1*HOOSHMAND-PARSI*KAYHOSROW****XX*1447291851~REF*EA*BDAC977E3083407FA038D63C5F8938B8~DTM*232*20200408~DTM*233*20200408~SVC*HC:99212*88.54*0**0**1~DTM*472*20200408~CAS*PI*16*88.54~REF*6R*CPFYXJHKR0GS~LQ*HE*N56~LQ*HE*N381~CLP*000100032891*4*178.3*0**MC*2020105042326~NM1*QC*1*MENGES*AMY*J***MR*Q984196~NM1*82*1*HOOSHMAND-PARSI*KAYHOSROW****XX*1447291851~REF*EA*DF2D1205114B42F08F3FDE823EF3BE55~DTM*232*20200407~DTM*233*20200407~SVC*HC:99213*178.3*0**0**1~DTM*472*20200407~CAS*PI*16*178.3~REF*6R*CPF6WKCULVIN~LQ*HE*N56~LQ*HE*N381~CLP*000100032353*4*88.54*0**MC*2020105042221~NM1*QC*1*MILLION*VICKI*L***MR*I504747~NM1*82*1*HOOSHMAND-PARSI*KAYHOSROW****XX*1447291851~REF*EA*C5B1D26CCB2F47689310F57BFBA09D7D~DTM*232*20200330~DTM*233*20200330~SVC*HC:99212*88.54*0**0**1~DTM*472*20200330~CAS*PI*16*88.54~REF*6R*CPF6DPT1TRK2~LQ*HE*N381~CLP*000100032713*4*178.3*0**MC*2020105042311~NM1*QC*1*MITCHELL*DEBORAH****MR*W309719~NM1*82*1*CADDALI*ESTRELLA*A***XX*1164974580~REF*EA*90CB5996F982495DBD204D8527B71FA0~DTM*232*20200403~DTM*233*20200403~SVC*HC:99213*178.3*0**0**1~DTM*472*20200403~CAS*PI*16*178.3~REF*6R*CPFYYHWT41K1~LQ*HE*N381~CLP*000100032957*4*178.3*0**MC*2020105042219~NM1*QC*1*NEWCOMBE*NOLAN*J***MR*G938738~NM1*82*1*CADDALI*ESTRELLA*A***XX*1164974580~REF*EA*3BF18D26E0A0471597DA4692B2C5FDC1~DTM*232*20200408~DTM*233*20200408~SVC*HC:99213*178.3*0**0**1~DTM*472*20200408~CAS*PI*16*178.3~REF*6R*CPFY5ZZ3RO8B~LQ*HE*N56~LQ*HE*N381~CLP*000100032531*4*178.3*0**MC*2020105042217~NM1*QC*1*PEDDIE*JAMES****MR*Y083206~NM1*82*1*HOOSHMAND-PARSI*KAYHOSROW****XX*1447291851~REF*EA*16F30CA0056E42D5A37CCAF4AD6D2956~DTM*232*20200331~DTM*233*20200331~SVC*HC:99213*178.3*0**0**1~DTM*472*20200331~CAS*PI*16*178.3~REF*6R*CPFYO9TH1B0J~LQ*HE*N56~LQ*HE*N381~CLP*000100031734*4*217.66*0**MC*2020105042226~NM1*QC*1*PEOPLES*CASEY*L***MR*R270900~NM1*82*1*LEWIS*HOLLY*G***XX*1295234128~REF*EA*7016570DDA6E4F2383EA6C54C515151C~DTM*232*20200318~DTM*233*20200318~SVC*HC:90832*217.66*0**0**1~DTM*472*20200318~CAS*PI*16*217.66~REF*6R*CPF6TES9FQPP~LQ*HE*N56~LQ*HE*N381~CLP*000100032465*4*178.3*0**MC*2020105042227~NM1*QC*1*PEOPLES*CASEY*L***MR*R270900~NM1*82*1*GRONEMEYER*LEANNE*R***XX*1659521045~REF*EA*A00393DF1A8747C9B81372FCC695189D~DTM*232*20200331~DTM*233*20200331~SVC*HC:99213*178.3*0**0**1~DTM*472*20200331~CAS*PI*16*178.3~REF*6R*CPFY02F4R5LX~LQ*HE*N56~LQ*HE*N381~CLP*000100032649*4*178.3*0**MC*2020105042262~NM1*QC*1*QUINTANA*DANIELLE*A***MR*N559116~NM1*82*1*SEARLES*DENISE*A***XX*1396971230~REF*EA*15286856402D421CB4174F7FC5F0C14A~DTM*232*20200402~DTM*233*20200402~SVC*HC:99213*178.3*0**0**1~DTM*472*20200402~CAS*PI*16*178.3~REF*6R*CPF6B1U03DM7~LQ*HE*N381~CLP*000100032380*4*178.3*0**MC*2020105042250~NM1*QC*1*QUINTANA*JUSTIN*L***MR*Y962445~NM1*82*1*GRONEMEYER*LEANNE*R***XX*1659521045~REF*EA*8B4376CF63A04F82AE286EECF3400964~DTM*232*20200330~DTM*233*20200330~SVC*HC:99213*178.3*0**0**1~DTM*472*20200330~CAS*PI*16*178.3~REF*6R*CPFYPIA46TKK~LQ*HE*N56~LQ*HE*N381~CLP*000100032506*4*178.3*0**MC*2020105042353~NM1*QC*1*QUINTANA*KELLI*M***MR*P696536~NM1*82*1*CADDALI*ESTRELLA*A***XX*1164974580~REF*EA*885777D9168E4FDC9A616FAB60193464~DTM*232*20200331~DTM*233*20200331~SVC*HC:99213*178.3*0**0**1~DTM*472*20200331~CAS*PI*16*178.3~REF*6R*CPF6HZ0SZDWA~LQ*HE*N381~CLP*000100032725*4*178.3*0**MC*2020105042331~NM1*QC*1*QUINTANA*PRAXEDES*J***MR*K356151~NM1*74*1*QUNITANA~NM1*82*1*SEARLES*DENISE*A***XX*1396971230~REF*EA*4F2CB5EDB4D644C8A10BB64F7C812DBB~DTM*232*20200403~DTM*233*20200403~SVC*HC:99213*178.3*0**0**1~DTM*472*20200403~CAS*PI*16*178.3~REF*6R*CPF6MIL2GO3U~LQ*HE*N56~LQ*HE*N381~CLP*000100032877*4*272.99*0**MC*2020105042268~NM1*QC*1*RAMIREZ*JAVIER****MR*F684344~NM1*82*1*HOOSHMAND-PARSI*KAYHOSROW****XX*1447291851~REF*EA*63BEDC405D2A44CB915A860887B35CF9~DTM*232*20200407~DTM*233*20200407~SVC*HC:99214*272.99*0**0**1~DTM*472*20200407~CAS*PI*16*272.99~REF*6R*CPFYS2C7CPZT~LQ*HE*N56~LQ*HE*N381~CLP*000100032054*4*178.3*0**MC*2020105042270~NM1*QC*1*RAMIREZ*JAVIER****MR*F684344~NM1*82*1*HOOSHMAND-PARSI*KAYHOSROW****XX*1447291851~REF*EA*C4A4A91012B843D9B87B6C82D92D1D84~DTM*232*20200324~DTM*233*20200324~SVC*HC:99213*178.3*0**0**1~DTM*472*20200324~CAS*PI*16*178.3~REF*6R*CPF6W65T733D~LQ*HE*N56~LQ*HE*N381~CLP*000100032062*4*178.3*0**MC*2020105042335~NM1*QC*1*RATHBUN*AARON*W***MR*P304001~NM1*82*1*HOOSHMAND-PARSI*KAYHOSROW****XX*1447291851~REF*EA*9C822285E3A746A1A615742BD617E2B4~DTM*232*20200324~DTM*233*20200324~SVC*HC:99213*178.3*0**0**1~DTM*472*20200324~CAS*PI*16*178.3~REF*6R*CPF60X2FGVJG~LQ*HE*N56~LQ*HE*N381~CLP*000100029874*4*120*0**MC*2020105042275~NM1*QC*1*WILLIS*DIANE****MR*D774337~NM1*82*1*SANCHEZ*LEANN*V***XX*1508990961~REF*EA*EADE5E33A443403195B3A3455A766A42~DTM*232*20200213~DTM*233*20200213~SVC*HC:90791:HE*120*0**0**1~DTM*472*20200213~CAS*PI*16*120~REF*6R*CPFY74K58M4W~LQ*HE*N77~LQ*HE*MA70~SE*2238*000010011~GE*1*100013156~IEA*1*100013156~