ISA*00*          *00*          *ZZ*COMEDASSISTPROG*ZZ*6769489        *200406*0231*^*00501*300000759*0*P*:~GS*HP*COMEDASSISTPROG*6769489*20200406*023113*300000759*X*005010X221A1~ST*835*000010012~BPR*I*19610.91*C*ACH*CCP*01*075911603*DA*00000004556640373*1811725341**01*102106569*DA*2200002989138*20200406~TRN*1*000942419*1811725341~REF*EV*1508250911~DTM*405*20200403~N1*PR*CO_TXIX*XV*7912900843~N3*P.O. BOX 30~N4*DENVER*CO*80201~PER*CX*MEDICAID PROVIDER SERVICES*TE*8442352387~PER*BL*MEDICAID PROVIDER SERVICES*TE*8442352387~N1*PE*HEALTH SOLUTIONS MED CENTER*XX*1508250911~REF*TJ*841158933~LX*1~CLP*000100027250*2*90*12.94**MC*2020091001947~NM1*QC*1*BEAN*LYNN*M***MR*K046430~NM1*82*1*CADDALI*ESTRELLA*A***XX*1164974580~REF*EA*FC3B725B3A244B6B9099E97EF16BA5D8~DTM*232*20191226~DTM*233*20191226~SVC*HC:99213*90*12.94**1~DTM*472*20191226~CAS*CO*45*77.06~REF*6R*CP5MSI5H8AR8~AMT*B6*12.94~LQ*HE*N381~LQ*HE*N381~CLP*000100031073*2*150*12.73**MC*2020092004365~NM1*QC*1*BERKSTRESSER*MELINDA*J***MR*J167021~NM1*82*1*HOOSHMAND-PARSI*KAYHOSROW****XX*1447291851~REF*EA*F0671BE1125545EAB36F18936FC7459D~DTM*232*20200305~DTM*233*20200305~SVC*HC:99213:25*90*5.33**1~DTM*472*20200305~CAS*CO*45*84.67~REF*6R*CP5IWC5CP1LS~AMT*B6*5.33~LQ*HE*N381~LQ*HE*N381~SVC*HC:G0444*20*0**1~DTM*472*20200305~CAS*CO*45*20~REF*6R*CP5IOQFALJQD~SVC*HC:G0396*40*7.4**1~DTM*472*20200305~CAS*OA*P22*32.6~REF*6R*CP5IXAKB5HCM~AMT*B6*7.4~LQ*HE*MA125~CLP*000100030585*2*134*19**MC*2020091001955~NM1*QC*1*GALLEGOS*CARLOS*L***MR*P497529~NM1*82*1*LUCAS*PEGGI*S***XX*1366419582~REF*EA*375407586B054A3B909096F7B816D63B~DTM*232*20200226~DTM*233*20200226~SVC*HC:99214*134*19**1~DTM*472*20200226~CAS*CO*45*115~REF*6R*CP56A36MDX1X~AMT*B6*19~LQ*HE*N381~LQ*HE*N381~CLP*000100030551*2*90*13.11**MC*2020091001945~NM1*QC*1*GRIEGO*ALYSIA*C***MR*H530958~NM1*82*1*SEARLES*DENISE*A***XX*1396971230~REF*EA*2DEB1A3998774BC4A5886CB4A3E664A7~DTM*232*20200226~DTM*233*20200226~SVC*HC:99213*90*13.11**1~DTM*472*20200226~CAS*CO*45*76.89~REF*6R*CP561IWDAOXK~AMT*B6*13.11~LQ*HE*N381~LQ*HE*N381~CLP*000100030678*2*90*65.57**MC*2020092053215~NM1*QC*1*JOHNSON*DANNY*L***MR*O264066~NM1*82*1*CADDALI*ESTRELLA*A***XX*1164974580~REF*EA*63DF97003112408DA712E0547E5FDC54~DTM*232*20200227~DTM*233*20200227~SVC*HC:99213*90*65.57**1~DTM*472*20200227~CAS*CO*45*24.43~REF*6R*CPEMD4YKA2F3~AMT*B6*65.57~LQ*HE*N381~LQ*HE*N381~CLP*000100026940*2*281*0**MC*2020094003705~NM1*QC*1*KLIPFEL*SHARON*L***MR*B029833~NM1*82*1*CADDALI*ESTRELLA*A***XX*1164974580~REF*EA*B7ACDE6F4FE24404BB19AC1CFF282180~DTM*232*20191218~DTM*233*20191218~SVC*HC:G0438*214*0**0**1~DTM*472*20191218~CAS*PI*16*214~REF*6R*CP5AHMCZPNFW~LQ*HE*N381~LQ*HE*N56~SVC*HC:G0008*32*0**0**1~DTM*472*20191218~CAS*PI*16*32~REF*6R*CP5A423UHTW3~LQ*HE*N381~LQ*HE*N56~SVC*HC:90674*35*0**1~DTM*472*20191218~CAS*CO*45*35~REF*6R*CP5ALCH6LQRZ~LQ*HE*N381~CLP*000100030430*2*90*65.57**MC*2020092053118~NM1*QC*1*LOPEZ*JOSE****MR*I605668~NM1*82*1*CADDALI*ESTRELLA*A***XX*1164974580~REF*EA*E46D65298F1E426688211519FABA28C4~DTM*232*20200225~DTM*233*20200225~SVC*HC:99213*90*65.57**1~DTM*472*20200225~CAS*CO*45*24.43~REF*6R*CPEM3K7TTFOZ~AMT*B6*65.57~LQ*HE*N381~LQ*HE*N381~CLP*000100026200*2*1837*228.76**MC*2020092053203~NM1*QC*1*MOORE*HOLLY****MR*G690959~NM1*82*1*GRONEMEYER*LEANNE*R***XX*1659521045~REF*EA*DADEF334111B402A9C98780CEA767682~DTM*232*20191204~DTM*233*20191204~SVC*HC:96372*32*2.91**1~DTM*472*20191204~CAS*CO*45*29.09~REF*6R*CPEMCHLNW3ER~AMT*B6*2.91~LQ*HE*N77~LQ*HE*N381~LQ*HE*N381~SVC*HC:J2315*1805*225.85**380~DTM*472*20191204~CAS*CO*45*1579.15~REF*6R*CPEMP7W9EEUD~AMT*B6*225.85~LQ*HE*N77~LQ*HE*N381~LQ*HE*N381~CLP*000100022609*2*134*18.93**MC*2020091001960~NM1*QC*1*PADILLA*PETE*A***MR*C771169~NM1*82*1*LUCAS*PEGGI*S***XX*1366419582~REF*EA*CA03C99B709545EB96CBC444E1BB95FA~DTM*232*20190920~DTM*233*20190920~SVC*HC:99214*134*18.93**1~DTM*472*20190920~CAS*CO*45*115.07~REF*6R*CP5MZH9WO5XZ~AMT*B6*18.93~LQ*HE*N381~LQ*HE*N381~CLP*000100030804*2*134*19**MC*2020091002971~NM1*QC*1*SANDOVAL*IRENE****MR*H227209~NM1*82*1*GRONEMEYER*LEANNE*R***XX*1659521045~REF*EA*29143E9A23D74A889CE738E7D92E3A05~DTM*232*20200302~DTM*233*20200302~SVC*HC:99214*134*19**1~DTM*472*20200302~CAS*CO*45*115~REF*6R*CP56W0CH7Y3X~AMT*B6*19~LQ*HE*N381~LQ*HE*N381~CLP*000100030540*2*134*34.34**MC*2020091002972~NM1*QC*1*ZARATE*JOHN****MR*I805862~NM1*82*1*SEARLES*DENISE*A***XX*1396971230~REF*EA*89388B0781204F5D80DBE2A9AF81A5D7~DTM*232*20200226~DTM*233*20200226~SVC*HC:99214*134*34.34**1~DTM*472*20200226~CAS*CO*45*99.66~REF*6R*CP56NRX2PHI8~AMT*B6*34.34~LQ*HE*N381~LQ*HE*N381~CLP*000100025588*4*134*0**MC*2019347060020~NM1*QC*1*AMORIN*RUTH****MR*P722248~NM1*82*1*CADDALI*ESTRELLA*A***XX*1164974580~REF*EA*75B6FE8E01424A0AA703E6C9855EE4E5~DTM*232*20191121~DTM*233*20191121~DTM*036*20190531~SVC*HC:99214*134*0**0**1~DTM*472*20191121~CAS*CO*26*134~REF*6R*CPN51ZBKL4P0~LQ*HE*N30~CLP*000100030598*4*90*0**MC*2020092053214~NM1*QC*1*JOHNSON*JAIME*M***MR*M613609~NM1*82*1*CADDALI*ESTRELLA*A***XX*1164974580~REF*EA*0055AF4C42CE4CE4B6BA95E4BCAC3678~DTM*232*20200226~DTM*233*20200226~SVC*HC:99213*90*0**0**1~DTM*472*20200226~CAS*PI*119*90~REF*6R*CPEMF771HE2J~LQ*HE*N362~LQ*HE*N381~LQ*HE*N381~CLP*000100025159*4*245*0**MC*2020021057178~NM1*QC*1*MATTHEWS*VALERIE****MR*G007158~NM1*82*1*CADDALI*ESTRELLA*A***XX*1164974580~REF*EA*427D2605F8014ACBAD2028A84C8BA7FA~DTM*232*20191113~DTM*233*20191113~DTM*036*20190731~SVC*HC:99204:25*205*0**0**1~DTM*472*20191113~CAS*CO*26*205~REF*6R*CPMM2DC2ME97~LQ*HE*N30~SVC*HC:G0396*40*0**0**1~DTM*472*20191113~CAS*CO*26*40~REF*6R*CPMMC61O4OZ3~LQ*HE*N30~CLP*000100025408*4*90*0**MC*2020021057181~NM1*QC*1*MATTHEWS*VALERIE****MR*G007158~NM1*82*1*CADDALI*ESTRELLA*A***XX*1164974580~REF*EA*2B51B0CA4CD64B32BD18F9BD9DE5C789~DTM*232*20191119~DTM*233*20191119~DTM*036*20190731~SVC*HC:99213*90*0**0**1~DTM*472*20191119~CAS*CO*26*90~REF*6R*CPMMSKRL6U0D~LQ*HE*N30~CLP*000100031523*1*138*98.51*2*MC*2020091022588~NM1*QC*1*ANDREWS*HEIDI****MR*O787323~NM1*82*1*GRONEMEYER*LEANNE*R***XX*1659521045~REF*EA*7355306A427646CBB5C5DE373AA4CA4A~DTM*232*20200316~DTM*233*20200316~SVC*HC:99214:25*134*95.11**1~DTM*472*20200316~CAS*PR*3*2~CAS*CO*45*36.89~REF*6R*CP7UBRCADDK8~AMT*B6*97.11~LQ*HE*N381~LQ*HE*N381~SVC*HC:81002*4*3.4**1~DTM*472*20200316~CAS*CO*45*.6~REF*6R*CP7UJN0YM4S1~AMT*B6*3.4~LQ*HE*N381~CLP*000100031615*1*296*222.96**MC*2020092058205~NM1*QC*1*AVILA*SHANNA****MR*K598901~NM1*82*1*GRONEMEYER*LEANNE*R***XX*1659521045~REF*EA*F34B8E23D98C456C9F2841530B7A9CCF~DTM*232*20200317~DTM*233*20200317~SVC*HC:99204:FP*205*184.02**1~DTM*472*20200317~CAS*CO*45*20.98~REF*6R*CPEMTGDXPWQD~AMT*B6*184.02~LQ*HE*N77~LQ*HE*N381~SVC*HC:H0049*36*0**0**1~DTM*472*20200317~CAS*PI*97*36~REF*6R*CPEM4XO3WPGU~LQ*HE*N77~LQ*HE*N20~LQ*HE*N381~SVC*HC:G8431*40*30.52**1~DTM*472*20200317~CAS*CO*45*9.48~REF*6R*CPEMD2GHB7O1~AMT*B6*30.52~LQ*HE*N77~LQ*HE*N381~SVC*HC:81025*15*8.42**1~DTM*472*20200317~CAS*CO*45*6.58~REF*6R*CPEMGJX18WJO~AMT*B6*8.42~LQ*HE*N77~LQ*HE*N381~CLP*000100031705*1*134*97.11**MC*2020092058219~NM1*QC*1*AVILA*SHANNA****MR*K598901~NM1*82*1*GRONEMEYER*LEANNE*R***XX*1659521045~REF*EA*4AAC9D55F88647D2B6E3965D06E60312~DTM*232*20200318~DTM*233*20200318~SVC*HC:99214*134*97.11**1~DTM*472*20200318~CAS*CO*45*36.89~REF*6R*CPEMQOPOZMZ4~AMT*B6*97.11~LQ*HE*N77~LQ*HE*N381~CLP*000100032059*1*287.99*105.53**MC*2020092058225~NM1*QC*1*AVILA*SHANNA****MR*K598901~NM1*82*1*GRONEMEYER*LEANNE*R***XX*1659521045~REF*EA*3002E6BCA31846E880B78134C448789F~DTM*232*20200324~DTM*233*20200324~SVC*HC:99214:25*272.99*97.11**1~DTM*472*20200324~CAS*CO*45*175.88~REF*6R*CPEM8X6QAEDE~AMT*B6*97.11~LQ*HE*N77~LQ*HE*N381~SVC*HC:81025*15*8.42**1~DTM*472*20200324~CAS*CO*45*6.58~REF*6R*CPEMXUW5I6W4~AMT*B6*8.42~LQ*HE*N77~LQ*HE*N381~CLP*000100030255*1*134*97.11**MC*2020092058257~NM1*QC*1*AZZAM*KELLI*J***MR*T224226~NM1*82*1*GRONEMEYER*LEANNE*R***XX*1659521045~REF*EA*2DDA85897B5147A3A607E5A266F36746~DTM*232*20200220~DTM*233*20200220~SVC*HC:99214*134*97.11**1~DTM*472*20200220~CAS*CO*45*36.89~REF*6R*CPEMQMYAKF6S~AMT*B6*97.11~LQ*HE*N381~CLP*000100031575*1*124*78.59*2*MC*2020091022627~NM1*QC*1*BERTUGLIA*JACOB*C***MR*M158894~NM1*82*1*GRONEMEYER*LEANNE*R***XX*1659521045~REF*EA*B14DE475564448128D5986F0577AEC30~DTM*232*20200316~DTM*233*20200316~SVC*HC:99212:25*54*37.39**1~DTM*472*20200316~CAS*PR*3*2~CAS*CO*45*14.61~REF*6R*CP7UWZ0H75DY~AMT*B6*39.39~LQ*HE*N381~LQ*HE*N381~SVC*HC:90674*35*21.74**1~DTM*472*20200316~CAS*CO*45*13.26~REF*6R*CP7UW6AN2S1E~AMT*B6*21.74~LQ*HE*N381~SVC*HC:90471*35*19.46**1~DTM*472*20200316~CAS*CO*45*15.54~REF*6R*CP7UOVM6PKCH~AMT*B6*19.46~LQ*HE*N381~CLP*000100031534*1*90*65.81**MC*2020087054146~NM1*QC*1*BOISVERT*ORIEN*K***MR*O244414~NM1*82*1*HOOSHMAND-PARSI*KAYHOSROW****XX*1447291851~REF*EA*24BCB392153D41E7B469D0E902A692C0~DTM*232*20200316~DTM*233*20200316~SVC*HC:99213*90*65.81**1~DTM*472*20200316~CAS*CO*45*24.19~REF*6R*CP6AQSBQF6N1~AMT*B6*65.81~LQ*HE*N77~LQ*HE*N381~CLP*000100031446*1*149*105.53**MC*2020087054132~NM1*QC*1*BOULIER*JEWEL*R***MR*W913486~NM1*82*1*SEARLES*DENISE*A***XX*1396971230~REF*EA*D8D761794FC646F5BDFDD825627E4B45~DTM*232*20200312~DTM*233*20200312~SVC*HC:99214:25*134*97.11**1~DTM*472*20200312~CAS*CO*45*36.89~REF*6R*CP6A5TFUE0TP~AMT*B6*97.11~LQ*HE*N77~LQ*HE*N381~SVC*HC:81025*15*8.42**1~DTM*472*20200312~CAS*CO*45*6.58~REF*6R*CP6A9OYCR4NT~AMT*B6*8.42~LQ*HE*N77~LQ*HE*N381~CLP*000100031338*1*149*103.53*2*MC*2020087054169~NM1*QC*1*PORTER*ASHLEY*C***MR*G299091~NM1*74*1*BURCH~NM1*82*1*GRONEMEYER*LEANNE*R***XX*1659521045~REF*EA*A3A971F55BC346F6BAD7C0F19DCE8E77~DTM*232*20200311~DTM*233*20200311~SVC*HC:99214:25*134*95.11**1~DTM*472*20200311~CAS*PR*3*2~CAS*CO*45*36.89~REF*6R*CP6AMC337FJQ~AMT*B6*97.11~LQ*HE*N77~LQ*HE*N381~LQ*HE*N381~SVC*HC:81025*15*8.42**1~DTM*472*20200311~CAS*CO*45*6.58~REF*6R*CP6AGH671HO6~AMT*B6*8.42~LQ*HE*N77~LQ*HE*N381~CLP*000100031567*1*308.99*178.22**MC*2020092058168~NM1*QC*1*BURNS*KYRA*J***MR*O410409~NM1*82*1*GRONEMEYER*LEANNE*R***XX*1659521045~REF*EA*FD74AF65D16F40D3BA12AFEDA49FBE25~DTM*232*20200316~DTM*233*20200316~SVC*HC:99213:25:FP*90*81.55**1~DTM*472*20200316~CAS*CO*45*8.45~REF*6R*CPEMBTZJOHV9~AMT*B6*81.55~LQ*HE*N381~SVC*HC:96372:FP*83.99*15.67**1~DTM*472*20200316~CAS*CO*45*68.32~REF*6R*CPEMQABWA6MV~AMT*B6*15.67~LQ*HE*N381~SVC*HC:J1050:FP*135*81**150~DTM*472*20200316~CAS*CO*45*54~REF*6R*CPEMT1S6FLVS~AMT*B6*81~LQ*HE*N381~CLP*000100031625*1*134*97.11**MC*2020091022495~NM1*QC*1*CALVA*TRISTAN*R***MR*G093376~NM1*82*1*SEARLES*DENISE*A***XX*1396971230~REF*EA*BCEBA3FA0C8F416CBD0358630872F756~DTM*232*20200317~DTM*233*20200317~SVC*HC:99214*134*97.11**1~DTM*472*20200317~CAS*CO*45*36.89~REF*6R*CP7UB807NFU2~AMT*B6*97.11~LQ*HE*N381~CLP*000100031816*1*134*97.11**MC*2020091022556~NM1*QC*1*CAMPBELL*SARAH*J***MR*Y953495~NM1*82*1*GRONEMEYER*LEANNE*R***XX*1659521045~REF*EA*9F911DBB7DB445528823D4BDB19F3D92~DTM*232*20200319~DTM*233*20200319~SVC*HC:99214*134*97.11**1~DTM*472*20200319~CAS*CO*45*36.89~REF*6R*CP7UCS8PQULG~AMT*B6*97.11~LQ*HE*N381~CLP*000100031496*1*149*105.53**MC*2020087054177~NM1*QC*1*CAMPBELL*TAMMY*L***MR*Y574975~NM1*82*1*SEARLES*DENISE*A***XX*1396971230~REF*EA*FCB64C13A19440F88B273954EB22FB49~DTM*232*20200313~DTM*233*20200313~SVC*HC:99214:25*134*97.11**1~DTM*472*20200313~CAS*CO*45*36.89~REF*6R*CP6A7SON5FKB~AMT*B6*97.11~LQ*HE*N77~LQ*HE*N381~SVC*HC:81025*15*8.42**1~DTM*472*20200313~CAS*CO*45*6.58~REF*6R*CP6AKDXUGQFB~AMT*B6*8.42~LQ*HE*N77~LQ*HE*N381~CLP*000100031470*1*287.99*105.53**MC*2020087054340~NM1*QC*1*CARBAJAL*MELISSA****MR*A287390~NM1*82*1*SEARLES*DENISE*A***XX*1396971230~REF*EA*AA6BFD948A644618B39E21B649DAAAEB~DTM*232*20200313~DTM*233*20200313~SVC*HC:99214:25*272.99*97.11**1~DTM*472*20200313~CAS*CO*45*175.88~REF*6R*CP6AUWSU05TA~AMT*B6*97.11~LQ*HE*N77~LQ*HE*N381~SVC*HC:81025*15*8.42**1~DTM*472*20200313~CAS*CO*45*6.58~REF*6R*CP6A17KIU3IF~AMT*B6*8.42~LQ*HE*N77~LQ*HE*N381~CLP*000100031013*1*65*55.35**MC*2020087054362~NM1*QC*1*CASAUS*TRACY*A***MR*K186814~NM1*82*1*LEWIS*HOLLY*G***XX*1295234128~REF*EA*010DBD71946749DE89B5F9054BA898E7~DTM*232*20200305~DTM*233*20200305~SVC*HC:90832*65*55.35**1~DTM*472*20200305~CAS*CO*45*9.65~REF*6R*CP6AAMYGGIJB~AMT*B6*55.35~LQ*HE*N77~LQ*HE*N381~CLP*000100030060*1*134*97.11**MC*2020092058249~NM1*QC*1*COBERLY*DOUGLAS*D***MR*R899013~NM1*82*1*GRONEMEYER*LEANNE*R***XX*1659521045~REF*EA*17C84C5794484A22953DDA8172B7DF83~DTM*232*20200218~DTM*233*20200218~SVC*HC:99214*134*97.11**1~DTM*472*20200218~CAS*CO*45*36.89~REF*6R*CPEM1FXAT4Q0~AMT*B6*97.11~LQ*HE*N77~LQ*HE*N381~CLP*000100032075*1*272.99*97.11**MC*2020092058254~NM1*QC*1*COBERLY*DOUGLAS*D***MR*R899013~NM1*82*1*GRONEMEYER*LEANNE*R***XX*1659521045~REF*EA*42223D1D50D4411DAAAB6BDC0ED7F48B~DTM*232*20200324~DTM*233*20200324~SVC*HC:99214*272.99*97.11**1~DTM*472*20200324~CAS*CO*45*175.88~REF*6R*CPEM5IUYD2N9~AMT*B6*97.11~LQ*HE*N77~LQ*HE*N381~CLP*000100031613*1*134*95.11*2*MC*2020092058262~NM1*QC*1*CORDOVA*WILLIAM*D***MR*G439008~NM1*82*1*GRONEMEYER*LEANNE*R***XX*1659521045~REF*EA*2BC862391AE64B499AF091276A3090BE~DTM*232*20200317~DTM*233*20200317~SVC*HC:99214*134*95.11**1~DTM*472*20200317~CAS*PR*3*2~CAS*CO*45*36.89~REF*6R*CPEMLOMTIV2I~AMT*B6*97.11~LQ*HE*N77~LQ*HE*N381~LQ*HE*N381~CLP*000100031667*1*134*97.11**MC*2020091022457~NM1*QC*1*CRESPIN*GILBERT****MR*M707740~NM1*82*1*SEARLES*DENISE*A***XX*1396971230~REF*EA*360A5C9DE49940C0A30EFC2EE7D91F8D~DTM*232*20200317~DTM*233*20200317~SVC*HC:99214*134*97.11**1~DTM*472*20200317~CAS*CO*45*36.89~REF*6R*CP7UDQHJDQ1V~AMT*B6*97.11~LQ*HE*N381~CLP*000100031322*1*158*118.61**MC*2020087054262~NM1*QC*1*CUMMINGS*TASHA****MR*R438911~NM1*82*1*HOOSHMAND-PARSI*KAYHOSROW****XX*1447291851~REF*EA*D122DDC3AF954DB0974B6E9E59302A02~DTM*232*20200311~DTM*233*20200311~SVC*HC:99214:25*134*97.11**1~DTM*472*20200311~CAS*CO*45*36.89~REF*6R*CP6AKE4IOV51~AMT*B6*97.11~LQ*HE*N77~LQ*HE*N381~SVC*HC:93000*24*21.5**1~DTM*472*20200311~CAS*CO*45*2.5~REF*6R*CP6AOVJ17IRQ~AMT*B6*21.5~LQ*HE*N77~LQ*HE*N381~CLP*000100031702*1*276.99*100.51**MC*2020091022534~NM1*QC*1*CUMMINGS*TASHA****MR*R438911~NM1*82*1*SEARLES*DENISE*A***XX*1396971230~REF*EA*6E6C3D9A162642BE839DC10B8AA56039~DTM*232*20200318~DTM*233*20200318~SVC*HC:99214:25*272.99*97.11**1~DTM*472*20200318~CAS*CO*45*175.88~REF*6R*CP7UDR3TUMP5~AMT*B6*97.11~LQ*HE*N381~SVC*HC:81002*4*3.4**1~DTM*472*20200318~CAS*CO*45*.6~REF*6R*CP7UP5CWWA4O~AMT*B6*3.4~LQ*HE*N381~CLP*000100031630*1*90*65.81**MC*2020087054496~NM1*QC*1*DIAZ*DOMINIC*M***MR*U857412~NM1*82*1*HOOSHMAND-PARSI*KAYHOSROW****XX*1447291851~REF*EA*FD92810440E346E3A11019B70E88B907~DTM*232*20200317~DTM*233*20200317~SVC*HC:99213*90*65.81**1~DTM*472*20200317~CAS*CO*45*24.19~REF*6R*CP6ALV2NBPUD~AMT*B6*65.81~LQ*HE*N77~LQ*HE*N381~CLP*000100031691*1*134*97.11**MC*2020091022477~NM1*QC*1*DOMINGUEZ*TAWNYA****MR*G493419~NM1*82*1*GRONEMEYER*LEANNE*R***XX*1659521045~REF*EA*D4C0E1ACCDC7407DAB423992C059BB34~DTM*232*20200317~DTM*233*20200317~SVC*HC:99214*134*97.11**1~DTM*472*20200317~CAS*CO*45*36.89~REF*6R*CP7U6MRP4HYS~AMT*B6*97.11~LQ*HE*N381~CLP*000100030076*1*134*97.11**MC*2020092058142~NM1*QC*1*DONOHUE*DENNIS****MR*I666454~NM1*82*1*GRONEMEYER*LEANNE*R***XX*1659521045~REF*EA*0D65EF2AA3BA4363B621083A9BC2DA2C~DTM*232*20200218~DTM*233*20200218~SVC*HC:99214*134*97.11**1~DTM*472*20200218~CAS*CO*45*36.89~REF*6R*CPEM2KMQMTXL~AMT*B6*97.11~LQ*HE*N77~LQ*HE*N381~CLP*000100031271*1*134*97.11**MC*2020092058146~NM1*QC*1*DONOHUE*DENNIS****MR*I666454~NM1*82*1*GRONEMEYER*LEANNE*R***XX*1659521045~REF*EA*8AA21C1520C547F9B1D80E76F9A645FF~DTM*232*20200310~DTM*233*20200310~SVC*HC:99214*134*97.11**1~DTM*472*20200310~CAS*CO*45*36.89~REF*6R*CPEMJ50CH4XV~AMT*B6*97.11~LQ*HE*N77~LQ*HE*N381~CLP*000100030485*1*134*97.11**MC*2020092058155~NM1*QC*1*DONOHUE*DENNIS****MR*I666454~NM1*82*1*GRONEMEYER*LEANNE*R***XX*1659521045~REF*EA*8E6A51A369EE45C2A941293393748FCA~DTM*232*20200225~DTM*233*20200225~SVC*HC:99214*134*97.11**1~DTM*472*20200225~CAS*CO*45*36.89~REF*6R*CPEM2J717VQM~AMT*B6*97.11~LQ*HE*N77~LQ*HE*N381~CLP*000100031579*1*134*97.11**MC*2020087054139~NM1*QC*1*EDMONDS*CHAD*W***MR*O652133~NM1*82*1*HOOSHMAND-PARSI*KAYHOSROW****XX*1447291851~REF*EA*559DDFADE8204893A8BFCEE3F844D9C0~DTM*232*20200316~DTM*233*20200316~SVC*HC:99214*134*97.11**1~DTM*472*20200316~CAS*CO*45*36.89~REF*6R*CP6APORSD3JW~AMT*B6*97.11~LQ*HE*N77~LQ*HE*N381~CLP*000100031608*1*149*103.53*2*MC*2020087054058~NM1*QC*1*EHLERS*DESIREE*F***MR*P131523~NM1*82*1*HOOSHMAND-PARSI*KAYHOSROW****XX*1447291851~REF*EA*2B872A6813B6490CB7CD052AD57A74D0~DTM*232*20200317~DTM*233*20200317~SVC*HC:99214:25*134*95.11**1~DTM*472*20200317~CAS*PR*3*2~CAS*CO*45*36.89~REF*6R*CP6AKSG108V7~AMT*B6*97.11~LQ*HE*N77~LQ*HE*N381~LQ*HE*N381~SVC*HC:81025*15*8.42**1~DTM*472*20200317~CAS*CO*45*6.58~REF*6R*CP6A0AD4HTMC~AMT*B6*8.42~LQ*HE*N77~LQ*HE*N381~CLP*000100031398*1*149*105.53**MC*2020087054024~NM1*QC*1*ELZY*BETHANY****MR*U829312~NM1*82*1*SEARLES*DENISE*A***XX*1396971230~REF*EA*54D6BAE017E6432FBE5E91B4EBFC6D49~DTM*232*20200312~DTM*233*20200312~SVC*HC:99214:25*134*97.11**1~DTM*472*20200312~CAS*CO*45*36.89~REF*6R*CP6AV3GVMORI~AMT*B6*97.11~LQ*HE*N77~LQ*HE*N381~SVC*HC:81025*15*8.42**1~DTM*472*20200312~CAS*CO*45*6.58~REF*6R*CP6AQT5CHOS6~AMT*B6*8.42~LQ*HE*N77~LQ*HE*N381~CLP*000100031314*1*134*97.11**MC*2020087054490~NM1*QC*1*FAINE*JOSHUA*D***MR*P867816~NM1*82*1*GRONEMEYER*LEANNE*R***XX*1659521045~REF*EA*5FD1523D3CD040299B5E4245AF9232B0~DTM*232*20200311~DTM*233*20200311~SVC*HC:99214*134*97.11**1~DTM*472*20200311~CAS*CO*45*36.89~REF*6R*CP6AE305MB8T~AMT*B6*97.11~LQ*HE*N77~LQ*HE*N381~CLP*000100031373*1*90*65.81**MC*2020087054066~NM1*QC*1*FERNANDEZ*CHARLES****MR*I154949~NM1*82*1*SEARLES*DENISE*A***XX*1396971230~REF*EA*C4AD3693A0B745DF9BF8248510CDFCB0~DTM*232*20200311~DTM*233*20200311~SVC*HC:99213*90*65.81**1~DTM*472*20200311~CAS*CO*45*24.19~REF*6R*CP6ANMM8TJQG~AMT*B6*65.81~LQ*HE*N381~CLP*000100031772*1*149*105.53**MC*2020087054011~NM1*QC*1*FIORINI*CHRISTENA*E***MR*Y109693~NM1*82*1*GRONEMEYER*LEANNE*R***XX*1659521045~REF*EA*96B30E0219584A88910EE34B0D26F09C~DTM*232*20200318~DTM*233*20200318~SVC*HC:99214:25*134*97.11**1~DTM*472*20200318~CAS*CO*45*36.89~REF*6R*CP6ALQC8PEZA~AMT*B6*97.11~LQ*HE*N77~LQ*HE*N381~SVC*HC:81025*15*8.42**1~DTM*472*20200318~CAS*CO*45*6.58~REF*6R*CP6ALRF6260Z~AMT*B6*8.42~LQ*HE*N77~LQ*HE*N381~CLP*000100031367*1*149*105.53**MC*2020087054018~NM1*QC*1*FIORINI*CHRISTENA*E***MR*Y109693~NM1*82*1*GRONEMEYER*LEANNE*R***XX*1659521045~REF*EA*BB572DEBF70D4D36AEB76E2A38745AA4~DTM*232*20200311~DTM*233*20200311~SVC*HC:99214:25*134*97.11**1~DTM*472*20200311~CAS*CO*45*36.89~REF*6R*CP6A5CPSIQV5~AMT*B6*97.11~LQ*HE*N77~LQ*HE*N381~SVC*HC:81025*15*8.42**1~DTM*472*20200311~CAS*CO*45*6.58~REF*6R*CP6AD84XUHCB~AMT*B6*8.42~LQ*HE*N77~LQ*HE*N381~CLP*000100031787*1*134*97.11**MC*2020087054006~NM1*QC*1*FLORES*KEITH*L***MR*W751068~NM1*82*1*SEARLES*DENISE*A***XX*1396971230~REF*EA*1184EB4970D143B89E52C8209555198C~DTM*232*20200319~DTM*233*20200319~SVC*HC:99214*134*97.11**1~DTM*472*20200319~CAS*CO*45*36.89~REF*6R*CP6AGZKUGU2Q~AMT*B6*97.11~LQ*HE*N77~LQ*HE*N381~CLP*000100032027*1*287.99*105.53**MC*2020092058182~NM1*QC*1*GALLEGOS*MARIA****MR*Y417816~NM1*82*1*GRONEMEYER*LEANNE*R***XX*1659521045~REF*EA*77A2B6FD005D4A4BA7B4F27B2254C7CC~DTM*232*20200324~DTM*233*20200324~SVC*HC:99214:25*272.99*97.11**1~DTM*472*20200324~CAS*CO*45*175.88~REF*6R*CPEM76U3W93E~AMT*B6*97.11~LQ*HE*N77~LQ*HE*N381~SVC*HC:81025*15*8.42**1~DTM*472*20200324~CAS*CO*45*6.58~REF*6R*CPEMCVM2NJS3~AMT*B6*8.42~LQ*HE*N77~LQ*HE*N381~CLP*000100031611*1*341*187.04**MC*2020092058192~NM1*QC*1*GALLEGOS*MARIA****MR*Y417816~NM1*82*1*GRONEMEYER*LEANNE*R***XX*1659521045~REF*EA*778E3A58404B4ABF9F3927D21AA41D1D~DTM*232*20200317~DTM*233*20200317~SVC*HC:99204:25*205*149.59**1~DTM*472*20200317~CAS*CO*45*55.41~REF*6R*CPEMR87BK9YI~AMT*B6*149.59~LQ*HE*N77~LQ*HE*N381~SVC*HC:99415*45*7.11**1~DTM*472*20200317~CAS*CO*45*37.89~REF*6R*CPEM3AVSSFHQ~AMT*B6*7.11~LQ*HE*N77~LQ*HE*N381~SVC*HC:H0049*36*10.92**1~DTM*472*20200317~CAS*CO*45*25.08~REF*6R*CPEMPID3MNVK~AMT*B6*10.92~LQ*HE*N77~LQ*HE*N381~SVC*HC:G8510*40*11**1~DTM*472*20200317~CAS*CO*45*29~REF*6R*CPEMB0ROM6C8~AMT*B6*11~LQ*HE*N77~LQ*HE*N381~SVC*HC:81025*15*8.42**1~DTM*472*20200317~CAS*CO*45*6.58~REF*6R*CPEM5QQF9TVQ~AMT*B6*8.42~LQ*HE*N77~LQ*HE*N381~CLP*000100030068*1*149*105.53**MC*2020092058108~NM1*QC*1*GAMBOA*NADINE****MR*Q771262~NM1*82*1*GRONEMEYER*LEANNE*R***XX*1659521045~REF*EA*E19F60BB593B4B1F9B643777E9E19015~DTM*232*20200218~DTM*233*20200218~SVC*HC:99214:25*134*97.11**1~DTM*472*20200218~CAS*CO*45*36.89~REF*6R*CPEMV6HL4JM7~AMT*B6*97.11~LQ*HE*N77~LQ*HE*N381~SVC*HC:81025*15*8.42**1~DTM*472*20200218~CAS*CO*45*6.58~REF*6R*CPEMMSD76NKA~AMT*B6*8.42~LQ*HE*N77~LQ*HE*N381~CLP*000100031535*1*134*97.11**MC*2020087054045~NM1*QC*1*GARCIA*MARIO****MR*D425963~NM1*82*1*HOOSHMAND-PARSI*KAYHOSROW****XX*1447291851~REF*EA*457A0D17F99F4587B4CD1F5FD66F8AF7~DTM*232*20200316~DTM*233*20200316~SVC*HC:99214*134*97.11**1~DTM*472*20200316~CAS*CO*45*36.89~REF*6R*CP6A3YI2JJBN~AMT*B6*97.11~LQ*HE*N77~LQ*HE*N381~CLP*000100031761*1*134*95.11*2*MC*2020087054416~NM1*QC*1*GIERHART*JAMES*T***MR*G669412~NM1*82*1*GRONEMEYER*LEANNE*R***XX*1659521045~REF*EA*E5C26BE80CF3403A815BEDC492BED778~DTM*232*20200318~DTM*233*20200318~SVC*HC:99214*134*95.11**1~DTM*472*20200318~CAS*PR*3*2~CAS*CO*45*36.89~REF*6R*CP6AJCFKOXDL~AMT*B6*97.11~LQ*HE*N77~LQ*HE*N381~LQ*HE*N381~CLP*000100031521*1*105*74.23**MC*2020087054394~NM1*QC*1*GILLICK*SHANNON*L***MR*O183500~NM1*82*1*HOOSHMAND-PARSI*KAYHOSROW****XX*1447291851~REF*EA*F95365D4D9A2463ABB6BB3A6551CAD3E~DTM*232*20200316~DTM*233*20200316~SVC*HC:99213:25*90*65.81**1~DTM*472*20200316~CAS*CO*45*24.19~REF*6R*CP6A3DZ6RM2M~AMT*B6*65.81~LQ*HE*N77~LQ*HE*N381~SVC*HC:81025*15*8.42**1~DTM*472*20200316~CAS*CO*45*6.58~REF*6R*CP6AQO2A7HMR~AMT*B6*8.42~LQ*HE*N77~LQ*HE*N381~CLP*000100031775*1*134*97.11**MC*2020087054378~NM1*QC*1*GILMORE*BRIAN*W***MR*U569330~NM1*82*1*GRONEMEYER*LEANNE*R***XX*1659521045~REF*EA*0AEE43A4F2F342DA95AB8C68BB2B1E0D~DTM*232*20200318~DTM*233*20200318~SVC*HC:99214*134*97.11**1~DTM*472*20200318~CAS*CO*45*36.89~REF*6R*CP6ARLGOF1R7~AMT*B6*97.11~LQ*HE*N77~LQ*HE*N381~CLP*000100031362*1*134*97.11**MC*2020087054389~NM1*QC*1*GILMORE*BRIAN*W***MR*U569330~NM1*82*1*GRONEMEYER*LEANNE*R***XX*1659521045~REF*EA*D7AE7855B6044C4C8C928E1B661856EF~DTM*232*20200311~DTM*233*20200311~SVC*HC:99214*134*97.11**1~DTM*472*20200311~CAS*CO*45*36.89~REF*6R*CP6AMR7U5EQ7~AMT*B6*97.11~LQ*HE*N77~LQ*HE*N381~CLP*000100031489*1*1986*1294.93**MC*2020087054311~NM1*QC*1*GONZALES*CRYSTAL*D***MR*M921754~NM1*82*1*SEARLES*DENISE*A***XX*1396971230~REF*EA*3691570F6C73484AAAC462699A0731DE~DTM*232*20200313~DTM*233*20200313~SVC*HC:99214:25*134*97.11**1~DTM*472*20200313~CAS*CO*45*36.89~REF*6R*CP6AEW5GWD6W~AMT*B6*97.11~LQ*HE*N77~LQ*HE*N381~SVC*HC:96372*32*0**0**1~DTM*472*20200313~CAS*CO*109*32~REF*6R*CP6AC4GUIQXJ~LQ*HE*N77~LQ*HE*N381~SVC*HC:J2315*1805*1189.4**380~DTM*472*20200313~CAS*CO*45*615.6~REF*6R*CP6AMPRZ13YZ~AMT*B6*1189.4~LQ*HE*N77~LQ*HE*N381~SVC*HC:81025*15*8.42**1~DTM*472*20200313~CAS*CO*45*6.58~REF*6R*CP6ADK7EZADH~AMT*B6*8.42~LQ*HE*N77~LQ*HE*N381~CLP*000100031765*1*149*105.53**MC*2020087054463~NM1*QC*1*GOW*LAYLA*A***MR*O314223~NM1*82*1*GRONEMEYER*LEANNE*R***XX*1659521045~REF*EA*EC0D3F01E6E4491BB9C6FCD39881042E~DTM*232*20200318~DTM*233*20200318~SVC*HC:99214:25*134*97.11**1~DTM*472*20200318~CAS*CO*45*36.89~REF*6R*CP6ASJZ7CRJN~AMT*B6*97.11~LQ*HE*N77~LQ*HE*N381~SVC*HC:81025*15*8.42**1~DTM*472*20200318~CAS*CO*45*6.58~REF*6R*CP6AWCWR2T9L~AMT*B6*8.42~LQ*HE*N77~LQ*HE*N381~CLP*000100031331*1*1971*1286.51**MC*2020087054035~NM1*QC*1*GRAY*JAMES****MR*J248474~NM1*82*1*GRONEMEYER*LEANNE*R***XX*1659521045~REF*EA*89BD47DA4A504F2389A58B07812B86FB~DTM*232*20200311~DTM*233*20200311~SVC*HC:99214:25*134*97.11**1~DTM*472*20200311~CAS*CO*45*36.89~REF*6R*CP6AGNE0UWB3~AMT*B6*97.11~LQ*HE*N77~LQ*HE*N381~SVC*HC:96372*32*0**0**1~DTM*472*20200311~CAS*CO*109*32~REF*6R*CP6AE0AJSGTF~LQ*HE*N77~LQ*HE*N381~SVC*HC:J2315*1805*1189.4**380~DTM*472*20200311~CAS*CO*45*615.6~REF*6R*CP6A518APL51~AMT*B6*1189.4~LQ*HE*N77~LQ*HE*N381~CLP*000100031638*1*134*97.11**MC*2020087054187~NM1*QC*1*GUERRA-DELACRUZ MARTINEZ*HERLINDA*M***MR*R965343~NM1*74*1*GUERRADELACRUZ~NM1*82*1*HOOSHMAND-PARSI*KAYHOSROW****XX*1447291851~REF*EA*97F88E24D24C41529623AF303318A2B1~DTM*232*20200317~DTM*233*20200317~SVC*HC:99214*134*97.11**1~DTM*472*20200317~CAS*CO*45*36.89~REF*6R*CP6AFXYF69ML~AMT*B6*97.11~LQ*HE*N77~LQ*HE*N381~CLP*000100031614*1*105*72.23*2*MC*2020087054408~NM1*QC*1*GUERRERO*SONYA*M***MR*S127505~NM1*82*1*HOOSHMAND-PARSI*KAYHOSROW****XX*1447291851~REF*EA*8D523D55A4134EB98E190E2298728815~DTM*232*20200317~DTM*233*20200317~SVC*HC:99213:25*90*63.81**1~DTM*472*20200317~CAS*PR*3*2~CAS*CO*45*24.19~REF*6R*CP6AACGGV7UB~AMT*B6*65.81~LQ*HE*N77~LQ*HE*N381~LQ*HE*N381~SVC*HC:81025*15*8.42**1~DTM*472*20200317~CAS*CO*45*6.58~REF*6R*CP6AG5WNAXTX~AMT*B6*8.42~LQ*HE*N77~LQ*HE*N381~CLP*000100031449*1*134*97.11**MC*2020087054295~NM1*QC*1*GURULE*TRAVIS*L***MR*O382860~NM1*82*1*SEARLES*DENISE*A***XX*1396971230~REF*EA*A00671A109F1447AAFCC1B6D2EFECE89~DTM*232*20200312~DTM*233*20200312~SVC*HC:99214*134*97.11**1~DTM*472*20200312~CAS*CO*45*36.89~REF*6R*CP6AYRZNCSZC~AMT*B6*97.11~LQ*HE*N77~LQ*HE*N381~CLP*000100031783*1*1971*1286.51**MC*2020087054397~NM1*QC*1*HELVEY*RYAN*J***MR*N690416~NM1*82*1*SEARLES*DENISE*A***XX*1396971230~REF*EA*B96F1C66C41343EF9F630063846FE5F2~DTM*232*20200319~DTM*233*20200319~SVC*HC:99214:25*134*97.11**1~DTM*472*20200319~CAS*CO*45*36.89~REF*6R*CP6A0E9TNKYT~AMT*B6*97.11~LQ*HE*N77~LQ*HE*N381~SVC*HC:96372*32*0**0**1~DTM*472*20200319~CAS*CO*109*32~REF*6R*CP6ARHPOSK90~LQ*HE*N77~LQ*HE*N381~SVC*HC:J2315*1805*1189.4**380~DTM*472*20200319~CAS*CO*45*615.6~REF*6R*CP6AY0719374~AMT*B6*1189.4~LQ*HE*N77~LQ*HE*N381~CLP*000100031376*1*134*97.11**MC*2020087054403~NM1*QC*1*HERNANDEZ*DEREK*G***MR*Q002007~NM1*82*1*GRONEMEYER*LEANNE*R***XX*1659521045~REF*EA*F6D367981A7549CD9BB3E7564037777E~DTM*232*20200311~DTM*233*20200311~SVC*HC:99214*134*97.11**1~DTM*472*20200311~CAS*CO*45*36.89~REF*6R*CP6ACI6DMAC0~AMT*B6*97.11~LQ*HE*N77~LQ*HE*N381~CLP*000100032122*1*272.99*97.11**MC*2020091022463~NM1*QC*1*HERRERA*CLAUDIA****MR*K156429~NM1*82*1*SEARLES*DENISE*A***XX*1396971230~REF*EA*8CBC626A99FF41C2B248A994590040B9~DTM*232*20200325~DTM*233*20200325~SVC*HC:99214*272.99*97.11**1~DTM*472*20200325~CAS*CO*45*175.88~REF*6R*CP7UWI6XS5RB~AMT*B6*97.11~LQ*HE*N381~CLP*000100031631*1*2011*1297.51**MC*2020087054124~NM1*QC*1*JIRON*ROMAN****MR*G679343~NM1*82*1*HOOSHMAND-PARSI*KAYHOSROW****XX*1447291851~REF*EA*31728FDAF3684C2FA2420AE063A6A187~DTM*232*20200317~DTM*233*20200317~SVC*HC:99214:25*134*97.11**1~DTM*472*20200317~CAS*CO*45*36.89~REF*6R*CP6AGRFBVPYJ~AMT*B6*97.11~LQ*HE*N77~LQ*HE*N381~SVC*HC:96372*32*0**0**1~DTM*472*20200317~CAS*CO*109*32~REF*6R*CP6ANVIGQA1A~LQ*HE*N77~LQ*HE*N381~SVC*HC:J2315*1805*1189.4**380~DTM*472*20200317~CAS*CO*45*615.6~REF*6R*CP6A1FNYGN8C~AMT*B6*1189.4~LQ*HE*N77~LQ*HE*N381~SVC*HC:G8510*40*11**1~DTM*472*20200317~CAS*CO*45*29~REF*6R*CP6AS7U1X9RT~AMT*B6*11~LQ*HE*N77~LQ*HE*N381~CLP*000100031453*1*90*63.81*2*MC*2020087054429~NM1*QC*1*JOHNSON*GRANT*O***MR*P126521~NM1*82*1*SEARLES*DENISE*A***XX*1396971230~REF*EA*1D8FA5749A5749F289EA51F194C994CC~DTM*232*20200312~DTM*233*20200312~SVC*HC:99213*90*63.81**1~DTM*472*20200312~CAS*PR*3*2~CAS*CO*45*24.19~REF*6R*CP6AZNC85S1V~AMT*B6*65.81~LQ*HE*N77~LQ*HE*N381~LQ*HE*N381~CLP*000100031594*1*54*39.39**MC*2020087053995~NM1*QC*1*JONES*PAULA****MR*M040589~NM1*82*1*HOOSHMAND-PARSI*KAYHOSROW****XX*1447291851~REF*EA*B20D4988FD7C4C0D833E2172BA0D03AB~DTM*232*20200316~DTM*233*20200316~SVC*HC:99212*54*39.39**1~DTM*472*20200316~CAS*CO*45*14.61~REF*6R*CP6AXKTHUCQ5~AMT*B6*39.39~LQ*HE*N77~LQ*HE*N381~CLP*000100031482*1*180*129.99**MC*2020087054004~NM1*QC*1*JONES*PAULA****MR*M040589~NM1*82*1*SEARLES*DENISE*A***XX*1396971230~REF*EA*17F7CC1E34CA4D30A9BE67A57CE2D25E~DTM*232*20200313~DTM*233*20200313~SVC*HC:99215*180*129.99**1~DTM*472*20200313~CAS*CO*45*50.01~REF*6R*CP6AN2JWJY1O~AMT*B6*129.99~LQ*HE*N77~LQ*HE*N381~CLP*000100031580*1*90*65.81**MC*2020091022425~NM1*QC*1*LERMA*CAREMI****MR*P878927~NM1*82*1*GRONEMEYER*LEANNE*R***XX*1659521045~REF*EA*E916334EBBE24DE9984C5D4E31A83012~DTM*232*20200316~DTM*233*20200316~SVC*HC:99213*90*65.81**1~DTM*472*20200316~CAS*CO*45*24.19~REF*6R*CP7UQ1APL7ST~AMT*B6*65.81~LQ*HE*N381~CLP*000100031581*1*134*97.11**MC*2020091022607~NM1*QC*1*LERMA*CRISTIANO*P***MR*P252933~NM1*82*1*GRONEMEYER*LEANNE*R***XX*1659521045~REF*EA*749DBD97211B477E8FB347074CD550EA~DTM*232*20200316~DTM*233*20200316~SVC*HC:99214*134*97.11**1~DTM*472*20200316~CAS*CO*45*36.89~REF*6R*CP7UD7HQ2XAF~AMT*B6*97.11~LQ*HE*N381~CLP*000100031624*1*1986*1294.93**MC*2020087054333~NM1*QC*1*LOPEZ*JENNIFER*R***MR*M621859~NM1*82*1*HOOSHMAND-PARSI*KAYHOSROW****XX*1447291851~REF*EA*FFDCEA1B99E8456381104D44556DF730~DTM*232*20200317~DTM*233*20200317~SVC*HC:99214:25*134*97.11**1~DTM*472*20200317~CAS*CO*45*36.89~REF*6R*CP6AMBF7FTSH~AMT*B6*97.11~LQ*HE*N77~LQ*HE*N381~SVC*HC:96372*32*0**0**1~DTM*472*20200317~CAS*CO*109*32~REF*6R*CP6AEM278E1R~LQ*HE*N77~LQ*HE*N381~SVC*HC:J2315*1805*1189.4**380~DTM*472*20200317~CAS*CO*45*615.6~REF*6R*CP6AOGO6YDSV~AMT*B6*1189.4~LQ*HE*N77~LQ*HE*N381~SVC*HC:81025*15*8.42**1~DTM*472*20200317~CAS*CO*45*6.58~REF*6R*CP6AOAYDAPQS~AMT*B6*8.42~LQ*HE*N77~LQ*HE*N381~CLP*000100031375*1*149*105.53**MC*2020087054482~NM1*QC*1*MADRID*CLORISSA****MR*G303592~NM1*82*1*GRONEMEYER*LEANNE*R***XX*1659521045~REF*EA*46406E8641DF43659A677123CF3C61B4~DTM*232*20200311~DTM*233*20200311~SVC*HC:99214:25*134*97.11**1~DTM*472*20200311~CAS*CO*45*36.89~REF*6R*CP6AOXKA0QLB~AMT*B6*97.11~LQ*HE*N77~LQ*HE*N381~SVC*HC:81025*15*8.42**1~DTM*472*20200311~CAS*CO*45*6.58~REF*6R*CP6A5RWJWB1F~AMT*B6*8.42~LQ*HE*N77~LQ*HE*N381~CLP*000100031690*1*134*97.11**MC*2020091022561~NM1*QC*1*MAEZ*WILLIAM*N***MR*O314090~NM1*82*1*GRONEMEYER*LEANNE*R***XX*1659521045~REF*EA*5AEE7EE2A2B54843ABA6E29A1FA20B31~DTM*232*20200317~DTM*233*20200317~SVC*HC:99214*134*97.11**1~DTM*472*20200317~CAS*CO*45*36.89~REF*6R*CP7UOUHJITUU~AMT*B6*97.11~LQ*HE*N381~CLP*000100031655*1*105*72.23*2*MC*2020087054449~NM1*QC*1*MAGANA*CARLA*R***MR*M671813~NM1*82*1*HOOSHMAND-PARSI*KAYHOSROW****XX*1447291851~REF*EA*FF65A7402BEF4D64BD18DE3252A1A858~DTM*232*20200317~DTM*233*20200317~SVC*HC:99213:25*90*63.81**1~DTM*472*20200317~CAS*PR*3*2~CAS*CO*45*24.19~REF*6R*CP6A8YF6OMDJ~AMT*B6*65.81~LQ*HE*N77~LQ*HE*N381~LQ*HE*N381~SVC*HC:81025*15*8.42**1~DTM*472*20200317~CAS*CO*45*6.58~REF*6R*CP6AJKZBI7MP~AMT*B6*8.42~LQ*HE*N77~LQ*HE*N381~CLP*000100031490*1*138*100.51**MC*2020091022510~NM1*QC*1*MARTIN*SABRINA*L***MR*Y030235~NM1*82*1*LUCAS*PEGGI*S***XX*1366419582~REF*EA*34082B08DF3C4496816E02FFBE8B04D1~DTM*232*20200313~DTM*233*20200313~SVC*HC:99214:25*134*97.11**1~DTM*472*20200313~CAS*CO*45*36.89~REF*6R*CP7UJ8TIA3LY~AMT*B6*97.11~LQ*HE*N381~SVC*HC:81002*4*3.4**1~DTM*472*20200313~CAS*CO*45*.6~REF*6R*CP7UAXDMW54G~AMT*B6*3.4~LQ*HE*N381~CLP*000100031526*1*134*97.11**MC*2020091022600~NM1*QC*1*MARTINEZ*CHRISTOPHER*J***MR*G484628~NM1*82*1*GRONEMEYER*LEANNE*R***XX*1659521045~REF*EA*87414AEC594C48879A0B4F3F49D2F99E~DTM*232*20200316~DTM*233*20200316~SVC*HC:99214*134*97.11**1~DTM*472*20200316~CAS*CO*45*36.89~REF*6R*CP7UNTHELI4E~AMT*B6*97.11~LQ*HE*N381~CLP*000100031390*1*134*97.11**MC*2020087054421~NM1*QC*1*MARTINEZ*DEBRA*A***MR*D395711~NM1*82*1*SEARLES*DENISE*A***XX*1396971230~REF*EA*7C8BD2170A5647478C1B48DB0E2C9F49~DTM*232*20200312~DTM*233*20200312~SVC*HC:99214*134*97.11**1~DTM*472*20200312~CAS*CO*45*36.89~REF*6R*CP6AF3BV83HD~AMT*B6*97.11~LQ*HE*N77~LQ*HE*N381~CLP*000100031512*1*134*97.11**MC*2020091022549~NM1*QC*1*MARTINEZ*KARA*M***MR*P293930~NM1*82*1*SEARLES*DENISE*A***XX*1396971230~REF*EA*4719C0471C49417CA78B3921D2597BA0~DTM*232*20200313~DTM*233*20200313~SVC*HC:99214*134*97.11**1~DTM*472*20200313~CAS*CO*45*36.89~REF*6R*CP7UZTK6I0O0~AMT*B6*97.11~LQ*HE*N381~CLP*000100031206*1*134*97.11**MC*2020092058299~NM1*QC*1*MARTINEZ*PEGGY*Y***MR*Y894999~NM1*82*1*GRONEMEYER*LEANNE*R***XX*1659521045~REF*EA*A02D7051824C48FE953B9DF54FECE5B0~DTM*232*20200309~DTM*233*20200309~SVC*HC:99214*134*97.11**1~DTM*472*20200309~CAS*CO*45*36.89~REF*6R*CPEM4KFJRQKP~AMT*B6*97.11~LQ*HE*N381~CLP*000100031776*1*149*105.53**MC*2020087054157~NM1*QC*1*MAXFIELD*KENDRA*M***MR*N150478~NM1*74*1*MAXFIED~NM1*82*1*GRONEMEYER*LEANNE*R***XX*1659521045~REF*EA*8EFF6745682B4B589054115023EF070A~DTM*232*20200318~DTM*233*20200318~SVC*HC:99214:25*134*97.11**1~DTM*472*20200318~CAS*CO*45*36.89~REF*6R*CP6AA8MU6WZG~AMT*B6*97.11~LQ*HE*N77~LQ*HE*N381~SVC*HC:81025*15*8.42**1~DTM*472*20200318~CAS*CO*45*6.58~REF*6R*CP6AO2V7CXCC~AMT*B6*8.42~LQ*HE*N77~LQ*HE*N381~CLP*000100031340*1*149*105.53**MC*2020087054161~NM1*QC*1*MAXFIELD*KENDRA*M***MR*N150478~NM1*74*1*MAXFIED~NM1*82*1*GRONEMEYER*LEANNE*R***XX*1659521045~REF*EA*0A2630C0BA0E4C4CBE5C9850776B0672~DTM*232*20200311~DTM*233*20200311~SVC*HC:99214:25*134*97.11**1~DTM*472*20200311~CAS*CO*45*36.89~REF*6R*CP6A8KA494KO~AMT*B6*97.11~LQ*HE*N77~LQ*HE*N381~SVC*HC:81025*15*8.42**1~DTM*472*20200311~CAS*CO*45*6.58~REF*6R*CP6AH928QNI4~AMT*B6*8.42~LQ*HE*N77~LQ*HE*N381~CLP*000100031675*1*54*39.39**MC*2020091022333~NM1*QC*1*MEDINA*JEANNINE****MR*H870875~NM1*82*1*SEARLES*DENISE*A***XX*1396971230~REF*EA*5F9C2DA536E2472F9B3C3CADB2E2D3A3~DTM*232*20200317~DTM*233*20200317~SVC*HC:99212*54*39.39**1~DTM*472*20200317~CAS*CO*45*14.61~REF*6R*CP7ULFKJYHED~AMT*B6*39.39~LQ*HE*N381~CLP*000100031448*1*134*97.11**MC*2020087054513~NM1*QC*1*MEDINA*TAMMY*A***MR*F616296~NM1*82*1*SEARLES*DENISE*A***XX*1396971230~REF*EA*74D75DD6FC864BE1A175049EAC26E36B~DTM*232*20200312~DTM*233*20200312~SVC*HC:99214*134*97.11**1~DTM*472*20200312~CAS*CO*45*36.89~REF*6R*CP6ABJIUNOVE~AMT*B6*97.11~LQ*HE*N77~LQ*HE*N381~CLP*000100031750*1*105*74.23**MC*2020087054322~NM1*QC*1*MONSON*SAVANNAH*R***MR*U391305~NM1*82*1*GRONEMEYER*LEANNE*R***XX*1659521045~REF*EA*70848AC2595947F093AB256B8BAD412B~DTM*232*20200318~DTM*233*20200318~SVC*HC:99213:25*90*65.81**1~DTM*472*20200318~CAS*CO*45*24.19~REF*6R*CP6AUV6X02MF~AMT*B6*65.81~LQ*HE*N77~LQ*HE*N381~SVC*HC:81025*15*8.42**1~DTM*472*20200318~CAS*CO*45*6.58~REF*6R*CP6ARR13DC3Z~AMT*B6*8.42~LQ*HE*N77~LQ*HE*N381~CLP*000100031346*1*134*95.11*2*MC*2020087054054~NM1*QC*1*OVERTURF*TAMIKA*T***MR*O419065~NM1*82*1*SEARLES*DENISE*A***XX*1396971230~REF*EA*1D3602C0148E4805B6B86414CDF48E49~DTM*232*20200311~DTM*233*20200311~SVC*HC:99214*134*95.11**1~DTM*472*20200311~CAS*PR*3*2~CAS*CO*45*36.89~REF*6R*CP6AMSLT2XB5~AMT*B6*97.11~LQ*HE*N381~LQ*HE*N381~CLP*000100031353*1*1986*1294.93**MC*2020087054314~NM1*QC*1*PADILLA*LAURA*C***MR*Y008082~NM1*82*1*GRONEMEYER*LEANNE*R***XX*1659521045~REF*EA*2477324AC01549B5A9295A03068D262D~DTM*232*20200311~DTM*233*20200311~SVC*HC:99214:25*134*97.11**1~DTM*472*20200311~CAS*CO*45*36.89~REF*6R*CP6ARBXEOPJ3~AMT*B6*97.11~LQ*HE*N77~LQ*HE*N381~SVC*HC:96372*32*0**0**1~DTM*472*20200311~CAS*CO*109*32~REF*6R*CP6AP6E0QCSW~LQ*HE*N77~LQ*HE*N381~SVC*HC:J2315*1805*1189.4**380~DTM*472*20200311~CAS*CO*45*615.6~REF*6R*CP6AH3BAG6MN~AMT*B6*1189.4~LQ*HE*N77~LQ*HE*N381~SVC*HC:81025*15*8.42**1~DTM*472*20200311~CAS*CO*45*6.58~REF*6R*CP6AGDRQFDKC~AMT*B6*8.42~LQ*HE*N77~LQ*HE*N381~CLP*000100030386*1*134*95.11*2*MC*2020092058276~NM1*QC*1*PEREZ*ASHLEY****MR*E206362~NM1*82*1*GRONEMEYER*LEANNE*R***XX*1659521045~REF*EA*7531FD235B7E49A2A5DA5EF85D7111B2~DTM*232*20200224~DTM*233*20200224~SVC*HC:99214*134*95.11**1~DTM*472*20200224~CAS*PR*3*2~CAS*CO*45*36.89~REF*6R*CPEM018UPMZ8~AMT*B6*97.11~LQ*HE*N381~LQ*HE*N381~CLP*000100031320*1*149*105.53**MC*2020087054235~NM1*QC*1*QUINTANA*DANIELLE*A***MR*N559116~NM1*82*1*SEARLES*DENISE*A***XX*1396971230~REF*EA*456DF4D026C54996B2D9B73749F7220F~DTM*232*20200311~DTM*233*20200311~SVC*HC:99214:25*134*97.11**1~DTM*472*20200311~CAS*CO*45*36.89~REF*6R*CP6ATBTAXEVH~AMT*B6*97.11~LQ*HE*N77~LQ*HE*N381~SVC*HC:81025*15*8.42**1~DTM*472*20200311~CAS*CO*45*6.58~REF*6R*CP6ADXLQE53D~AMT*B6*8.42~LQ*HE*N77~LQ*HE*N381~CLP*000100031634*1*90*65.81**MC*2020091022597~NM1*QC*1*QUINTANA*PRAXEDES*J***MR*K356151~NM1*74*1*QUNITANA~NM1*82*1*SEARLES*DENISE*A***XX*1396971230~REF*EA*8DB9C9687A55426CA3E46BC97E4C57A0~DTM*232*20200317~DTM*233*20200317~SVC*HC:99213*90*65.81**1~DTM*472*20200317~CAS*CO*45*24.19~REF*6R*CP7UHNTIS58R~AMT*B6*65.81~LQ*HE*N381~CLP*000100031610*1*134*97.11**MC*2020087054285~NM1*QC*1*RAMIREZ*JAVIER****MR*F684344~NM1*82*1*HOOSHMAND-PARSI*KAYHOSROW****XX*1447291851~REF*EA*9D36A29659DE4F7F9E66C6B9A2B5F797~DTM*232*20200317~DTM*233*20200317~SVC*HC:99214*134*97.11**1~DTM*472*20200317~CAS*CO*45*36.89~REF*6R*CP6AT4KZ83LY~AMT*B6*97.11~LQ*HE*N77~LQ*HE*N381~CLP*000100031298*1*90*65.81**MC*2020087054438~NM1*QC*1*RATHBUN*AARON*W***MR*P304001~NM1*82*1*HOOSHMAND-PARSI*KAYHOSROW****XX*1447291851~REF*EA*6D80B1F83232465F8E29D16417053853~DTM*232*20200310~DTM*233*20200310~SVC*HC:99213*90*65.81**1~DTM*472*20200310~CAS*CO*45*24.19~REF*6R*CP6AIHPHA0D6~AMT*B6*65.81~LQ*HE*N77~LQ*HE*N381~CLP*000100031357*1*154*97.11**MC*2020087054502~NM1*QC*1*RUIZ*RACHEL*M***MR*S803725~NM1*82*1*SEARLES*DENISE*A***XX*1396971230~REF*EA*0FF07751957B48039FF4448ABB434C8B~DTM*232*20200311~DTM*233*20200311~SVC*HC:99214:25*134*97.11**1~DTM*472*20200311~CAS*CO*45*36.89~REF*6R*CP6A848PMOKQ~AMT*B6*97.11~LQ*HE*N381~SVC*HC:87804*20*0**0**1~DTM*472*20200311~CAS*PI*B7*20~REF*6R*CP6ASGRVV7V9~LQ*HE*MA120~LQ*HE*N381~CLP*000100031654*1*134*97.11**MC*2020091022612~NM1*QC*1*RUIZ*RACHEL*M***MR*S803725~NM1*82*1*SEARLES*DENISE*A***XX*1396971230~REF*EA*F25649A283DA4681A024D88E5827A14B~DTM*232*20200317~DTM*233*20200317~SVC*HC:99214*134*97.11**1~DTM*472*20200317~CAS*CO*45*36.89~REF*6R*CP7U3M5C5KC6~AMT*B6*97.11~LQ*HE*N381~CLP*000100031497*1*134*97.11**MC*2020087054150~NM1*QC*1*SAMSON*CARA*M***MR*Y649542~NM1*82*1*SEARLES*DENISE*A***XX*1396971230~REF*EA*7BE6DC522C1B49F286A1CC318D6A53FD~DTM*232*20200313~DTM*233*20200313~SVC*HC:99214*134*97.11**1~DTM*472*20200313~CAS*CO*45*36.89~REF*6R*CP6AQ83C377N~AMT*B6*97.11~LQ*HE*N77~LQ*HE*N381~CLP*000100031633*1*90*65.81**MC*2020091022485~NM1*QC*1*SAMSON*CARA*M***MR*Y649542~NM1*82*1*SEARLES*DENISE*A***XX*1396971230~REF*EA*0607C2520C8C4BC2BF7295160273E6E9~DTM*232*20200317~DTM*233*20200317~SVC*HC:99213*90*65.81**1~DTM*472*20200317~CAS*CO*45*24.19~REF*6R*CP7UBDTOVKO1~AMT*B6*65.81~LQ*HE*N381~CLP*000100031290*1*149*105.53**MC*2020087054075~NM1*QC*1*SANCHEZ*YVONNE*A***MR*J289148~NM1*82*1*HOOSHMAND-PARSI*KAYHOSROW****XX*1447291851~REF*EA*88FF8C8FCA764DC5A4E10CBC013449DA~DTM*232*20200310~DTM*233*20200310~SVC*HC:99214:25*134*97.11**1~DTM*472*20200310~CAS*CO*45*36.89~REF*6R*CP6AT01PCV0H~AMT*B6*97.11~LQ*HE*N77~LQ*HE*N381~SVC*HC:81025*15*8.42**1~DTM*472*20200310~CAS*CO*45*6.58~REF*6R*CP6AREKV6307~AMT*B6*8.42~LQ*HE*N77~LQ*HE*N381~CLP*000100031742*1*149*105.53**MC*2020091022431~NM1*QC*1*SANCHEZ*YVONNE*A***MR*J289148~NM1*82*1*GRONEMEYER*LEANNE*R***XX*1659521045~REF*EA*CCB283185D3C4DF0958068BCE0FD2BF1~DTM*232*20200318~DTM*233*20200318~SVC*HC:99214:25*134*97.11**1~DTM*472*20200318~CAS*CO*45*36.89~REF*6R*CP7UCXR8P0PT~AMT*B6*97.11~LQ*HE*N77~LQ*HE*N381~SVC*HC:81025*15*8.42**1~DTM*472*20200318~CAS*CO*45*6.58~REF*6R*CP7UTOXKCOOC~AMT*B6*8.42~LQ*HE*N77~LQ*HE*N381~CLP*000100030026*1*42*2**MC*2020092058271~NM1*QC*1*SIERRA*LISA*G***MR*J386597~NM1*82*1*LUCAS*PEGGI*S***XX*1366419582~REF*EA*00A4DC13201A4AC3999E4C73D45060B0~DTM*232*20200218~DTM*233*20200218~SVC*HC:96372*32*0**0**1~DTM*472*20200218~CAS*PI*16*32~REF*6R*CPEMGNVOISVY~LQ*HE*N381~SVC*HC:J1885*10*2**4~DTM*472*20200218~CAS*CO*45*8~REF*6R*CPEMQCQ414EP~AMT*B6*2~LQ*HE*N381~CLP*000100031609*1*134*97.11**MC*2020091022570~NM1*QC*1*SMITH*NICOLETTE*L***MR*J544310~NM1*82*1*SEARLES*DENISE*A***XX*1396971230~REF*EA*E966F256FAA7420AB958118A605F0C63~DTM*232*20200317~DTM*233*20200317~SVC*HC:99214*134*97.11**1~DTM*472*20200317~CAS*CO*45*36.89~REF*6R*CP7UMK1ESAM4~AMT*B6*97.11~LQ*HE*N381~CLP*000100030400*1*134*95.11*2*MC*2020092058175~NM1*QC*1*SMITH*ROBIN*L***MR*P136864~NM1*82*1*GRONEMEYER*LEANNE*R***XX*1659521045~REF*EA*22FBDAEB712640828F00C9AE5E7B7C0F~DTM*232*20200224~DTM*233*20200224~SVC*HC:99214*134*95.11**1~DTM*472*20200224~CAS*PR*3*2~CAS*CO*45*36.89~REF*6R*CPEMKTBFCVNF~AMT*B6*97.11~LQ*HE*N381~LQ*HE*N381~CLP*000100031777*1*134*97.11**MC*2020087054243~NM1*QC*1*TANKSLEY*DAYSHA*A***MR*O203621~NM1*82*1*SEARLES*DENISE*A***XX*1396971230~REF*EA*FA628121F2434714B7E16919D231AE5E~DTM*232*20200318~DTM*233*20200318~SVC*HC:99214*134*97.11**1~DTM*472*20200318~CAS*CO*45*36.89~REF*6R*CP6AVBOENV2I~AMT*B6*97.11~LQ*HE*N381~CLP*000100031570*1*105*74.23**MC*2020087054254~NM1*QC*1*TANKSLEY*DAYSHA*A***MR*O203621~NM1*82*1*HOOSHMAND-PARSI*KAYHOSROW****XX*1447291851~REF*EA*88EBDA0A8EFC45A996C4FED060764451~DTM*232*20200316~DTM*233*20200316~SVC*HC:99213:25*90*65.81**1~DTM*472*20200316~CAS*CO*45*24.19~REF*6R*CP6AEPXN10B7~AMT*B6*65.81~LQ*HE*N77~LQ*HE*N381~SVC*HC:81025*15*8.42**1~DTM*472*20200316~CAS*CO*45*6.58~REF*6R*CP6A49XB6EGI~AMT*B6*8.42~LQ*HE*N77~LQ*HE*N381~CLP*000100030241*1*167*81**MC*2020092058161~NM1*QC*1*TAYLOR*JASMINE*A***MR*P163937~NM1*82*1*GRONEMEYER*LEANNE*R***XX*1659521045~REF*EA*ABA448286963479089102A85C87AB2DA~DTM*232*20200220~DTM*233*20200220~SVC*HC:96372:FP*32*0**0**1~DTM*472*20200220~CAS*PI*16*32~REF*6R*CPEMFQBRFN4D~LQ*HE*N381~SVC*HC:J1050:FP*135*81**150~DTM*472*20200220~CAS*CO*45*54~REF*6R*CPEMBJQPOJZA~AMT*B6*81~LQ*HE*N381~CLP*000100031796*1*134*97.11**MC*2020091022541~NM1*QC*1*TUCKER*JUDY*L***MR*W894116~NM1*82*1*GRONEMEYER*LEANNE*R***XX*1659521045~REF*EA*862D936E30A649908274DC0C6A651933~DTM*232*20200319~DTM*233*20200319~SVC*HC:99214*134*97.11**1~DTM*472*20200319~CAS*CO*45*36.89~REF*6R*CP7UZ88GM28K~AMT*B6*97.11~LQ*HE*N381~CLP*000100031335*1*1971*1286.51**MC*2020087054198~NM1*QC*1*URIE*NATHAN*J***MR*Y183401~NM1*82*1*GRONEMEYER*LEANNE*R***XX*1659521045~REF*EA*A3030B12B9C34F49A6A1C34050E04A3D~DTM*232*20200311~DTM*233*20200311~SVC*HC:99214:25*134*97.11**1~DTM*472*20200311~CAS*CO*45*36.89~REF*6R*CP6A5Z5DS8Z0~AMT*B6*97.11~LQ*HE*N77~LQ*HE*N381~SVC*HC:96372*32*0**0**1~DTM*472*20200311~CAS*CO*109*32~REF*6R*CP6AJJHSM3CY~LQ*HE*N77~LQ*HE*N381~SVC*HC:J2315*1805*1189.4**380~DTM*472*20200311~CAS*CO*45*615.6~REF*6R*CP6A6D31RRXL~AMT*B6*1189.4~LQ*HE*N77~LQ*HE*N381~CLP*000100031759*1*90*65.81**MC*2020091022581~NM1*QC*1*VALENTINE*JEANA****MR*Y336108~NM1*82*1*SEARLES*DENISE*A***XX*1396971230~REF*EA*FFF4A0255DB544A3818AFFC5BC9AB6DA~DTM*232*20200318~DTM*233*20200318~SVC*HC:99213*90*65.81**1~DTM*472*20200318~CAS*CO*45*24.19~REF*6R*CP7UBGCGEH8F~AMT*B6*65.81~LQ*HE*N381~CLP*000100031632*1*149*105.53**MC*2020092058090~NM1*QC*1*VARGAS*ERIKA*A***MR*L114609~NM1*82*1*GRONEMEYER*LEANNE*R***XX*1659521045~REF*EA*8DF01DA7ACD4484F843FF9BA25470901~DTM*232*20200317~DTM*233*20200317~SVC*HC:99214:25*134*97.11**1~DTM*472*20200317~CAS*CO*45*36.89~REF*6R*CPEMU6Y126VW~AMT*B6*97.11~LQ*HE*N77~LQ*HE*N381~SVC*HC:81025*15*8.42**1~DTM*472*20200317~CAS*CO*45*6.58~REF*6R*CPEML7V1OLI9~AMT*B6*8.42~LQ*HE*N77~LQ*HE*N381~CLP*000100030056*1*149*105.53**MC*2020092058104~NM1*QC*1*VARGAS*ERIKA*A***MR*L114609~NM1*82*1*GRONEMEYER*LEANNE*R***XX*1659521045~REF*EA*38B3B335CDD74CCD851038B698ED7F29~DTM*232*20200218~DTM*233*20200218~SVC*HC:99214:25*134*97.11**1~DTM*472*20200218~CAS*CO*45*36.89~REF*6R*CPEMR87HTFPK~AMT*B6*97.11~LQ*HE*N77~LQ*HE*N381~SVC*HC:81025*15*8.42**1~DTM*472*20200218~CAS*CO*45*6.58~REF*6R*CPEMMAEDE5QV~AMT*B6*8.42~LQ*HE*N77~LQ*HE*N381~CLP*000100031641*1*134*97.11**MC*2020092058284~NM1*QC*1*VARGAS*MAX****MR*S695147~NM1*82*1*GRONEMEYER*LEANNE*R***XX*1659521045~REF*EA*843669548F844646910D7F8735A4BCB6~DTM*232*20200317~DTM*233*20200317~SVC*HC:99214*134*97.11**1~DTM*472*20200317~CAS*CO*45*36.89~REF*6R*CPEME8Q1DOZJ~AMT*B6*97.11~LQ*HE*N77~LQ*HE*N381~CLP*000100031259*1*134*97.11**MC*2020092058290~NM1*QC*1*VARGAS*MAX****MR*S695147~NM1*82*1*GRONEMEYER*LEANNE*R***XX*1659521045~REF*EA*50B950B6FB014159BFD14FF2DBB27520~DTM*232*20200310~DTM*233*20200310~SVC*HC:99214*134*97.11**1~DTM*472*20200310~CAS*CO*45*36.89~REF*6R*CPEMVYLU5IO9~AMT*B6*97.11~LQ*HE*N77~LQ*HE*N381~CLP*000100030425*1*134*97.11**MC*2020092058292~NM1*QC*1*VARGAS*MAX****MR*S695147~NM1*82*1*GRONEMEYER*LEANNE*R***XX*1659521045~REF*EA*191D067D622048CD9A240B00BA457149~DTM*232*20200225~DTM*233*20200225~SVC*HC:99214*134*97.11**1~DTM*472*20200225~CAS*CO*45*36.89~REF*6R*CPEML47VQ5UM~AMT*B6*97.11~LQ*HE*N77~LQ*HE*N381~CLP*000100030063*1*134*97.11**MC*2020092058296~NM1*QC*1*VARGAS*MAX****MR*S695147~NM1*82*1*GRONEMEYER*LEANNE*R***XX*1659521045~REF*EA*802BB92F2211442AA9FC2411DEB6A6C4~DTM*232*20200218~DTM*233*20200218~SVC*HC:99214*134*97.11**1~DTM*472*20200218~CAS*CO*45*36.89~REF*6R*CPEMVGGF6FXS~AMT*B6*97.11~LQ*HE*N77~LQ*HE*N381~CLP*000100031640*1*138*100.51**MC*2020091022528~NM1*QC*1*VELIZ*VENESSA*M***MR*M617287~NM1*82*1*SEARLES*DENISE*A***XX*1396971230~REF*EA*D8A8610F3CDC4ABA82C74EA269DC91D1~DTM*232*20200317~DTM*233*20200317~SVC*HC:99214:25*134*97.11**1~DTM*472*20200317~CAS*CO*45*36.89~REF*6R*CP7UG45D9DNL~AMT*B6*97.11~LQ*HE*N381~SVC*HC:81002*4*3.4**1~DTM*472*20200317~CAS*CO*45*.6~REF*6R*CP7UAGQGOH7B~AMT*B6*3.4~LQ*HE*N381~CLP*000100031829*1*134*97.11**MC*2020091022567~NM1*QC*1*VIGIL*ALBERT****MR*Y910988~NM1*82*1*GRONEMEYER*LEANNE*R***XX*1659521045~REF*EA*F14614836D8F41F8B9293B36D82486F9~DTM*232*20200319~DTM*233*20200319~SVC*HC:99214*134*97.11**1~DTM*472*20200319~CAS*CO*45*36.89~REF*6R*CP7U5UHF7NB9~AMT*B6*97.11~LQ*HE*N381~CLP*000100031636*1*90*65.81**MC*2020091022520~NM1*QC*1*VIGIL*JACOB*J***MR*T137873~NM1*82*1*SEARLES*DENISE*A***XX*1396971230~REF*EA*4930CD8D7258466DBD43D2AAF0ACB8B3~DTM*232*20200317~DTM*233*20200317~SVC*HC:99213*90*65.81**1~DTM*472*20200317~CAS*CO*45*24.19~REF*6R*CP7UZQFTKCI3~AMT*B6*65.81~LQ*HE*N381~CLP*000100030032*1*330*201.54**MC*2020092058118~NM1*QC*1*VIGIL*JOSEPH****MR*Y094505~NM1*82*1*GRONEMEYER*LEANNE*R***XX*1659521045~REF*EA*EE4590F5072E41D1BF6B91CCA708ADBA~DTM*232*20200218~DTM*233*20200218~SVC*HC:99204:25*205*149.59**1~DTM*472*20200218~CAS*CO*45*55.41~REF*6R*CPEM206WAY44~AMT*B6*149.59~LQ*HE*N77~LQ*HE*N381~SVC*HC:99415*45*7.11**1~DTM*472*20200218~CAS*CO*45*37.89~REF*6R*CPEM691XR6MZ~AMT*B6*7.11~LQ*HE*N77~LQ*HE*N381~SVC*HC:H0049*36*10.92**1~DTM*472*20200218~CAS*CO*45*25.08~REF*6R*CPEM6611KXLU~AMT*B6*10.92~LQ*HE*N77~LQ*HE*N381~SVC*HC:G8431*40*30.52**1~DTM*472*20200218~CAS*CO*45*9.48~REF*6R*CPEMPISZLEDB~AMT*B6*30.52~LQ*HE*N77~LQ*HE*N381~SVC*HC:81002*4*3.4**1~DTM*472*20200218~CAS*CO*45*.6~REF*6R*CPEMAD3MAUHT~AMT*B6*3.4~LQ*HE*N77~LQ*HE*N381~CLP*000100030071*1*134*97.11**MC*2020092058241~NM1*QC*1*VOBACH*PAUL****MR*P235680~NM1*82*1*GRONEMEYER*LEANNE*R***XX*1659521045~REF*EA*CA755595447A40F0858D8108C5B494D4~DTM*232*20200218~DTM*233*20200218~SVC*HC:99214*134*97.11**1~DTM*472*20200218~CAS*CO*45*36.89~REF*6R*CPEM49LUAZE2~AMT*B6*97.11~LQ*HE*N77~LQ*HE*N381~CLP*000100031651*1*134*97.11**MC*2020092058244~NM1*QC*1*VOBACH*PAUL****MR*P235680~NM1*82*1*GRONEMEYER*LEANNE*R***XX*1659521045~REF*EA*2D871A3E5A224DF0A711CBE0889F4425~DTM*232*20200317~DTM*233*20200317~SVC*HC:99214*134*97.11**1~DTM*472*20200317~CAS*CO*45*36.89~REF*6R*CPEMFYJ58DTV~AMT*B6*97.11~LQ*HE*N77~LQ*HE*N381~CLP*000100031840*1*272.99*97.11**MC*2020091022573~NM1*QC*1*WILLIAMS*ETHAN*D***MR*O419068~NM1*82*1*SEARLES*DENISE*A***XX*1396971230~REF*EA*6247819D1C674CA18F15F6E231234002~DTM*232*20200319~DTM*233*20200319~SVC*HC:99214*272.99*97.11**1~DTM*472*20200319~CAS*CO*45*175.88~REF*6R*CP7U7MYS6XFR~AMT*B6*97.11~LQ*HE*N381~CLP*000100032094*1*272.99*97.11**MC*2020091022576~NM1*QC*1*WILLIAMS*ETHAN*D***MR*O419068~NM1*82*1*SEARLES*DENISE*A***XX*1396971230~REF*EA*51378326056B4545A1D3C473955C2CAB~DTM*232*20200324~DTM*233*20200324~SVC*HC:99214*272.99*97.11**1~DTM*472*20200324~CAS*CO*45*175.88~REF*6R*CP7UBP8BW4Y3~AMT*B6*97.11~LQ*HE*N381~CLP*000100031504*1*154*97.11**MC*2020092058232~NM1*QC*1*WILLIS*ROYCE*J***MR*O655713~NM1*82*1*LUCAS*PEGGI*S***XX*1366419582~REF*EA*E540C0F3BDED4FA09D66C011E1CC4B08~DTM*232*20200313~DTM*233*20200313~SVC*HC:99214:25*134*97.11**1~DTM*472*20200313~CAS*CO*45*36.89~REF*6R*CPEM3DB3IQDX~AMT*B6*97.11~LQ*HE*N381~SVC*HC:87804*20*0**0**1~DTM*472*20200313~CAS*PI*B7*20~REF*6R*CPEMKR5G7CLW~LQ*HE*MA120~LQ*HE*N381~CLP*000100031472*1*149*105.53**MC*2020087054445~NM1*QC*1*WOODARD*LYDIA****MR*P869732~NM1*82*1*SEARLES*DENISE*A***XX*1396971230~REF*EA*3815C8205233418EBF680947D3F81BD2~DTM*232*20200313~DTM*233*20200313~SVC*HC:99214:25*134*97.11**1~DTM*472*20200313~CAS*CO*45*36.89~REF*6R*CP6A8WSADNRF~AMT*B6*97.11~LQ*HE*N77~LQ*HE*N381~SVC*HC:81025*15*8.42**1~DTM*472*20200313~CAS*CO*45*6.58~REF*6R*CP6AQ2PKAKBO~AMT*B6*8.42~LQ*HE*N77~LQ*HE*N381~CLP*000100031596*1*134*97.11**MC*2020091022414~NM1*QC*1*ZENTENO*LUIS*F***MR*P095022~NM1*82*1*GRONEMEYER*LEANNE*R***XX*1659521045~REF*EA*9839BFD0900A465C9B3E70FD7C11B40D~DTM*232*20200316~DTM*233*20200316~SVC*HC:99214*134*97.11**1~DTM*472*20200316~CAS*CO*45*36.89~REF*6R*CP7UE1WJFPDE~AMT*B6*97.11~LQ*HE*N381~CLP*000100031587*1*54*39.39**MC*2020087054474~NM1*QC*1*ZUPANCIC*CARLOS*A***MR*K226313~NM1*82*1*HOOSHMAND-PARSI*KAYHOSROW****XX*1447291851~REF*EA*8C94FCB92049426482E34B0E0FFD9378~DTM*232*20200316~DTM*233*20200316~SVC*HC:99212*54*39.39**1~DTM*472*20200316~CAS*CO*45*14.61~REF*6R*CP6AY1JZG5KC~AMT*B6*39.39~LQ*HE*N77~LQ*HE*N381~CLP*000100031480*1*174*127.63**MC*2020087054478~NM1*QC*1*ZUPANCIC*CARLOS*A***MR*K226313~NM1*82*1*SEARLES*DENISE*A***XX*1396971230~REF*EA*92D10C33F4A246298C62D2BDF552155F~DTM*232*20200313~DTM*233*20200313~SVC*HC:99214:25*134*97.11**1~DTM*472*20200313~CAS*CO*45*36.89~REF*6R*CP6ATUQ2XAKM~AMT*B6*97.11~LQ*HE*N77~LQ*HE*N381~SVC*HC:G8431*40*30.52**1~DTM*472*20200313~CAS*CO*45*9.48~REF*6R*CP6AGXFDNM4H~AMT*B6*30.52~LQ*HE*N77~LQ*HE*N381~CLP*000100031757*4*88.54*0**MC*2020092058216~NM1*QC*1*AVILA*SHANNA****MR*K598901~REF*EA*E381E5BBA544415A8653A26E49DC9FBC~DTM*232*20200318~DTM*233*20200318~SVC*HC:H0002*88.54*0**0**1~DTM*472*20200318~CAS*PI*16*88.54~REF*6R*CPEM9RRN0L0G~REF*HPI*1508250911~LQ*HE*N290~LQ*HE*N77~LQ*HE*MA70~CLP*000100023036*4*54*0**MC*2019351033653~NM1*QC*1*CLASON*DOROTHY****MR*I727058~NM1*82*1*GRONEMEYER*LEANNE*R***XX*1659521045~REF*EA*E2B2894FCBA94D07A0FF5E170D059C48~DTM*232*20191001~DTM*233*20191001~DTM*036*20190430~SVC*HC:99212*54*0**0**1~DTM*472*20191001~CAS*CO*26*54~REF*6R*CPNHQ1U3IMTO~LQ*HE*N30~CLP*000100023036*4*54*0**MC*2020030071443~NM1*QC*1*CLASON*DOROTHY****MR*I727058~NM1*82*1*HOOSHMAND-PARSI*KAYHOSROW****XX*1447291851~REF*EA*ADFD93A5EBF346DBBFAED176BB10F331~DTM*232*20191001~DTM*233*20191001~DTM*036*20190430~SVC*HC:99212*54*0**0**1~DTM*472*20191001~CAS*CO*26*54~REF*6R*CP2DRRM0DB30~LQ*HE*N30~CLP*000100031355*4*120*0**MC*2020087054387~NM1*QC*1*GILMORE*BRIAN*W***MR*U569330~NM1*82*1*SANCHEZ*LEANN*V***XX*1508990961~REF*EA*AF825B782CB74690A99251EBBF7DBB3B~DTM*232*20200311~DTM*233*20200311~SVC*HC:90791*120*0**0**1~DTM*472*20200311~CAS*PI*16*120~REF*6R*CP6AJ8J2CO2U~LQ*HE*N77~LQ*HE*MA70~CLP*000100030464*4*65*0**MC*2020092058116~NM1*QC*1*ORNELAS*MICHAEL*A***MR*Q985383~NM1*82*1*SANCHEZ*LEANN*V***XX*1508990961~REF*EA*24DE37F90DFE4E9E8B7D5BC01BE9FA51~DTM*232*20200225~DTM*233*20200225~SVC*HC:H0006*65*0**0**1~DTM*472*20200225~CAS*PI*16*65~REF*6R*CP7MQEMG4HV7~LQ*HE*N77~LQ*HE*MA70~CLP*000100031324*4*80*0**MC*2020087054210~NM1*QC*1*QUINTANA*DANIELLE*A***MR*N559116~NM1*82*1*LEWIS*HOLLY*G***XX*1295234128~REF*EA*13385DDDBC9F4FEE8560754BF605B08C~DTM*232*20200311~DTM*233*20200311~SVC*HC:90834*80*0**0**1~DTM*472*20200311~CAS*PI*119*80~REF*6R*CP6AUTOMXKDN~LQ*HE*N77~LQ*HE*N381~CLP*000100029216*4*10*0**MC*2020087054291~NM1*QC*1*SCHAFFER*JENNIFER*A***MR*Y301172~NM1*82*1*LUCAS*PEGGI*S***XX*1366419582~REF*EA*F51396AFFF40483499803230E8555528~DTM*232*20200131~DTM*233*20200131~SVC*HC:J1885*10*0**0**4~DTM*472*20200131~CAS*PI*16*10~REF*6R*CP6AJSQDRNW2~LQ*HE*N30~LQ*HE*MA92~LQ*HE*MA92~LQ*HE*MA92~LQ*HE*N56~CLP*000100030254*4*65*0**MC*2020092058268~NM1*QC*1*TOMLINSON*SEAN*B***MR*O382609~NM1*82*1*SANCHEZ*LEANN*V***XX*1508990961~REF*EA*C09E5EC722F64088B3AFA8FF8D5784D7~DTM*232*20200220~DTM*233*20200220~SVC*HC:90832*65*0**0**1~DTM*472*20200220~CAS*PI*16*65~REF*6R*CP7M8FCXKFY5~LQ*HE*N77~LQ*HE*MA70~SE*2248*000010012~GE*1*300000759~IEA*1*300000759~