ISA*00*          *00*          *ZZ*COMEDASSISTPROG*ZZ*6769489        *200427*0241*^*00501*100004875*0*P*:~GS*HP*COMEDASSISTPROG*6769489*20200427*024114*100004875*X*005010X221A1~ST*835*000010011~BPR*I*16433.72*C*ACH*CCP*01*075911603*DA*00000004556640373*1811725341**01*102106569*DA*2200002989138*20200427~TRN*1*000960610*1811725341~REF*EV*1508250911~DTM*405*20200424~N1*PR*CO_TXIX*XV*7912900843~N3*P.O. BOX 30~N4*DENVER*CO*80201~PER*CX*MEDICAID PROVIDER SERVICES*TE*8442352387~PER*BL*MEDICAID PROVIDER SERVICES*TE*8442352387~N1*PE*HEALTH SOLUTIONS MED CENTER*XX*1508250911~REF*TJ*841158933~LX*1~CLP*000100032508*2*178.3*8.93**MC*2020114004446~NM1*QC*1*ANDERSON*KATHLEEN*R***MR*P388137~NM1*82*1*GRONEMEYER*LEANNE*R***XX*1659521045~REF*EA*B4B854E42AF440E994EAAEA2275F38C6~DTM*232*20200331~DTM*233*20200331~SVC*HC:99213*178.3*8.93**1~DTM*472*20200331~CAS*CO*45*169.37~REF*6R*CPEAQW26YZI5~AMT*B6*8.93~LQ*HE*N381~LQ*HE*N381~CLP*000100032524*2*178.3*10.51**MC*2020114004445~NM1*QC*1*CLARK*PATRICK*M***MR*O278601~NM1*82*1*HOOSHMAND-PARSI*KAYHOSROW****XX*1447291851~REF*EA*E846B6F9D8104D4AA1FB5E0FC41E3282~DTM*232*20200331~DTM*233*20200331~SVC*HC:99213*178.3*10.51**1~DTM*472*20200331~CAS*CO*45*167.79~REF*6R*CPEAENBTXOCQ~AMT*B6*10.51~LQ*HE*N381~LQ*HE*N381~CLP*000100027421*2*257*30.76**MC*2020109001146~NM1*QC*1*DICKERSON*RAUNITA****MR*G832391~NM1*82*1*GRONEMEYER*LEANNE*R***XX*1659521045~REF*EA*BD12128A46DD4E7BB8CA95724AADF6EC~DTM*232*20191230~DTM*233*20191230~SVC*HC:99213:25:FP*90*12.94**1~DTM*472*20191230~CAS*CO*45*77.06~REF*6R*CPEMV7DH3LLT~AMT*B6*12.94~LQ*HE*N381~LQ*HE*N381~SVC*HC:J1050:FP*135*14.91**150~DTM*472*20191230~CAS*CO*45*120.09~REF*6R*CPEMBSAXP556~AMT*B6*14.91~LQ*HE*N381~LQ*HE*N381~SVC*HC:96372:FP*32*2.91**1~DTM*472*20191230~CAS*CO*45*29.09~REF*6R*CPEMC3DJYWZE~AMT*B6*2.91~LQ*HE*N381~LQ*HE*N381~CLP*000100031628*2*134*19**MC*2020109001149~NM1*QC*1*GALLEGOS*CARLOS*L***MR*P497529~NM1*82*1*GRONEMEYER*LEANNE*R***XX*1659521045~REF*EA*4750182B6E1C4054A5574D6BBA4E3C45~DTM*232*20200317~DTM*233*20200317~SVC*HC:99214*134*19**1~DTM*472*20200317~CAS*CO*45*115~REF*6R*CPEMOQ5LZY9R~AMT*B6*19~LQ*HE*N381~LQ*HE*N381~CLP*000100032016*2*272.99*19**MC*2020109001151~NM1*QC*1*GALLEGOS*CARLOS*L***MR*P497529~NM1*82*1*GRONEMEYER*LEANNE*R***XX*1659521045~REF*EA*5FEC578937884242AD57598659D83B0D~DTM*232*20200324~DTM*233*20200324~SVC*HC:99214*272.99*19**1~DTM*472*20200324~CAS*CO*45*253.99~REF*6R*CPEMQUPFQSLD~AMT*B6*19~LQ*HE*N381~LQ*HE*N381~CLP*000100031256*2*134*19**MC*2020109001152~NM1*QC*1*GALLEGOS*CARLOS*L***MR*P497529~NM1*82*1*GRONEMEYER*LEANNE*R***XX*1659521045~REF*EA*E9D2444143BC48A881A5F1096778F691~DTM*232*20200310~DTM*233*20200310~SVC*HC:99214*134*19**1~DTM*472*20200310~CAS*CO*45*115~REF*6R*CPEM6JJUWWL1~AMT*B6*19~LQ*HE*N381~LQ*HE*N381~CLP*000100032448*2*178.3*8.93**MC*2020114004444~NM1*QC*1*SOUSIE*KATHLEEN*A***MR*G599543~NM1*82*1*GRONEMEYER*LEANNE*R***XX*1659521045~REF*EA*EDBE57D4FBA94448803B85AAD9A11A15~DTM*232*20200330~DTM*233*20200330~SVC*HC:99213*178.3*8.93**1~DTM*472*20200330~CAS*CO*45*169.37~REF*6R*CPEAGKL7TPD3~AMT*B6*8.93~LQ*HE*N381~LQ*HE*N381~CLP*000100031148*2*90*61.58**MC*2020115045167~NM1*QC*1*WITHAAR*CHARLES*D***MR*R330415~NM1*82*1*CADDALI*ESTRELLA*A***XX*1164974580~REF*EA*4D559C68CC5F4403A3FCDF74BDEEABFE~DTM*232*20200306~DTM*233*20200306~SVC*HC:99213*90*61.58**1~DTM*472*20200306~CAS*CO*45*28.42~REF*6R*CPGYXG7R7TN5~AMT*B6*61.58~LQ*HE*N381~LQ*HE*N381~CLP*000100030678*4*90*0**MC*2020113061458~NM1*QC*1*JOHNSON*DANNY*L***MR*O264066~NM1*82*1*CADDALI*ESTRELLA*A***XX*1164974580~DTM*232*20200227~DTM*233*20200227~SVC*HC:99213*90*0**0**1~DTM*472*20200227~CAS*PI*16*90~LQ*HE*M47~CLP*000100030540*4*134*0**MC*2020112047367~NM1*QC*1*ZARATE*JOHN****MR*I805862~NM1*82*1*SEARLES*DENISE*A***XX*1396971230~REF*EA*880C7CDC556C478583E48A56E75773D7~DTM*232*20200226~DTM*233*20200226~SVC*HC:99214*134*0**0**1~DTM*472*20200226~CAS*PI*119*134~REF*6R*CPGMEWEXG58E~LQ*HE*N362~LQ*HE*N56~LQ*HE*N381~LQ*HE*N381~CLP*000100030678*22*-90*-65.57**MC*2020092053215~NM1*QC*1*JOHNSON*DANNY*L***MR*O264066~NM1*82*1*CADDALI*ESTRELLA*A***XX*1164974580~REF*EA*63DF97003112408DA712E0547E5FDC54~DTM*232*20200227~DTM*233*20200227~SVC*HC:99213*-90*-65.57**1~DTM*472*20200227~CAS*CO*45*-24.43~REF*6R*CPEMD4YKA2F3~AMT*B6*65.57~LQ*HE*N381~LQ*HE*N381~CLP*000100030678*4*90*0**MC*5920113010546~NM1*QC*1*JOHNSON*DANNY*L***MR*O264066~NM1*82*1*CADDALI*ESTRELLA*A***XX*1164974580~REF*EA*63DF97003112408DA712E0547E5FDC54~DTM*232*20200227~DTM*233*20200227~SVC*HC:99213*90*0**1~DTM*472*20200227~CAS*CO*129*90~REF*6R*CPEMD4YKA2F3~LQ*HE*N59~CLP*000100030430*22*-90*-65.57**MC*2020092053118~NM1*QC*1*LOPEZ*JOSE****MR*I605668~NM1*82*1*CADDALI*ESTRELLA*A***XX*1164974580~REF*EA*E46D65298F1E426688211519FABA28C4~DTM*232*20200225~DTM*233*20200225~SVC*HC:99213*-90*-65.57**1~DTM*472*20200225~CAS*CO*45*-24.43~REF*6R*CPEM3K7TTFOZ~AMT*B6*65.57~LQ*HE*N381~LQ*HE*N381~CLP*000100030430*4*90*0**MC*5920113010554~NM1*QC*1*LOPEZ*JOSE****MR*I605668~NM1*82*1*CADDALI*ESTRELLA*A***XX*1164974580~REF*EA*E46D65298F1E426688211519FABA28C4~DTM*232*20200225~DTM*233*20200225~SVC*HC:99213*90*0**1~DTM*472*20200225~CAS*CO*129*90~REF*6R*CPEM3K7TTFOZ~LQ*HE*N59~CLP*000100033235*1*272.99*97.11**MC*2020112047441~NM1*QC*1*ALDAZ*BRANDON*D***MR*Q959560~NM1*82*1*CADDALI*ESTRELLA*A***XX*1164974580~REF*EA*78C9D64C8CBB43D0ADCA5A77B0F0D6D2~DTM*232*20200415~DTM*233*20200415~SVC*HC:99214*272.99*97.11**1~DTM*472*20200415~CAS*CO*45*175.88~REF*6R*CPGMXB94Y0XE~AMT*B6*97.11~LQ*HE*N381~CLP*000100032705*1*178.3*65.81**MC*2020112047385~NM1*QC*1*ARAGON*NESTOR****MR*R427575~NM1*82*1*CADDALI*ESTRELLA*A***XX*1164974580~REF*EA*42A97BF440A84B728ABFA5423EAF339D~DTM*232*20200403~DTM*233*20200403~SVC*HC:99213*178.3*65.81**1~DTM*472*20200403~CAS*CO*45*112.49~REF*6R*CPGMPLRZLUQ8~AMT*B6*65.81~LQ*HE*N381~CLP*000100032926*1*178.3*63.81*2*MC*2020112047435~NM1*QC*1*ARELLANO*CHELSEA****MR*O487114~NM1*82*1*SEARLES*DENISE*A***XX*1396971230~REF*EA*346DD4B22B9C41E5BCE2D7D16CB2674A~DTM*232*20200408~DTM*233*20200408~SVC*HC:99213*178.3*63.81**1~DTM*472*20200408~CAS*PR*3*2~CAS*CO*45*112.49~REF*6R*CPGM8VTT8WFX~AMT*B6*65.81~LQ*HE*N381~LQ*HE*N381~CLP*000100032991*1*621.47*107.25**MC*2020115045264~NM1*QC*1*ARELLANO*STEFAN*G***MR*T457503~NM1*82*1*SEARLES*DENISE*A***XX*1396971230~REF*EA*2CBB1F173DE6447F9D2525C98146ECD7~DTM*232*20200409~DTM*233*20200409~SVC*HC:99213:25*178.3*65.81**1~DTM*472*20200409~CAS*CO*45*112.49~REF*6R*CPGYTCKQ5X0Y~AMT*B6*65.81~LQ*HE*N381~SVC*HC:H0049*403.17*10.92**1~DTM*472*20200409~CAS*CO*45*392.25~REF*6R*CPGYBRYOZFGV~AMT*B6*10.92~LQ*HE*N381~SVC*HC:G8431*40*30.52**1~DTM*472*20200409~CAS*CO*45*9.48~REF*6R*CPGYPIO7QSK4~AMT*B6*30.52~LQ*HE*N381~CLP*000100033218*1*178.3*65.81**MC*2020112047502~NM1*QC*1*ARMSTRONG*JONATHON*H***MR*N774392~NM1*82*1*CADDALI*ESTRELLA*A***XX*1164974580~REF*EA*BE1FACA695374736BFB956FC8197788F~DTM*232*20200414~DTM*233*20200414~SVC*HC:99213*178.3*65.81**1~DTM*472*20200414~CAS*CO*45*112.49~REF*6R*CPGMLL3WIFV8~AMT*B6*65.81~LQ*HE*N381~CLP*000100032275*1*272.99*97.11**MC*2020115045255~NM1*QC*1*ATENCIO*MICHEAL*R***MR*M394564~NM1*82*1*GRONEMEYER*LEANNE*R***XX*1659521045~REF*EA*53144C7B0D564A2C98C02558CC7ECC6A~DTM*232*20200326~DTM*233*20200326~SVC*HC:99214*272.99*97.11**1~DTM*472*20200326~CAS*CO*45*175.88~REF*6R*CPGY73THWKL9~AMT*B6*97.11~LQ*HE*N381~CLP*000100033062*1*1973.99*1185.6**MC*2020115045261~NM1*QC*1*BACA*DONOVAN*D***MR*U406657~NM1*82*1*SEARLES*DENISE*A***XX*1396971230~REF*EA*92DCFF6837C34DF8A6A5D8410239F0A0~DTM*232*20200410~DTM*233*20200410~SVC*HC:96372*83.99*0**0**1~DTM*472*20200410~CAS*CO*109*83.99~REF*6R*CPGYNS2F7RZK~LQ*HE*N77~LQ*HE*N381~SVC*HC:J2315*1805*1185.6**380~DTM*472*20200410~CAS*CO*45*619.4~REF*6R*CPGYWBCPCRU7~AMT*B6*1185.6~LQ*HE*N77~LQ*HE*N381~SVC*HC:80101*85*0**0**1~DTM*472*20200410~CAS*PI*16*85~REF*6R*CPGY8IDIK4O1~LQ*HE*N77~LQ*HE*N56~CLP*000100033062*1*178.3*65.81**MC*2020115045262~NM1*QC*1*BACA*DONOVAN*D***MR*U406657~NM1*82*1*SEARLES*DENISE*A***XX*1396971230~REF*EA*C57413143656422DB99E2725E345E01A~DTM*232*20200410~DTM*233*20200410~SVC*HC:99213:25*178.3*65.81**1~DTM*472*20200410~CAS*CO*45*112.49~REF*6R*CPGYZGO0AAUR~AMT*B6*65.81~LQ*HE*N381~CLP*000100031988*1*178.3*65.81**MC*2020112047383~NM1*QC*1*BOISVERT*ORIEN*K***MR*O244414~NM1*82*1*HOOSHMAND-PARSI*KAYHOSROW****XX*1447291851~REF*EA*F7734D529ED64AF98682968D8016DD10~DTM*232*20200323~DTM*233*20200323~SVC*HC:99213*178.3*65.81**1~DTM*472*20200323~CAS*CO*45*112.49~REF*6R*CPGMRB8972QQ~AMT*B6*65.81~LQ*HE*N77~LQ*HE*N381~CLP*000100029649*2*120*64.71**MC*2020112047415~NM1*QC*1*BROWN*SAMANTHA*L***MR*U792619~NM1*82*1*LEWIS*HOLLY*G***XX*1295234128~REF*EA*0BA282B3D5E8482CB0A81C783341522A~DTM*232*20200210~DTM*233*20200210~SVC*HC:90791*120*64.71**1~DTM*472*20200210~CAS*CO*45*10.29~CAS*OA*23*45~REF*6R*CPGMRTV4M0R8~AMT*B6*109.71~LQ*HE*N77~LQ*HE*MA125~LQ*HE*N381~CLP*000100033250*1*178.3*65.81**MC*2020112047459~NM1*QC*1*BYERS*BRAXTON****MR*O055709~NM1*82*1*CADDALI*ESTRELLA*A***XX*1164974580~REF*EA*350B90CF4A28476391B172BBE81DDC13~DTM*232*20200415~DTM*233*20200415~SVC*HC:99213*178.3*65.81**1~DTM*472*20200415~CAS*CO*45*112.49~REF*6R*CPGMOBRFXU02~AMT*B6*65.81~LQ*HE*N381~CLP*000100031869*1*178.3*65.81**MC*2020112047403~NM1*QC*1*CAMPBELL*TAMMY*L***MR*Y574975~NM1*82*1*SEARLES*DENISE*A***XX*1396971230~REF*EA*82850187BCB1446BB1C5820998FA0513~DTM*232*20200320~DTM*233*20200320~SVC*HC:99213:25*178.3*65.81**1~DTM*472*20200320~CAS*CO*45*112.49~REF*6R*CPGMF4ZPG10J~AMT*B6*65.81~LQ*HE*N381~CLP*000100032494*1*178.3*65.81**MC*2020112047405~NM1*QC*1*CAMPBELL*TAMMY*L***MR*Y574975~NM1*82*1*CADDALI*ESTRELLA*A***XX*1164974580~REF*EA*2545B64603EF4039AC154DF04BF4BF8F~DTM*232*20200331~DTM*233*20200331~SVC*HC:99213*178.3*65.81**1~DTM*472*20200331~CAS*CO*45*112.49~REF*6R*CPGMHOIZ63UK~AMT*B6*65.81~LQ*HE*N381~CLP*000100031869*1*15*8.42**MC*2020112047406~NM1*QC*1*CAMPBELL*TAMMY*L***MR*Y574975~NM1*82*1*SEARLES*DENISE*A***XX*1396971230~REF*EA*C994EB3372044584A630299702E20A37~DTM*232*20200320~DTM*233*20200320~SVC*HC:81025*15*8.42**1~DTM*472*20200320~CAS*CO*45*6.58~REF*6R*CPGMPAEO5C37~AMT*B6*8.42~LQ*HE*N77~LQ*HE*N381~CLP*000100033375*1*178.3*65.81**MC*2020112047408~NM1*QC*1*CAMPBELL*TAMMY*L***MR*Y574975~NM1*82*1*SEARLES*DENISE*A***XX*1396971230~REF*EA*1BF1CA80D7DD418190F9062EBAD64A70~DTM*232*20200417~DTM*233*20200417~SVC*HC:99213*178.3*65.81**1~DTM*472*20200417~CAS*CO*45*112.49~REF*6R*CPGMOTUMJIJH~AMT*B6*65.81~LQ*HE*N381~CLP*000100032994*1*272.99*97.11**MC*2020112047520~NM1*QC*1*COLEMAN*AUDREY****MR*P886618~NM1*82*1*CADDALI*ESTRELLA*A***XX*1164974580~REF*EA*76BD70351BE542DDA529D29FECA49737~DTM*232*20200409~DTM*233*20200409~SVC*HC:99214*272.99*97.11**1~DTM*472*20200409~CAS*CO*45*175.88~REF*6R*CPGML9BJFWOS~AMT*B6*97.11~LQ*HE*N381~CLP*000100032995*1*178.3*63.81*2*MC*2020112047303~NM1*QC*1*COLEMAN*JAMES*D***MR*P176368~NM1*82*1*HOOSHMAND-PARSI*KAYHOSROW****XX*1447291851~REF*EA*C4302A4810D6434DA0013D566D94C366~DTM*232*20200409~DTM*233*20200409~SVC*HC:99213*178.3*63.81**1~DTM*472*20200409~CAS*PR*3*2~CAS*CO*45*112.49~REF*6R*CPGMNW3KDEOR~AMT*B6*65.81~LQ*HE*N381~LQ*HE*N381~CLP*000100033269*1*178.3*65.81**MC*2020115045204~NM1*QC*1*CRESPIN*GILBERT****MR*M707740~NM1*82*1*SEARLES*DENISE*A***XX*1396971230~REF*EA*A76712C40E174C92845637375A8F16D1~DTM*232*20200415~DTM*233*20200415~SVC*HC:99213*178.3*65.81**1~DTM*472*20200415~CAS*CO*45*112.49~REF*6R*CPGYPXF4KQCD~AMT*B6*65.81~LQ*HE*N381~CLP*000100031935*1*272.99*95.11*2*MC*2020115045254~NM1*QC*1*DURAN*CLIFFORD*R***MR*P500498~NM1*82*1*GRONEMEYER*LEANNE*R***XX*1659521045~REF*EA*67DA0B34B18C43708B4C1BFD447E96A4~DTM*232*20200323~DTM*233*20200323~SVC*HC:99214*272.99*95.11**1~DTM*472*20200323~CAS*PR*3*2~CAS*CO*45*175.88~REF*6R*CPGYO8U8OD5E~AMT*B6*97.11~LQ*HE*N381~LQ*HE*N381~CLP*000100032556*1*386.12*129.99**MC*2020112047409~NM1*QC*1*DURAN*DANELLE****MR*J114866~NM1*82*1*CADDALI*ESTRELLA*A***XX*1164974580~REF*EA*73230E8C0331490AB74115D068810DAC~DTM*232*20200401~DTM*233*20200401~SVC*HC:99215*386.12*129.99**1~DTM*472*20200401~CAS*CO*45*256.13~REF*6R*CPGMV32069VF~AMT*B6*129.99~LQ*HE*N381~CLP*000100031968*1*287.99*97.11**MC*2020112047321~NM1*QC*1*ELZY*BETHANY****MR*U829312~NM1*82*1*HOOSHMAND-PARSI*KAYHOSROW****XX*1447291851~REF*EA*F5749BBB547A4D8EA5BA27CCE84028D9~DTM*232*20200323~DTM*233*20200323~SVC*HC:99214:25*272.99*97.11**1~DTM*472*20200323~CAS*CO*45*175.88~REF*6R*CPGM55PWPNYV~AMT*B6*97.11~LQ*HE*N77~LQ*HE*N381~SVC*HC:81025*15*0**0**1~DTM*472*20200323~CAS*PI*5*15~REF*6R*CPGMJHOURBLE~LQ*HE*N77~LQ*HE*M77~LQ*HE*M77~CLP*000100032143*1*272.99*95.11*2*MC*2020115045270~NM1*QC*1*ESQUIBEL*JASON*K***MR*Y927579~NM1*82*1*GRONEMEYER*LEANNE*R***XX*1659521045~REF*EA*8B7AC966029743F1A6531FD2FFA83453~DTM*232*20200325~DTM*233*20200325~SVC*HC:99214*272.99*95.11**1~DTM*472*20200325~CAS*PR*3*2~CAS*CO*45*175.88~REF*6R*CPGYXH48UOYZ~AMT*B6*97.11~LQ*HE*N381~LQ*HE*N381~CLP*000100032703*1*178.3*65.81**MC*2020112047431~NM1*QC*1*FERGUSON*LYNDA*A***MR*P762143~NM1*82*1*SEARLES*DENISE*A***XX*1396971230~REF*EA*239D5781448A4F30B6F12B8DEAF759AB~DTM*232*20200403~DTM*233*20200403~SVC*HC:99213*178.3*65.81**1~DTM*472*20200403~CAS*CO*45*112.49~REF*6R*CPGMMYWNXCLC~AMT*B6*65.81~LQ*HE*N381~CLP*000100032466*1*272.99*97.11**MC*2020112047352~NM1*QC*1*FERNANDEZ*CHARLES****MR*I154949~NM1*82*1*SEARLES*DENISE*A***XX*1396971230~REF*EA*7EE1F060A04A487D9FCC468D963D0EEF~DTM*232*20200331~DTM*233*20200331~SVC*HC:99214*272.99*97.11**1~DTM*472*20200331~CAS*CO*45*175.88~REF*6R*CPGMQVKSBQHN~AMT*B6*97.11~LQ*HE*N381~CLP*000100032992*1*88.54*39.39**MC*2020112047443~NM1*QC*1*FERNANDEZ*KATRINA*D***MR*G600177~NM1*82*1*CADDALI*ESTRELLA*A***XX*1164974580~REF*EA*85BF26897925458BAF45270C54A3DB16~DTM*232*20200409~DTM*233*20200409~SVC*HC:99212*88.54*39.39**1~DTM*472*20200409~CAS*CO*45*49.15~REF*6R*CPGMCA7IU07O~AMT*B6*39.39~LQ*HE*N381~CLP*000100032124*1*178.3*65.81**MC*2020115045260~NM1*QC*1*FERRIS*JOSHUA*R***MR*U655766~NM1*82*1*GRONEMEYER*LEANNE*R***XX*1659521045~REF*EA*91AF58D4B5544CE4944FE7AABAEE5D58~DTM*232*20200325~DTM*233*20200325~SVC*HC:99213*178.3*65.81**1~DTM*472*20200325~CAS*CO*45*112.49~REF*6R*CPGYPT8F5I3G~AMT*B6*65.81~LQ*HE*N381~CLP*000100032999*1*178.3*65.81**MC*2020115045207~NM1*QC*1*FIELDS*HEATHER*R***MR*Y397869~NM1*82*1*GRONEMEYER*LEANNE*R***XX*1659521045~REF*EA*5A6EB3475A5547E3BCB65D10BE38CC87~DTM*232*20200409~DTM*233*20200409~SVC*HC:99213*178.3*65.81**1~DTM*472*20200409~CAS*CO*45*112.49~REF*6R*CPGYRJHWS5OG~AMT*B6*65.81~LQ*HE*N381~CLP*000100030954*1*65*55.35**MC*2020112047508~NM1*QC*1*FRANKMORE*CONNER****MR*G888118~NM1*82*1*SANCHEZ*LEANN*V***XX*1508990961~REF*EA*C8AE8E24CBFE4A3C8C30CAB809A7627A~DTM*232*20200304~DTM*233*20200304~SVC*HC:90832*65*55.35**1~DTM*472*20200304~CAS*CO*45*9.65~REF*6R*CPGMC26N69FW~AMT*B6*55.35~LQ*HE*N77~LQ*HE*N381~CLP*000100033242*1*178.3*63.81*2*MC*2020115045257~NM1*QC*1*GOMEZ*CHARLEE****MR*Y224607~NM1*82*1*SEARLES*DENISE*A***XX*1396971230~REF*EA*7A6CB7B4866649D7AE48C754EC709535~DTM*232*20200415~DTM*233*20200415~SVC*HC:99213*178.3*63.81**1~DTM*472*20200415~CAS*PR*3*2~CAS*CO*45*112.49~REF*6R*CPGY9OY6DBS1~AMT*B6*65.81~LQ*HE*N381~LQ*HE*N381~CLP*000100032987*1*178.3*65.81**MC*2020115045251~NM1*QC*1*GONZALES*CRYSTAL*D***MR*M921754~NM1*82*1*SEARLES*DENISE*A***XX*1396971230~REF*EA*CBDC0EE898C8442D9503574E9D8C3969~DTM*232*20200409~DTM*233*20200409~SVC*HC:99213:25*178.3*65.81**1~DTM*472*20200409~CAS*CO*45*112.49~REF*6R*CPGY4ABISIFP~AMT*B6*65.81~LQ*HE*N381~CLP*000100032987*1*1903.99*1185.6**MC*2020115045252~NM1*QC*1*GONZALES*CRYSTAL*D***MR*M921754~NM1*82*1*SEARLES*DENISE*A***XX*1396971230~REF*EA*BBFA586129644CC0842ED6AD41F32F65~DTM*232*20200409~DTM*233*20200409~SVC*HC:96372*83.99*0**0**1~DTM*472*20200409~CAS*CO*109*83.99~REF*6R*CPGYAKFMVLRE~LQ*HE*N77~LQ*HE*N381~SVC*HC:J2315*1805*1185.6**380~DTM*472*20200409~CAS*CO*45*619.4~REF*6R*CPGY9MUY18NN~AMT*B6*1185.6~LQ*HE*N77~LQ*HE*N381~SVC*HC:81025*15*0**0**1~DTM*472*20200409~CAS*PI*5*15~REF*6R*CPGYNAHXULBK~LQ*HE*N77~LQ*HE*M77~LQ*HE*M77~CLP*000100032946*1*1888.99*1185.6**MC*2020115045188~NM1*QC*1*GRAY*JAMES****MR*J248474~NM1*82*1*GRONEMEYER*LEANNE*R***XX*1659521045~REF*EA*676592416EB24F60B3FA0E7722BBE5B2~DTM*232*20200408~DTM*233*20200408~SVC*HC:96372*83.99*0**0**1~DTM*472*20200408~CAS*CO*109*83.99~REF*6R*CPGYJ41VTEZ4~LQ*HE*N77~LQ*HE*N381~SVC*HC:J2315*1805*1185.6**380~DTM*472*20200408~CAS*CO*45*619.4~REF*6R*CPGYJR9QNWA8~AMT*B6*1185.6~LQ*HE*N77~LQ*HE*N381~CLP*000100032946*1*178.3*65.81**MC*2020115045198~NM1*QC*1*GRAY*JAMES****MR*J248474~NM1*82*1*GRONEMEYER*LEANNE*R***XX*1659521045~REF*EA*39858B13C0414801953814A323334FCC~DTM*232*20200408~DTM*233*20200408~SVC*HC:99213:25*178.3*65.81**1~DTM*472*20200408~CAS*CO*45*112.49~REF*6R*CPGY6CI8C7UM~AMT*B6*65.81~LQ*HE*N381~CLP*000100031902*1*272.99*97.11**MC*2020112047450~NM1*QC*1*GURULE*TRAVIS*L***MR*O382860~NM1*82*1*SEARLES*DENISE*A***XX*1396971230~REF*EA*D63268CEB5464B119CF867CC93EDFD70~DTM*232*20200320~DTM*233*20200320~SVC*HC:99214*272.99*97.11**1~DTM*472*20200320~CAS*CO*45*175.88~REF*6R*CPGMNYXQM473~AMT*B6*97.11~LQ*HE*N77~LQ*HE*N381~CLP*000100033171*1*178.3*63.81*2*MC*2020112047389~NM1*QC*1*HARRIS*TRACEY*L***MR*O471852~NM1*82*1*CADDALI*ESTRELLA*A***XX*1164974580~REF*EA*98D2884AD2CE4010AEB945C2B5380758~DTM*232*20200414~DTM*233*20200414~SVC*HC:99213*178.3*63.81**1~DTM*472*20200414~CAS*PR*3*2~CAS*CO*45*112.49~REF*6R*CPGM4MKYFOC5~AMT*B6*65.81~LQ*HE*N381~LQ*HE*N381~CLP*000100031965*1*272.99*97.11**MC*2020112047380~NM1*QC*1*HERRERA*CLAUDIA****MR*K156429~NM1*82*1*GRONEMEYER*LEANNE*R***XX*1659521045~REF*EA*A8437F3162E64AB48472B6689EF33909~DTM*232*20200323~DTM*233*20200323~SVC*HC:99214*272.99*97.11**1~DTM*472*20200323~CAS*CO*45*175.88~REF*6R*CPGMFAMFJ054~AMT*B6*97.11~LQ*HE*N381~CLP*000100031985*1*178.3*65.81**MC*2020115045232~NM1*QC*1*HOSKINS*CARSON*J***MR*P634109~NM1*82*1*GRONEMEYER*LEANNE*R***XX*1659521045~REF*EA*9A840E59FBF84AC48ABA94E2EC3228A6~DTM*232*20200323~DTM*233*20200323~SVC*HC:99213*178.3*65.81**1~DTM*472*20200323~CAS*CO*45*112.49~REF*6R*CPGY3LADCETU~AMT*B6*65.81~LQ*HE*N381~CLP*000100033280*1*178.3*63.81*2*MC*2020115045271~NM1*QC*1*HYNDMAN*DEVIN****MR*L572566~NM1*82*1*SEARLES*DENISE*A***XX*1396971230~REF*EA*0251282F197B4BEBAD7177D4B1913C86~DTM*232*20200415~DTM*233*20200415~SVC*HC:99213*178.3*63.81**1~DTM*472*20200415~CAS*PR*3*2~CAS*CO*45*112.49~REF*6R*CPGYWAE4SF34~AMT*B6*65.81~LQ*HE*N381~LQ*HE*N381~CLP*000100029986*1*178.3*63.81*2*MC*2020112047318~NM1*QC*1*ICENHOUR*HILARY****MR*Y202266~NM1*82*1*CADDALI*ESTRELLA*A***XX*1164974580~REF*EA*5535D9557D6C4AD98D01FC43B9079CBF~DTM*232*20200214~DTM*233*20200214~SVC*HC:99213*178.3*63.81**1~DTM*472*20200214~CAS*PR*3*2~CAS*CO*45*112.49~REF*6R*CPGMMCPU185F~AMT*B6*65.81~LQ*HE*N381~LQ*HE*N381~CLP*000100033292*1*178.3*63.81*2*MC*2020115045248~NM1*QC*1*JOHNSON*LASHAWN*J***MR*J148245~NM1*82*1*SEARLES*DENISE*A***XX*1396971230~REF*EA*5F7302FF68F74CD69EB5B28AADBF1572~DTM*232*20200415~DTM*233*20200415~SVC*HC:99213*178.3*63.81**1~DTM*472*20200415~CAS*PR*3*2~CAS*CO*45*112.49~REF*6R*CPGY2CJTAUI2~AMT*B6*65.81~LQ*HE*N381~LQ*HE*N381~CLP*000100033170*1*178.3*63.81*2*MC*2020112047350~NM1*QC*1*JUAREZ*ALONDRA****MR*P679285~NM1*82*1*CADDALI*ESTRELLA*A***XX*1164974580~REF*EA*101EFAE7009F401097910E3D3AEF1333~DTM*232*20200414~DTM*233*20200414~SVC*HC:99213*178.3*63.81**1~DTM*472*20200414~CAS*PR*3*2~CAS*CO*45*112.49~REF*6R*CPGMO0QXHUCA~AMT*B6*65.81~LQ*HE*N381~LQ*HE*N381~CLP*000100033307*1*178.3*65.81**MC*2020112047447~NM1*QC*1*LAIRD*AMY*J***MR*T813895~NM1*82*1*CADDALI*ESTRELLA*A***XX*1164974580~REF*EA*D36509DF85794C078A9AED630072C015~DTM*232*20200416~DTM*233*20200416~SVC*HC:99213*178.3*65.81**1~DTM*472*20200416~CAS*CO*45*112.49~REF*6R*CPGMMUV5G625~AMT*B6*65.81~LQ*HE*N381~CLP*000100032998*1*178.3*65.81**MC*2020112047370~NM1*QC*1*LANE*CHARLES*J***MR*I606849~NM1*82*1*CADDALI*ESTRELLA*A***XX*1164974580~REF*EA*46CE178E317E48C4AD776952C3855FC7~DTM*232*20200409~DTM*233*20200409~SVC*HC:99213*178.3*65.81**1~DTM*472*20200409~CAS*CO*45*112.49~REF*6R*CPGM78LMIY8A~AMT*B6*65.81~LQ*HE*N381~CLP*000100033237*1*178.3*65.81**MC*2020115045258~NM1*QC*1*LARK*WILLIAM****MR*K533858~NM1*82*1*SEARLES*DENISE*A***XX*1396971230~REF*EA*6124758295E04632BCFC0C3355E01BD0~DTM*232*20200415~DTM*233*20200415~SVC*HC:99213*178.3*65.81**1~DTM*472*20200415~CAS*CO*45*112.49~REF*6R*CPGY6CTEBNZJ~AMT*B6*65.81~LQ*HE*N381~CLP*000100033013*1*178.3*63.81*2*MC*2020112047499~NM1*QC*1*LEASURE*JAMIE****MR*R589473~NM1*82*1*CADDALI*ESTRELLA*A***XX*1164974580~REF*EA*F81D8B43C6954162A6D5309100F6C610~DTM*232*20200409~DTM*233*20200409~SVC*HC:99213*178.3*63.81**1~DTM*472*20200409~CAS*PR*3*2~CAS*CO*45*112.49~REF*6R*CPGMSGMQVA46~AMT*B6*65.81~LQ*HE*N381~LQ*HE*N381~CLP*000100032441*1*178.3*65.81**MC*2020112047341~NM1*QC*1*LEE*ELIZABETH*M***MR*O604148~NM1*82*1*HOOSHMAND-PARSI*KAYHOSROW****XX*1447291851~REF*EA*EC4594178F814252A2BA72C5134F60E8~DTM*232*20200330~DTM*233*20200330~SVC*HC:99213*178.3*65.81**1~DTM*472*20200330~CAS*CO*45*112.49~REF*6R*CPGMEFHIHNES~AMT*B6*65.81~LQ*HE*N381~CLP*000100033100*1*178.3*63.81*2*MC*2020115045240~NM1*QC*1*LERMA*ANNETTE*J***MR*K308921~NM1*82*1*GRONEMEYER*LEANNE*R***XX*1659521045~REF*EA*B4383B21E6A94D7B93D1D7D6C80B9407~DTM*232*20200413~DTM*233*20200413~SVC*HC:99213*178.3*63.81**1~DTM*472*20200413~CAS*PR*3*2~CAS*CO*45*112.49~REF*6R*CPGYJS19TBLN~AMT*B6*65.81~LQ*HE*N381~LQ*HE*N381~CLP*000100032445*1*178.3*65.81**MC*2020115045274~NM1*QC*1*LERMA*CRISTIANO*P***MR*P252933~NM1*82*1*GRONEMEYER*LEANNE*R***XX*1659521045~REF*EA*39A82B55DCC549C8BA3766E8239268A9~DTM*232*20200330~DTM*233*20200330~SVC*HC:99213*178.3*65.81**1~DTM*472*20200330~CAS*CO*45*112.49~REF*6R*CPGY1YBTY54Q~AMT*B6*65.81~LQ*HE*N381~CLP*000100026985*1*266.84*97.43**MC*2020112047522~NM1*QC*1*LOPES*JORDANN****MR*P744400~NM1*82*1*CADDALI*ESTRELLA*A***XX*1164974580~REF*EA*981FF416AB6040BFBD5517CA5E04637B~DTM*232*20191218~DTM*233*20191218~SVC*HC:99203*266.84*97.43**1~DTM*472*20191218~CAS*CO*45*169.41~REF*6R*CPGMEI390BAT~AMT*B6*97.43~LQ*HE*N381~CLP*000100027956*1*272.99*97.11**MC*2020112047411~NM1*QC*1*LOPEZ*NICK*A***MR*N301220~NM1*82*1*SEARLES*DENISE*A***XX*1396971230~REF*EA*B1F90E0315424E5CB03B287843608BBD~DTM*232*20200110~DTM*233*20200110~SVC*HC:99214*272.99*97.11**1~DTM*472*20200110~CAS*CO*45*175.88~REF*6R*CPGMJDLWEVYZ~AMT*B6*97.11~LQ*HE*N77~LQ*HE*N381~CLP*000100033257*1*88.54*37.39*2*MC*2020112047391~NM1*QC*1*LOPEZ*SHERRY****MR*L192498~NM1*82*1*CADDALI*ESTRELLA*A***XX*1164974580~REF*EA*78D6CC1C22A3424BA6123D2CCBAD98BD~DTM*232*20200415~DTM*233*20200415~SVC*HC:99212*88.54*37.39**1~DTM*472*20200415~CAS*PR*3*2~CAS*CO*45*49.15~REF*6R*CPGMOGPJ2WLW~AMT*B6*39.39~LQ*HE*N381~LQ*HE*N381~CLP*000100032981*1*178.3*65.81**MC*2020112047376~NM1*QC*1*LORETO*JOSHUA*R***MR*E192810~NM1*82*1*SEARLES*DENISE*A***XX*1396971230~REF*EA*227F45EFC9384D71BB3B907FA6D4A9FE~DTM*232*20200409~DTM*233*20200409~SVC*HC:99213*178.3*65.81**1~DTM*472*20200409~CAS*CO*45*112.49~REF*6R*CPGMIYJXH4QM~AMT*B6*65.81~LQ*HE*N381~CLP*000100032979*1*178.3*65.81**MC*2020115045272~NM1*QC*1*MADRID*CLORISSA****MR*G303592~NM1*82*1*GRONEMEYER*LEANNE*R***XX*1659521045~REF*EA*0513BC698EA54CEF8E1194B4624116B5~DTM*232*20200409~DTM*233*20200409~SVC*HC:99213*178.3*65.81**1~DTM*472*20200409~CAS*CO*45*112.49~REF*6R*CPGYAGXQ588D~AMT*B6*65.81~LQ*HE*N381~CLP*000100032194*1*2161.98*1286.51**MC*2020112047470~NM1*QC*1*MAES*ERNEST*R***MR*K993029~NM1*82*1*SEARLES*DENISE*A***XX*1396971230~REF*EA*D203ACBAFD97419A9D5848CAF18336E1~DTM*232*20200326~DTM*233*20200326~SVC*HC:99214:25*272.99*97.11**1~DTM*472*20200326~CAS*CO*45*175.88~REF*6R*CPGMZ0FMI4JN~AMT*B6*97.11~LQ*HE*N77~LQ*HE*N381~SVC*HC:96372*83.99*0**0**1~DTM*472*20200326~CAS*CO*109*83.99~REF*6R*CPGMCC2MT317~LQ*HE*N77~LQ*HE*N381~SVC*HC:J2315*1805*1189.4**380~DTM*472*20200326~CAS*CO*45*615.6~REF*6R*CPGM9FZ569TS~AMT*B6*1189.4~LQ*HE*N77~LQ*HE*N381~CLP*000100033125*1*178.3*65.81**MC*2020115045250~NM1*QC*1*MAES*ROSE*A***MR*L391470~NM1*82*1*GRONEMEYER*LEANNE*R***XX*1659521045~REF*EA*4CE6FA98D6FD4DFFBA33A8DFCED19060~DTM*232*20200413~DTM*233*20200413~SVC*HC:99213*178.3*65.81**1~DTM*472*20200413~CAS*CO*45*112.49~REF*6R*CPGY9D864EJO~AMT*B6*65.81~LQ*HE*N381~CLP*000100032988*1*621.47*87.73**MC*2020115045267~NM1*QC*1*MAEZ*DANIEL*E***MR*B173664~NM1*82*1*SEARLES*DENISE*A***XX*1396971230~REF*EA*EAF79F8B0801497D96A40F89E4ADA0A1~DTM*232*20200409~DTM*233*20200409~SVC*HC:99213:25*178.3*65.81**1~DTM*472*20200409~CAS*CO*45*112.49~REF*6R*CPGYW3JHBJ5X~AMT*B6*65.81~LQ*HE*N381~SVC*HC:H0049*403.17*10.92**1~DTM*472*20200409~CAS*CO*45*392.25~REF*6R*CPGYGG058EYE~AMT*B6*10.92~LQ*HE*N381~SVC*HC:G8510*40*11**1~DTM*472*20200409~CAS*CO*45*29~REF*6R*CPGYDE62BE5S~AMT*B6*11~LQ*HE*N381~CLP*000100032988*1*1888.99*1185.6**MC*2020115045268~NM1*QC*1*MAEZ*DANIEL*E***MR*B173664~NM1*82*1*SEARLES*DENISE*A***XX*1396971230~REF*EA*E0B1ECF1B9D647389942B1D9289992D4~DTM*232*20200409~DTM*233*20200409~SVC*HC:96372*83.99*0**0**1~DTM*472*20200409~CAS*CO*109*83.99~REF*6R*CPGYXTM4XLAG~LQ*HE*N77~LQ*HE*N381~SVC*HC:J2315*1805*1185.6**380~DTM*472*20200409~CAS*CO*45*619.4~REF*6R*CPGY4TJYK8GM~AMT*B6*1185.6~LQ*HE*N77~LQ*HE*N381~CLP*000100029863*1*178.3*65.81**MC*2020112047422~NM1*QC*1*MALDONDO*BRENT****MR*I008392~NM1*74*1*MALDONADO**R~NM1*82*1*SEARLES*DENISE*A***XX*1396971230~REF*EA*03B86F63BF354C1295A07AD3D04B45A0~DTM*232*20200212~DTM*233*20200212~SVC*HC:99213*178.3*65.81**1~DTM*472*20200212~CAS*CO*45*112.49~REF*6R*CPGMEZBA2JS3~AMT*B6*65.81~LQ*HE*N381~CLP*000100032857*1*178.3*65.81**MC*2020112047434~NM1*QC*1*MALONE*CAROL*I***MR*E322615~NM1*82*1*CADDALI*ESTRELLA*A***XX*1164974580~REF*EA*6389A08F620345D9A5677552717FEE9F~DTM*232*20200407~DTM*233*20200407~SVC*HC:99213*178.3*65.81**1~DTM*472*20200407~CAS*CO*45*112.49~REF*6R*CPGM74PHWMMY~AMT*B6*65.81~LQ*HE*N381~CLP*000100033296*1*178.3*63.81*2*MC*2020115045247~NM1*QC*1*MARTINEZ*DESIREE****MR*O277758~NM1*82*1*SEARLES*DENISE*A***XX*1396971230~REF*EA*6660CA5CA34A477F8392C29802CFB73E~DTM*232*20200415~DTM*233*20200415~SVC*HC:99213*178.3*63.81**1~DTM*472*20200415~CAS*PR*3*2~CAS*CO*45*112.49~REF*6R*CPGYR9WLT40H~AMT*B6*65.81~LQ*HE*N381~LQ*HE*N381~CLP*000100033256*1*178.3*65.81**MC*2020115045175~NM1*QC*1*MEDINA*JEANNINE****MR*H870875~NM1*82*1*SEARLES*DENISE*A***XX*1396971230~REF*EA*5AAC176E73684BF9BF12C2192C475839~DTM*232*20200415~DTM*233*20200415~SVC*HC:99213*178.3*65.81**1~DTM*472*20200415~CAS*CO*45*112.49~REF*6R*CPGYHUD5OI87~AMT*B6*65.81~LQ*HE*N381~CLP*000100033078*1*178.3*65.81**MC*2020112047487~NM1*QC*1*MITCHELL*DEBORAH****MR*W309719~NM1*82*1*CADDALI*ESTRELLA*A***XX*1164974580~REF*EA*BE73B612B76A45708299887ADF0E0890~DTM*232*20200410~DTM*233*20200410~SVC*HC:99213*178.3*65.81**1~DTM*472*20200410~CAS*CO*45*112.49~REF*6R*CPGMKBRQUXCF~AMT*B6*65.81~LQ*HE*N381~CLP*000100033001*1*178.3*65.81**MC*2020112047413~NM1*QC*1*MITCHELL*SHERRY****MR*I873951~NM1*82*1*CADDALI*ESTRELLA*A***XX*1164974580~REF*EA*BDAFB797B8C24D4A8AB0E3FE73F775BE~DTM*232*20200409~DTM*233*20200409~SVC*HC:99213*178.3*65.81**1~DTM*472*20200409~CAS*CO*45*112.49~REF*6R*CPGMCV9UJK5B~AMT*B6*65.81~LQ*HE*N381~CLP*000100033233*1*178.3*65.81**MC*2020112047395~NM1*QC*1*MOORE*MELISSA****MR*O302777~NM1*82*1*CADDALI*ESTRELLA*A***XX*1164974580~REF*EA*861B10E4ACCC4987B5A03847A19EA8FE~DTM*232*20200415~DTM*233*20200415~SVC*HC:99213:25*178.3*65.81**1~DTM*472*20200415~CAS*CO*45*112.49~REF*6R*CPGMY9YF4RLB~AMT*B6*65.81~LQ*HE*N381~CLP*000100032932*1*178.3*65.81**MC*2020112047399~NM1*QC*1*MOORE*MELISSA****MR*O302777~NM1*82*1*CADDALI*ESTRELLA*A***XX*1164974580~REF*EA*133FD78B1DDD42F49F405E8D54F0589B~DTM*232*20200408~DTM*233*20200408~SVC*HC:99213*178.3*65.81**1~DTM*472*20200408~CAS*CO*45*112.49~REF*6R*CPGMZUT1SP7R~AMT*B6*65.81~LQ*HE*N381~CLP*000100032719*1*386.12*129.99**MC*2020112047401~NM1*QC*1*MOORE*MELISSA****MR*O302777~NM1*82*1*CADDALI*ESTRELLA*A***XX*1164974580~REF*EA*5B3492DAAD61482DA12A6ED5BA476C24~DTM*232*20200403~DTM*233*20200403~SVC*HC:99215:25*386.12*129.99**1~DTM*472*20200403~CAS*CO*45*256.13~REF*6R*CPGMCC9VJ0VR~AMT*B6*129.99~LQ*HE*N381~CLP*000100033045*1*1903.99*1185.6**MC*2020115045220~NM1*QC*1*MOORE*MELISSA****MR*O302777~NM1*82*1*SEARLES*DENISE*A***XX*1396971230~REF*EA*0C6BAC72F766457FA2557EF5ED87634C~DTM*232*20200410~DTM*233*20200410~SVC*HC:96372*83.99*0**0**1~DTM*472*20200410~CAS*CO*109*83.99~REF*6R*CPGYFDRQQLJX~LQ*HE*N77~LQ*HE*N381~SVC*HC:J2315*1805*1185.6**380~DTM*472*20200410~CAS*CO*45*619.4~REF*6R*CPGYCLOAXYJA~AMT*B6*1185.6~LQ*HE*N77~LQ*HE*N381~SVC*HC:81025*15*0**0**1~DTM*472*20200410~CAS*PI*5*15~REF*6R*CPGY16YWH274~LQ*HE*N77~LQ*HE*M77~LQ*HE*M77~CLP*000100033045*1*761.16*145.66**MC*2020115045224~NM1*QC*1*MOORE*MELISSA****MR*O302777~NM1*82*1*SEARLES*DENISE*A***XX*1396971230~REF*EA*70ACF2D6ED564D7986ACD03C5C2EC48A~DTM*232*20200410~DTM*233*20200410~SVC*HC:99214:25*272.99*97.11**1~DTM*472*20200410~CAS*CO*45*175.88~REF*6R*CPGYD1UY8Q75~AMT*B6*97.11~LQ*HE*N381~SVC*HC:H0049*403.17*10.92**1~DTM*472*20200410~CAS*CO*45*392.25~REF*6R*CPGYTNUQ92FP~AMT*B6*10.92~LQ*HE*N381~SVC*HC:G8431*40*30.52**1~DTM*472*20200410~CAS*CO*45*9.48~REF*6R*CPGY0PUNRZKG~AMT*B6*30.52~LQ*HE*N381~SVC*HC:99415*45*7.11**1~DTM*472*20200410~CAS*CO*45*37.89~REF*6R*CPGYF6QYBU1R~AMT*B6*7.11~LQ*HE*N381~CLP*000100033036*1*178.3*65.81**MC*2020115045256~NM1*QC*1*ORTIZ*EMILY****MR*L289179~NM1*82*1*GRONEMEYER*LEANNE*R***XX*1659521045~REF*EA*815D36F466B54B31B07E0F3963BEAF9A~DTM*232*20200409~DTM*233*20200409~SVC*HC:99213*178.3*65.81**1~DTM*472*20200409~CAS*CO*45*112.49~REF*6R*CPGYEG6S802U~AMT*B6*65.81~LQ*HE*N381~CLP*000100032278*1*272.99*97.11**MC*2020115045253~NM1*QC*1*PACHECO*ALAINA****MR*U641428~NM1*82*1*GRONEMEYER*LEANNE*R***XX*1659521045~REF*EA*6C3683ABC645428A89E902139F7C85F6~DTM*232*20200326~DTM*233*20200326~SVC*HC:99214*272.99*97.11**1~DTM*472*20200326~CAS*CO*45*175.88~REF*6R*CPGYOJO8DBM2~AMT*B6*97.11~LQ*HE*N381~CLP*000100032729*1*178.3*65.81**MC*2020112047439~NM1*QC*1*PACHECO*CHRISTOPHER*A***MR*K453230~NM1*82*1*CADDALI*ESTRELLA*A***XX*1164974580~REF*EA*A7854A52431044CB81CE40C597387357~DTM*232*20200403~DTM*233*20200403~SVC*HC:99213*178.3*65.81**1~DTM*472*20200403~CAS*CO*45*112.49~REF*6R*CPGM0ZWF58SN~AMT*B6*65.81~LQ*HE*N381~CLP*000100032959*1*178.3*65.81**MC*2020112047454~NM1*QC*1*PADILLA*LAURA*C***MR*Y008082~NM1*82*1*CADDALI*ESTRELLA*A***XX*1164974580~REF*EA*F16A805744404AC0BEAF4D28F2EF56DA~DTM*232*20200408~DTM*233*20200408~SVC*HC:99213*178.3*65.81**1~DTM*472*20200408~CAS*CO*45*112.49~REF*6R*CPGMVX5B6XTY~AMT*B6*65.81~LQ*HE*N381~CLP*000100032952*1*178.3*65.81**MC*2020112047497~NM1*QC*1*RATLIFF*MICHAEL*J***MR*J168128~NM1*82*1*CADDALI*ESTRELLA*A***XX*1164974580~REF*EA*BB1E0F346AAD4445B87B7E6ADA23154D~DTM*232*20200408~DTM*233*20200408~SVC*HC:99213*178.3*65.81**1~DTM*472*20200408~CAS*CO*45*112.49~REF*6R*CPGM8B9A3AXA~AMT*B6*65.81~LQ*HE*N381~CLP*000100033032*1*178.3*63.81*2*MC*2020112047445~NM1*QC*1*RAUS*DEBORAH*R***MR*G324021~NM1*82*1*CADDALI*ESTRELLA*A***XX*1164974580~REF*EA*E830FD715AA84A13AF32A6804283EDFB~DTM*232*20200409~DTM*233*20200409~SVC*HC:99213*178.3*63.81**1~DTM*472*20200409~CAS*PR*3*2~CAS*CO*45*112.49~REF*6R*CPGM8DWX9LXZ~AMT*B6*65.81~LQ*HE*N381~LQ*HE*N381~CLP*000100033247*1*272.99*95.11*2*MC*2020112047476~NM1*QC*1*ROHN*TIMMIELU****MR*O164731~NM1*82*1*CADDALI*ESTRELLA*A***XX*1164974580~REF*EA*0A03B542356D4804BA7942B26C7639AD~DTM*232*20200415~DTM*233*20200415~SVC*HC:99214*272.99*95.11**1~DTM*472*20200415~CAS*PR*3*2~CAS*CO*45*175.88~REF*6R*CPGMZT4750N2~AMT*B6*97.11~LQ*HE*N381~LQ*HE*N381~CLP*000100032687*1*272.99*97.11**MC*2020112047518~NM1*QC*1*ROQUE*ANGELA*M***MR*I558214~NM1*82*1*HOOSHMAND-PARSI*KAYHOSROW****XX*1447291851~REF*EA*E918439D7403407D9185671606239CBD~DTM*232*20200402~DTM*233*20200402~SVC*HC:99214*272.99*97.11**1~DTM*472*20200402~CAS*CO*45*175.88~REF*6R*CPGMW6MSHGHX~AMT*B6*97.11~LQ*HE*N381~CLP*000100033183*1*178.3*65.81**MC*2020112047419~NM1*QC*1*RUIZ*EVELYN****MR*Y265942~NM1*82*1*CADDALI*ESTRELLA*A***XX*1164974580~REF*EA*7E286992CDE14825868E4214210010EF~DTM*232*20200414~DTM*233*20200414~SVC*HC:99213*178.3*65.81**1~DTM*472*20200414~CAS*CO*45*112.49~REF*6R*CPGMBRHB10E3~AMT*B6*65.81~LQ*HE*N381~CLP*000100032875*1*178.3*65.81**MC*2020112047523~NM1*QC*1*RUIZ*RACHEL*M***MR*S803725~NM1*82*1*SEARLES*DENISE*A***XX*1396971230~REF*EA*F4AEFFD86B5E4D849E1FDA380827DB76~DTM*232*20200407~DTM*233*20200407~SVC*HC:99213*178.3*65.81**1~DTM*472*20200407~CAS*CO*45*112.49~REF*6R*CPGM0WTD9GFJ~AMT*B6*65.81~LQ*HE*N381~CLP*000100032948*1*178.3*65.81**MC*2020115045265~NM1*QC*1*SAIS*PHILIP*R***MR*T398012~NM1*82*1*GRONEMEYER*LEANNE*R***XX*1659521045~REF*EA*F66E633EEE474F05A2E83EF1841E9A00~DTM*232*20200408~DTM*233*20200408~SVC*HC:99213*178.3*65.81**1~DTM*472*20200408~CAS*CO*45*112.49~REF*6R*CPGYIWW68DAE~AMT*B6*65.81~LQ*HE*N381~CLP*000100032130*1*178.3*65.81**MC*2020115045266~NM1*QC*1*SAIS*PHILIP*R***MR*T398012~NM1*82*1*GRONEMEYER*LEANNE*R***XX*1659521045~REF*EA*3FFA8EB969404C279DBD4394A000C253~DTM*232*20200325~DTM*233*20200325~SVC*HC:99213*178.3*65.81**1~DTM*472*20200325~CAS*CO*45*112.49~REF*6R*CPGYTF9VAWXI~AMT*B6*65.81~LQ*HE*N381~CLP*000100032865*1*178.3*65.81**MC*2020115045269~NM1*QC*1*RIVAS*JESSENIA*E***MR*W695307~NM1*74*1*SALAS~NM1*82*1*GRONEMEYER*LEANNE*R***XX*1659521045~REF*EA*EBA7655FA6754636BA6560E812330118~DTM*232*20200407~DTM*233*20200407~SVC*HC:99213*178.3*65.81**1~DTM*472*20200407~CAS*CO*45*112.49~REF*6R*CPGYL86BDRXE~AMT*B6*65.81~LQ*HE*N381~CLP*000100032726*1*178.3*65.81**MC*2020115045213~NM1*QC*1*SAMSON*CARA*M***MR*Y649542~NM1*82*1*SEARLES*DENISE*A***XX*1396971230~REF*EA*7EE8BD108DB9482C906EFB8B2C86A77E~DTM*232*20200403~DTM*233*20200403~SVC*HC:99213*178.3*65.81**1~DTM*472*20200403~CAS*CO*45*112.49~REF*6R*CPGYELEYI8U5~AMT*B6*65.81~LQ*HE*N381~CLP*000100032114*1*178.3*65.81**MC*2020115045273~NM1*QC*1*SANCHEZ*LEANNA*A***MR*L179099~NM1*82*1*GRONEMEYER*LEANNE*R***XX*1659521045~REF*EA*6169C12733BA42DB92801DE4864A3F42~DTM*232*20200325~DTM*233*20200325~SVC*HC:99213*178.3*65.81**1~DTM*472*20200325~CAS*CO*45*112.49~REF*6R*CPGY6CKA8J5M~AMT*B6*65.81~LQ*HE*N381~CLP*000100030609*1*105*74.23**MC*2020112047354~NM1*QC*1*SANCHEZ*YVONNE*A***MR*J289148~NM1*82*1*HOOSHMAND-PARSI*KAYHOSROW****XX*1447291851~REF*EA*4F390E2B43EF4581B35F481002689AEC~DTM*232*20200226~DTM*233*20200226~SVC*HC:99213:25*90*65.81**1~DTM*472*20200226~CAS*CO*45*24.19~REF*6R*CPGMTDB7IHFZ~AMT*B6*65.81~LQ*HE*N77~LQ*HE*N381~SVC*HC:81025*15*8.42**1~DTM*472*20200226~CAS*CO*45*6.58~REF*6R*CPGMHAFE2WWJ~AMT*B6*8.42~LQ*HE*N77~LQ*HE*N381~CLP*000100032072*1*178.3*65.81**MC*2020112047359~NM1*QC*1*SANCHEZ*YVONNE*A***MR*J289148~NM1*82*1*HOOSHMAND-PARSI*KAYHOSROW****XX*1447291851~REF*EA*9D0FBDE5DFB44BA6A02031A36DE8BDC1~DTM*232*20200324~DTM*233*20200324~SVC*HC:99213:25*178.3*65.81**1~DTM*472*20200324~CAS*CO*45*112.49~REF*6R*CPGMB0OCTCC1~AMT*B6*65.81~LQ*HE*N381~CLP*000100032872*1*178.3*63.81*2*MC*2020112047369~NM1*QC*1*SANCHEZ*YVONNE*A***MR*J289148~NM1*82*1*HOOSHMAND-PARSI*KAYHOSROW****XX*1447291851~REF*EA*CF1F28F51330457BB0FBE971D2E27A14~DTM*232*20200407~DTM*233*20200407~SVC*HC:99213:25*178.3*63.81**1~DTM*472*20200407~CAS*PR*3*2~CAS*CO*45*112.49~REF*6R*CPGM52YITUSG~AMT*B6*65.81~LQ*HE*N381~LQ*HE*N381~CLP*000100032919*1*88.54*39.39**MC*2020112047426~NM1*QC*1*SANDOVAL*JULIA*L***MR*K495017~NM1*82*1*HOOSHMAND-PARSI*KAYHOSROW****XX*1447291851~REF*EA*126AD572981543068A42BCC2372AB98B~DTM*232*20200407~DTM*233*20200407~SVC*HC:99212*88.54*39.39**1~DTM*472*20200407~CAS*CO*45*49.15~REF*6R*CPGMCYJODPI6~AMT*B6*39.39~LQ*HE*N381~CLP*000100031948*1*193.3*74.23**MC*2020112047427~NM1*QC*1*SANDOVAL*JULIA*L***MR*K495017~NM1*82*1*HOOSHMAND-PARSI*KAYHOSROW****XX*1447291851~REF*EA*B5878AD06DA34450B7A4A2FA7CF0E804~DTM*232*20200323~DTM*233*20200323~SVC*HC:99213:25*178.3*65.81**1~DTM*472*20200323~CAS*CO*45*112.49~REF*6R*CPGMA86Q66X8~AMT*B6*65.81~LQ*HE*N77~LQ*HE*N381~SVC*HC:81025*15*8.42**1~DTM*472*20200323~CAS*CO*45*6.58~REF*6R*CPGMQ76VM5X0~AMT*B6*8.42~LQ*HE*N77~LQ*HE*N381~CLP*000100032559*1*178.3*81.55**MC*2020112047480~NM1*QC*1*SMITH*NICOLETTE*L***MR*J544310~NM1*82*1*SEARLES*DENISE*A***XX*1396971230~REF*EA*2A4D486639D446AA949A79C120836939~DTM*232*20200401~DTM*233*20200401~SVC*HC:99213:FP*178.3*81.55**1~DTM*472*20200401~CAS*CO*45*96.75~REF*6R*CPGM4CZY0RA7~AMT*B6*81.55~LQ*HE*N381~CLP*000100033039*1*178.3*65.81**MC*2020112047482~NM1*QC*1*SMITH*NICOLETTE*L***MR*J544310~NM1*82*1*SEARLES*DENISE*A***XX*1396971230~REF*EA*B9C7324D575B49ADB004F165B9A787A6~DTM*232*20200409~DTM*233*20200409~SVC*HC:99213*178.3*65.81**1~DTM*472*20200409~CAS*CO*45*112.49~REF*6R*CPGMX9AACWFI~AMT*B6*65.81~LQ*HE*N381~CLP*000100032425*1*178.3*65.81**MC*2020115045263~NM1*QC*1*STRAIT*LORRAINE*A***MR*Y360507~NM1*82*1*GRONEMEYER*LEANNE*R***XX*1659521045~REF*EA*1FE1C077EEEC41A3862C00626213A03F~DTM*232*20200330~DTM*233*20200330~SVC*HC:99213*178.3*65.81**1~DTM*472*20200330~CAS*CO*45*112.49~REF*6R*CPGYZSZALV7C~AMT*B6*65.81~LQ*HE*N381~CLP*000100032942*1*88.54*37.39*2*MC*2020112047504~NM1*QC*1*SULLIVAN*HEATHER****MR*T347753~NM1*82*1*CADDALI*ESTRELLA*A***XX*1164974580~REF*EA*AF611F7AC44E4828975756ECF1B300EC~DTM*232*20200408~DTM*233*20200408~SVC*HC:99212*88.54*37.39**1~DTM*472*20200408~CAS*PR*3*2~CAS*CO*45*49.15~REF*6R*CPGM1MV5JOVR~AMT*B6*39.39~LQ*HE*N381~LQ*HE*N381~CLP*000100032625*1*178.3*63.81*2*MC*2020112047506~NM1*QC*1*SULLIVAN*HEATHER****MR*T347753~NM1*82*1*CADDALI*ESTRELLA*A***XX*1164974580~REF*EA*2B12069FA555429CA5D0E11C36F3CFE1~DTM*232*20200402~DTM*233*20200402~SVC*HC:99213*178.3*63.81**1~DTM*472*20200402~CAS*PR*3*2~CAS*CO*45*112.49~REF*6R*CPGM6G5K5WT2~AMT*B6*65.81~LQ*HE*N381~LQ*HE*N381~CLP*000100032613*1*178.3*65.81**MC*2020112047378~NM1*QC*1*THOMPSON*BRENDA****MR*P195366~NM1*82*1*SEARLES*DENISE*A***XX*1396971230~REF*EA*236DDE47524A439E81E4EA73060365AC~DTM*232*20200402~DTM*233*20200402~SVC*HC:99213*178.3*65.81**1~DTM*472*20200402~CAS*CO*45*112.49~REF*6R*CPGMFX659IM2~AMT*B6*65.81~LQ*HE*N381~CLP*000100032709*1*178.3*65.81**MC*2020112047490~NM1*QC*1*THOMPSON*LINDA*M***MR*E133889~NM1*82*1*CADDALI*ESTRELLA*A***XX*1164974580~REF*EA*3BE539390D3041F28F28254D2CBC4792~DTM*232*20200403~DTM*233*20200403~SVC*HC:99213*178.3*65.81**1~DTM*472*20200403~CAS*CO*45*112.49~REF*6R*CPGM5SELE0TK~AMT*B6*65.81~LQ*HE*N381~CLP*000100032853*1*178.3*65.81**MC*2020112047344~NM1*QC*1*TRIMBLE*TYLER*L***MR*S298876~NM1*82*1*CADDALI*ESTRELLA*A***XX*1164974580~REF*EA*272CD85E2BA648579E946C4307F6A061~DTM*232*20200407~DTM*233*20200407~SVC*HC:99213*178.3*65.81**1~DTM*472*20200407~CAS*CO*45*112.49~REF*6R*CPGMWODVBFB5~AMT*B6*65.81~LQ*HE*N381~CLP*000100032480*1*272.99*97.11**MC*2020112047349~NM1*QC*1*TRIMBLE*TYLER*L***MR*S298876~NM1*82*1*CADDALI*ESTRELLA*A***XX*1164974580~REF*EA*3210D0355B4B4F8A9A6814891358D667~DTM*232*20200331~DTM*233*20200331~SVC*HC:99214*272.99*97.11**1~DTM*472*20200331~CAS*CO*45*175.88~REF*6R*CPGMX8AKD6HW~AMT*B6*97.11~LQ*HE*N381~CLP*000100032132*1*178.3*65.81**MC*2020115045249~NM1*QC*1*TUCKER*JUDY*L***MR*W894116~NM1*82*1*GRONEMEYER*LEANNE*R***XX*1659521045~REF*EA*D73C545581874F538F0D168F48A298C1~DTM*232*20200325~DTM*233*20200325~SVC*HC:99213*178.3*65.81**1~DTM*472*20200325~CAS*CO*45*112.49~REF*6R*CPGY5HVAVV0J~AMT*B6*65.81~LQ*HE*N381~CLP*000100032648*1*272.99*95.11*2*MC*2020112047483~NM1*QC*1*TURNER*DAVID*R***MR*P547112~NM1*82*1*CADDALI*ESTRELLA*A***XX*1164974580~REF*EA*B5DAD0FB18A54A179CB049780F49BE9F~DTM*232*20200402~DTM*233*20200402~SVC*HC:99214*272.99*95.11**1~DTM*472*20200402~CAS*PR*3*2~CAS*CO*45*175.88~REF*6R*CPGME7QBVVK7~AMT*B6*97.11~LQ*HE*N381~LQ*HE*N381~CLP*000100032940*1*178.3*65.81**MC*2020115045244~NM1*QC*1*URIE*NATHAN*J***MR*Y183401~NM1*82*1*GRONEMEYER*LEANNE*R***XX*1659521045~REF*EA*97EE3CA25AF047BE882AC013B76EC353~DTM*232*20200408~DTM*233*20200408~SVC*HC:99213:25*178.3*65.81**1~DTM*472*20200408~CAS*CO*45*112.49~REF*6R*CPGY8X4B5MLS~AMT*B6*65.81~LQ*HE*N381~CLP*000100032940*1*1888.99*1185.6**MC*2020115045245~NM1*QC*1*URIE*NATHAN*J***MR*Y183401~NM1*82*1*GRONEMEYER*LEANNE*R***XX*1659521045~REF*EA*D55A7FF07EE84B12906C8CFA1AB5FC00~DTM*232*20200408~DTM*233*20200408~SVC*HC:96372*83.99*0**0**1~DTM*472*20200408~CAS*CO*109*83.99~REF*6R*CPGY0VG5LY1S~LQ*HE*N77~LQ*HE*N381~SVC*HC:J2315*1805*1185.6**380~DTM*472*20200408~CAS*CO*45*619.4~REF*6R*CPGYJ95RBJHJ~AMT*B6*1185.6~LQ*HE*N77~LQ*HE*N381~CLP*000100032476*1*178.3*65.81**MC*2020115045275~NM1*QC*1*VARGAS*MAX****MR*S695147~NM1*82*1*GRONEMEYER*LEANNE*R***XX*1659521045~REF*EA*952557A334BA48E895CE54DEBE776D77~DTM*232*20200331~DTM*233*20200331~SVC*HC:99213*178.3*65.81**1~DTM*472*20200331~CAS*CO*45*112.49~REF*6R*CPGYTGPLZD2S~AMT*B6*65.81~LQ*HE*N381~CLP*000100032057*1*178.3*65.81**MC*2020115045276~NM1*QC*1*VARGAS*MAX****MR*S695147~NM1*82*1*GRONEMEYER*LEANNE*R***XX*1659521045~REF*EA*44584995D07A4590AFBD15CF0FB739A1~DTM*232*20200324~DTM*233*20200324~SVC*HC:99213*178.3*65.81**1~DTM*472*20200324~CAS*CO*45*112.49~REF*6R*CPGYB4RW0S83~AMT*B6*65.81~LQ*HE*N381~CLP*000100033004*1*716.16*119.03**MC*2020115045237~NM1*QC*1*VIGIL*BOBBY*L***MR*V085872~NM1*82*1*SEARLES*DENISE*A***XX*1396971230~REF*EA*0B5B6A9930374DC7B19960A91D3DA555~DTM*232*20200409~DTM*233*20200409~SVC*HC:99214:25*272.99*97.11**1~DTM*472*20200409~CAS*CO*45*175.88~REF*6R*CPGYMB7NUEWK~AMT*B6*97.11~LQ*HE*N381~SVC*HC:H0049*403.17*10.92**1~DTM*472*20200409~CAS*CO*45*392.25~REF*6R*CPGY0COGSEU7~AMT*B6*10.92~LQ*HE*N381~SVC*HC:G8510*40*11**1~DTM*472*20200409~CAS*CO*45*29~REF*6R*CPGYKZZONXTY~AMT*B6*11~LQ*HE*N381~CLP*000100033212*1*272.99*95.11*2*MC*2020112047457~NM1*QC*1*VIGIL*JANINE****MR*K180734~NM1*82*1*CADDALI*ESTRELLA*A***XX*1164974580~REF*EA*E27088E30C0446EC9CA7D51825916261~DTM*232*20200414~DTM*233*20200414~SVC*HC:99214*272.99*95.11**1~DTM*472*20200414~CAS*PR*3*2~CAS*CO*45*175.88~REF*6R*CPGM1UJ02263~AMT*B6*97.11~LQ*HE*N381~LQ*HE*N381~CLP*000100029225*1*178.3*65.81**MC*2020112047388~NM1*QC*1*WAL*KORRA*N***MR*P498567~NM1*82*1*SEARLES*DENISE*A***XX*1396971230~REF*EA*04E0CD990F6846ABBFC5704B36D87815~DTM*232*20200131~DTM*233*20200131~SVC*HC:99213*178.3*65.81**1~DTM*472*20200131~CAS*CO*45*112.49~REF*6R*CPGMSPEHQZEM~AMT*B6*65.81~LQ*HE*N381~CLP*000100032462*1*272.99*95.11*2*MC*2020112047432~NM1*QC*1*WELCH*BRITTANY****MR*P124416~NM1*82*1*CADDALI*ESTRELLA*A***XX*1164974580~REF*EA*9CC6F2F623944081BF0899C8F9C7B34B~DTM*232*20200331~DTM*233*20200331~SVC*HC:99214*272.99*95.11**1~DTM*472*20200331~CAS*PR*3*2~CAS*CO*45*175.88~REF*6R*CPGMN49955I6~AMT*B6*97.11~LQ*HE*N381~LQ*HE*N381~CLP*000100033139*1*178.3*65.81**MC*2020115045202~NM1*QC*1*WHITEHEAD*ELLIE****MR*O922166~NM1*82*1*GRONEMEYER*LEANNE*R***XX*1659521045~REF*EA*06F5736E1D174D27980816BC753E153B~DTM*232*20200413~DTM*233*20200413~SVC*HC:99213*178.3*65.81**1~DTM*472*20200413~CAS*CO*45*112.49~REF*6R*CPGYG52C0U1H~AMT*B6*65.81~LQ*HE*N381~CLP*000100032166*1*88.54*37.39*2*MC*2020112047387~NM1*QC*1*WILKINS*CARTHELIUS****MR*P159818~NM1*82*1*HOOSHMAND-PARSI*KAYHOSROW****XX*1447291851~REF*EA*3DECB76CA193439586164EE57671A896~DTM*232*20200325~DTM*233*20200325~SVC*HC:99212*88.54*37.39**1~DTM*472*20200325~CAS*PR*3*2~CAS*CO*45*49.15~REF*6R*CPGMJAY89BBF~AMT*B6*39.39~LQ*HE*N381~LQ*HE*N381~CLP*000100032529*1*88.54*39.39**MC*2020112047500~NM1*QC*1*WILLIAMS*ETHAN*D***MR*O419068~NM1*82*1*SEARLES*DENISE*A***XX*1396971230~REF*EA*4115A2803C4F470FBD635DD6D44D8DBA~DTM*232*20200331~DTM*233*20200331~SVC*HC:99212*88.54*39.39**1~DTM*472*20200331~CAS*CO*45*49.15~REF*6R*CPGMWKPCTJ6S~AMT*B6*39.39~LQ*HE*N381~CLP*000100032434*1*178.3*65.81**MC*2020115045228~NM1*QC*1*WILLIAMS*KALLIE****MR*O184978~NM1*82*1*GRONEMEYER*LEANNE*R***XX*1659521045~REF*EA*D0E2E9109065483596F5CC42475C3702~DTM*232*20200330~DTM*233*20200330~SVC*HC:99213*178.3*65.81**1~DTM*472*20200330~CAS*CO*45*112.49~REF*6R*CPGYP0636DZO~AMT*B6*65.81~LQ*HE*N381~CLP*000100031890*1*272.99*95.11*2*MC*2020112047436~NM1*QC*1*WILLIS*DIANE****MR*D774337~NM1*82*1*SEARLES*DENISE*A***XX*1396971230~REF*EA*29A94C200D734A5B871215E2D85E6B57~DTM*232*20200320~DTM*233*20200320~SVC*HC:99214*272.99*95.11**1~DTM*472*20200320~CAS*PR*3*2~CAS*CO*45*175.88~REF*6R*CPGMU2X6RW1G~AMT*B6*97.11~LQ*HE*N77~LQ*HE*N381~LQ*HE*N381~CLP*000100032407*1*178.3*65.81**MC*2020115045259~NM1*QC*1*WILLIS*ROYCE*J***MR*O655713~NM1*82*1*GRONEMEYER*LEANNE*R***XX*1659521045~REF*EA*73C3E0D5292A4351B3F5FC2C3A4FD605~DTM*232*20200330~DTM*233*20200330~SVC*HC:99213*178.3*65.81**1~DTM*472*20200330~CAS*CO*45*112.49~REF*6R*CPGYBXW433HV~AMT*B6*65.81~LQ*HE*N381~CLP*000100031946*1*193.3*74.23**MC*2020112047493~NM1*QC*1*WINEGARD*ERIN*E***MR*U514872~NM1*82*1*HOOSHMAND-PARSI*KAYHOSROW****XX*1447291851~REF*EA*B9A8C660E50E4312A53D379FC0DC79D5~DTM*232*20200323~DTM*233*20200323~SVC*HC:99213*178.3*65.81**1~DTM*472*20200323~CAS*CO*45*112.49~REF*6R*CPGMATHIA5W9~AMT*B6*65.81~LQ*HE*N77~LQ*HE*N381~SVC*HC:81025*15*8.42**1~DTM*472*20200323~CAS*CO*45*6.58~REF*6R*CPGM74917UB2~AMT*B6*8.42~LQ*HE*N77~LQ*HE*N381~CLP*000100033046*1*178.3*65.81**MC*2020112047512~NM1*QC*1*WOODARD*LYDIA****MR*P869732~NM1*82*1*SEARLES*DENISE*A***XX*1396971230~REF*EA*90213192406F4F45AABD291E54A5D405~DTM*232*20200410~DTM*233*20200410~SVC*HC:99213*178.3*65.81**1~DTM*472*20200410~CAS*CO*45*112.49~REF*6R*CPGMM9REDNQQ~AMT*B6*65.81~LQ*HE*N381~CLP*000100031878*1*272.99*97.11**MC*2020112047513~NM1*QC*1*ZUPANCIC*CARLOS*A***MR*K226313~NM1*82*1*SEARLES*DENISE*A***XX*1396971230~REF*EA*72D31AB57E504011B5CD760C97E09015~DTM*232*20200320~DTM*233*20200320~SVC*HC:99214*272.99*97.11**1~DTM*472*20200320~CAS*CO*45*175.88~REF*6R*CPGM83CL8CIE~AMT*B6*97.11~LQ*HE*N77~LQ*HE*N381~CLP*000100032301*1*272.99*97.11**MC*2020112047515~NM1*QC*1*ZUPANCIC*CARLOS*A***MR*K226313~NM1*82*1*SEARLES*DENISE*A***XX*1396971230~REF*EA*75B4E57057404B0791C1EA71AEFE57E5~DTM*232*20200327~DTM*233*20200327~SVC*HC:99214*272.99*97.11**1~DTM*472*20200327~CAS*CO*45*175.88~REF*6R*CPGM7VMJL030~AMT*B6*97.11~LQ*HE*N77~LQ*HE*N381~CLP*000100031942*4*83.99*0**MC*2020112047469~NM1*QC*1*CANDELARIA*JIMMY*L***MR*K552023~NM1*82*1*HOOSHMAND-PARSI*KAYHOSROW****XX*1447291851~REF*EA*F26DAB3188C741CD863276376D7C6406~DTM*232*20200323~DTM*233*20200323~SVC*HC:96372*83.99*0**0**1~DTM*472*20200323~CAS*CO*109*83.99~REF*6R*CPGMZHDHU8WH~LQ*HE*N77~LQ*HE*N381~CLP*000100030214*4*134*0**MC*2020112047320~NM1*QC*1*DIAZ*GEORGINA*L***MR*I770082~NM1*82*1*SEARLES*DENISE*A***XX*1396971230~REF*EA*8C30CC4F91734CF3AAE1C4FA25E86951~DTM*232*20200220~DTM*233*20200220~SVC*HC:99214*134*0**0**1~DTM*472*20200220~CAS*PI*96*134~REF*6R*CPGMA0J6KZ5X~LQ*HE*N77~LQ*HE*N30~LQ*HE*MA92~CLP*000100031962*4*15*0**MC*2020112047337~NM1*QC*1*HEREDIA*NEISHA****MR*M350525~NM1*82*1*HOOSHMAND-PARSI*KAYHOSROW****XX*1447291851~REF*EA*AF330DD44A5F4517AB5B19202CCBBFDB~DTM*232*20200323~DTM*233*20200323~SVC*HC:81025*15*0**0**1~DTM*472*20200323~CAS*PI*16*15~REF*6R*CPGME8LQZK3G~LQ*HE*N77~LQ*HE*N381~CLP*000100032719*4*15*0**MC*2020112047398~NM1*QC*1*MOORE*MELISSA****MR*O302777~NM1*82*1*CADDALI*ESTRELLA*A***XX*1164974580~REF*EA*13D6C14BDF4C4087A9472F8DEAE6E6A7~DTM*232*20200403~DTM*233*20200403~SVC*HC:81025*15*0**0**1~DTM*472*20200403~CAS*PI*5*15~REF*6R*CPGMMOX100QY~LQ*HE*M77~LQ*HE*M77~CLP*000100033233*4*54.67*0**MC*2020112047402~NM1*QC*1*MOORE*MELISSA****MR*O302777~NM1*82*1*CADDALI*ESTRELLA*A***XX*1164974580~REF*EA*541DEFB9C2D84C228530B02CC77DC9DE~DTM*232*20200415~DTM*233*20200415~SVC*HC:93000*54.67*0**0**1~DTM*472*20200415~CAS*PI*5*54.67~REF*6R*CPGM38WZ53TO~LQ*HE*M77~LQ*HE*M77~CLP*000100030464*4*65*0**MC*2020115045218~NM1*QC*1*ORNELAS*MICHAEL*A***MR*Q985383~NM1*82*1*SANCHEZ*LEANN*V***XX*1508990961~REF*EA*3FD40444D9EA43CDA43F3AEE0C2B75FE~DTM*232*20200225~DTM*233*20200225~SVC*HC:H0006*65*0**0**1~DTM*472*20200225~CAS*CO*109*65~REF*6R*CPGE75TV8ORC~LQ*HE*N77~LQ*HE*N381~CLP*000100031324*4*80*0**MC*2020115045246~NM1*QC*1*QUINTANA*DANIELLE*A***MR*N559116~NM1*82*1*LEWIS*HOLLY*G***XX*1295234128~REF*EA*7CDF271970304611AB22031FF97D1698~DTM*232*20200311~DTM*233*20200311~SVC*HC:90834*80*0**0**1~DTM*472*20200311~CAS*PI*119*80~REF*6R*CPGEQAGIN7S4~LQ*HE*N77~LQ*HE*N381~CLP*000100032072*4*15*0**MC*2020112047366~NM1*QC*1*SANCHEZ*YVONNE*A***MR*J289148~NM1*82*1*HOOSHMAND-PARSI*KAYHOSROW****XX*1447291851~REF*EA*FDD683F141D14F538587D2C30242FE73~DTM*232*20200324~DTM*233*20200324~SVC*HC:81025*15*0**0**1~DTM*472*20200324~CAS*PI*5*15~REF*6R*CPGMFV6TSGJK~LQ*HE*N77~LQ*HE*M77~CLP*000100032872*4*15*0**MC*2020112047368~NM1*QC*1*SANCHEZ*YVONNE*A***MR*J289148~NM1*82*1*HOOSHMAND-PARSI*KAYHOSROW****XX*1447291851~REF*EA*995B6630525E41B2BE48B7EAEFB68270~DTM*232*20200407~DTM*233*20200407~SVC*HC:81025*15*0**0**1~DTM*472*20200407~CAS*PI*5*15~REF*6R*CPGMFGP2HDHV~LQ*HE*N77~LQ*HE*M77~CLP*000100032861*4*108.83*0**MC*2020115045173~NM1*QC*1*WILLIS*DIANE****MR*D774337~NM1*82*1*LEWIS*HOLLY*G***XX*1295234128~REF*EA*B51E77B340D94B95BD550C97FE00D560~DTM*232*20200407~DTM*233*20200407~SVC*HC:H0004*108.83*0**0**1~DTM*472*20200407~CAS*CO*109*108.83~REF*6R*CPGYLZUDTJ3O~LQ*HE*N381~PLB*1508250911*20201231*CS:0000375960061*-65.57*CS:0000375960061*65.57*CS:0000375960070*-65.57*CS:0000375960070*65.57~SE*1951*000010011~GE*1*100004875~IEA*1*100004875~