ISA*00*          *00*          *ZZ*COMEDASSISTPROG*ZZ*6769489        *200323*0227*^*00501*300045444*0*P*:~GS*HP*COMEDASSISTPROG*6769489*20200323*022712*300045444*X*005010X221A1~ST*835*000010012~BPR*I*16944.37*C*ACH*CCP*01*075911603*DA*00000004556640373*1811725341**01*102106569*DA*2200002989138*20200323~TRN*1*000930301*1811725341~REF*EV*1508250911~DTM*405*20200320~N1*PR*CO_TXIX*XV*7912900843~N3*P.O. BOX 30~N4*DENVER*CO*80201~PER*CX*MEDICAID PROVIDER SERVICES*TE*8442352387~PER*BL*MEDICAID PROVIDER SERVICES*TE*8442352387~N1*PE*HEALTH SOLUTIONS MED CENTER*XX*1508250911~REF*TJ*841158933~LX*1~CLP*000100026818*2*35*4.4**MC*2020076055041~NM1*QC*1*BERKSTRESSER*MELINDA*J***MR*J167021~NM1*82*1*HOOSHMAND-PARSI*KAYHOSROW****XX*1447291851~REF*EA*12C69B9A03FB4ECBBFA68F2A6B80C7E1~DTM*232*20191216~DTM*233*20191216~SVC*HC:69209:50*35*4.4**1~DTM*472*20191216~CAS*CO*45*30.6~REF*6R*CP5I39O4DLHB~AMT*B6*4.4~LQ*HE*N381~CLP*000100024076*2*121*39.39**MC*2020080002255~NM1*QC*1*COLLIER*COLE*T***MR*Y002360~NM1*82*1*CADDALI*ESTRELLA*A***XX*1164974580~REF*EA*1C1DE14021C64B0D8E62A038875CBCB8~DTM*232*20191023~DTM*233*20191023~SVC*HC:99212:25*54*39.39**1~DTM*472*20191023~CAS*CO*45*14.61~REF*6R*CP46K51MGY1U~AMT*B6*39.39~LQ*HE*N381~SVC*HC:G0008*32*0**0**1~DTM*472*20191023~CAS*PI*16*32~REF*6R*CP46TZRLF5QM~LQ*HE*N381~LQ*HE*N56~SVC*HC:90674*35*0**1~DTM*472*20191023~CAS*CO*45*35~REF*6R*CP46O5O26RBH~LQ*HE*N381~CLP*000100030193*2*90*59.15**MC*2020080002251~NM1*QC*1*DALTON*JASON*P***MR*G296744~NM1*82*1*GRONEMEYER*LEANNE*R***XX*1659521045~REF*EA*591A5A924FA04275B9DB29A981510F5A~DTM*232*20200219~DTM*233*20200219~SVC*HC:99213*90*59.15**1~DTM*472*20200219~CAS*CO*45*30.85~REF*6R*CP46MKIBHHIB~AMT*B6*59.15~LQ*HE*N381~LQ*HE*N381~CLP*000100030077*2*134*48.94**MC*2020080002261~NM1*QC*1*FENWICK*SUSAN****MR*I982356~NM1*82*1*SEARLES*DENISE*A***XX*1396971230~REF*EA*9D84209B17B8442DAFA1C1A05000488F~DTM*232*20200218~DTM*233*20200218~SVC*HC:99214*134*48.94**1~DTM*472*20200218~CAS*CO*45*85.06~REF*6R*CP46887AVX25~AMT*B6*48.94~LQ*HE*N381~LQ*HE*N381~CLP*000100030227*2*134*42.42**MC*2020080002267~NM1*QC*1*HUBBARD*LORI*E***MR*K898939~NM1*82*1*GRONEMEYER*LEANNE*R***XX*1659521045~REF*EA*D03AB792CEB7454588FFBBB10CD165A4~DTM*232*20200220~DTM*233*20200220~SVC*HC:99214*134*42.42**1~DTM*472*20200220~CAS*CO*45*91.58~REF*6R*CP46DIH68N9R~AMT*B6*42.42~LQ*HE*N381~LQ*HE*N381~CLP*000100030055*2*54*7.98**MC*2020080002253~NM1*QC*1*KLIPFEL*SHARON*L***MR*B029833~NM1*82*1*CADDALI*ESTRELLA*A***XX*1164974580~REF*EA*9EFB96A0784649889DB3E4B718F43A58~DTM*232*20200218~DTM*233*20200218~SVC*HC:99212*54*7.98**1~DTM*472*20200218~CAS*CO*45*46.02~REF*6R*CP46VIHMN9Y1~AMT*B6*7.98~LQ*HE*N381~LQ*HE*N381~CLP*000100029930*2*158*13**MC*2020080002250~NM1*QC*1*MURPHY*JAMES*P***MR*O503555~NM1*82*1*HOOSHMAND-PARSI*KAYHOSROW****XX*1447291851~REF*EA*7A1C39EA62A543699A8BA98C463F6253~DTM*232*20200213~DTM*233*20200213~SVC*HC:99214:25*134*9.48**1~DTM*472*20200213~CAS*CO*45*124.52~REF*6R*CP46XWP06752~AMT*B6*9.48~LQ*HE*N381~LQ*HE*N381~SVC*HC:93000*24*3.52**1~DTM*472*20200213~CAS*CO*45*20.48~REF*6R*CP462EO5DDVC~AMT*B6*3.52~LQ*HE*N381~LQ*HE*N381~CLP*000100027573*2*261*32.46**MC*2220080012352~NM1*QC*1*SCHAFFER*JENNIFER*A***MR*Y301172~DTM*232*20200103~DTM*233*20200103~SVC*HC:99204:25*205*0**1~DTM*472*20200103~CAS*CO*45*205~REF*HPI*1366419582~LQ*HE*N381~SVC*HC:96127*8*.18**1~DTM*472*20200103~CAS*CO*45*7.82~REF*HPI*1366419582~AMT*B6*.18~LQ*HE*N381~LQ*HE*N381~SVC*HC:99408*44*32.28**1~DTM*472*20200103~CAS*CO*45*11.72~REF*HPI*1366419582~AMT*B6*32.28~LQ*HE*N381~SVC*HC:81002*4*0**1~DTM*472*20200103~CAS*CO*45*4~REF*HPI*1366419582~LQ*HE*N381~CLP*000100030290*2*138*25.39**MC*2020080002265~NM1*QC*1*TREVINO CRUZ*ELVA*A***MR*N194567~NM1*74*1*TREVINOCRUZ~NM1*82*1*LUCAS*PEGGI*S***XX*1366419582~REF*EA*7962EA51FC5B4997981008EAD8C2F707~DTM*232*20200221~DTM*233*20200221~SVC*HC:99214:25*134*25.39**1~DTM*472*20200221~CAS*CO*45*108.61~REF*6R*CP46Y8USV2TO~AMT*B6*25.39~LQ*HE*N381~LQ*HE*N381~SVC*HC:81002*4*0**1~DTM*472*20200221~CAS*CO*45*4~REF*6R*CP46I3NI8EH0~LQ*HE*N381~CLP*000100029994*2*134*19**MC*2020080002258~NM1*QC*1*TRUJILLO*YVONNE*D***MR*C027869~NM1*82*1*SEARLES*DENISE*A***XX*1396971230~REF*EA*172994C755DB4AC2B8A273C6B1FD69EF~DTM*232*20200214~DTM*233*20200214~SVC*HC:99214*134*19**1~DTM*472*20200214~CAS*CO*45*115~REF*6R*CP46A561ZTT9~AMT*B6*19~LQ*HE*N381~LQ*HE*N381~CLP*000100030208*2*54*7.98**MC*2020080002271~NM1*QC*1*WAGNER*DOROTHY*J***MR*P790476~NM1*82*1*CADDALI*ESTRELLA*A***XX*1164974580~REF*EA*B0F85EFEDC1A40DA9C598CBFD5CFD4F4~DTM*232*20200220~DTM*233*20200220~SVC*HC:99212*54*7.98**1~DTM*472*20200220~CAS*CO*45*46.02~REF*6R*CP46TSM4UJHC~AMT*B6*7.98~LQ*HE*N381~LQ*HE*N381~CLP*000100028798*4*90*0**MC*2020077059881~NM1*QC*1*FENWICK*SUSAN*A***MR*I982356~NM1*82*1*SEARLES*DENISE*A***XX*1396971230~REF*EA*5D60DA5B78EF47D2BD807D13E007CB78~DTM*232*20200124~DTM*233*20200124~SVC*HC:99213*90*0**0**1~DTM*472*20200124~CAS*OA*23*90~REF*6R*CP5AQJ1R5EBV~LQ*HE*N362~LQ*HE*MA130~LQ*HE*MA130~LQ*HE*N56~LQ*HE*N381~LQ*HE*N381~LQ*HE*N381~LQ*HE*N381~CLP*000100030707*1*1971*1286.51**MC*2020076055138~NM1*QC*1*ADAMS*CHRISTOPHER****MR*Y546450~NM1*82*1*SEARLES*DENISE*A***XX*1396971230~REF*EA*0BB5CAFD25D444FC809D555A3272C90C~DTM*232*20200227~DTM*233*20200227~SVC*HC:99214:25*134*97.11**1~DTM*472*20200227~CAS*CO*45*36.89~REF*6R*CP5IBM6W2RB6~AMT*B6*97.11~LQ*HE*N77~LQ*HE*N381~SVC*HC:96372*32*0**0**1~DTM*472*20200227~CAS*CO*109*32~REF*6R*CP5IH2WDDBXP~LQ*HE*N77~LQ*HE*N381~SVC*HC:J2315*1805*1189.4**380~DTM*472*20200227~CAS*CO*45*615.6~REF*6R*CP5I76YAQE3G~AMT*B6*1189.4~LQ*HE*N77~LQ*HE*N381~CLP*000100030830*1*65*55.35**MC*2020077059984~NM1*QC*1*AMES*STACY*L***MR*K978061~NM1*82*1*LEWIS*HOLLY*G***XX*1295234128~REF*EA*6B2D38FC81DB41A6B99428BAA051BF08~DTM*232*20200303~DTM*233*20200303~SVC*HC:90832*65*55.35**1~DTM*472*20200303~CAS*CO*45*9.65~REF*6R*CP5AIJ5GPA5M~AMT*B6*55.35~LQ*HE*N381~CLP*000100030821*1*210*138.55**MC*2020080042183~NM1*QC*1*AMES*STACY*L***MR*K978061~NM1*82*1*CADDALI*ESTRELLA*A***XX*1164974580~REF*EA*0E6558C3C8F546F6BC458E270D12C551~DTM*232*20200303~DTM*233*20200303~SVC*HC:99214:25*134*97.11**1~DTM*472*20200303~CAS*CO*45*36.89~REF*6R*CP6U7Y9HSHYG~AMT*B6*97.11~LQ*HE*N381~SVC*HC:H0049*36*10.92**1~DTM*472*20200303~CAS*CO*45*25.08~REF*6R*CP6UFBO7T824~AMT*B6*10.92~LQ*HE*N381~SVC*HC:G8431*40*30.52**1~DTM*472*20200303~CAS*CO*45*9.48~REF*6R*CP6U5ECTH3HC~AMT*B6*30.52~LQ*HE*N381~CLP*28262*1*165*107.82**MC*2220076005921~NM1*QC*1*AMORIN*KALIZMA****MR*P525380~DTM*232*20200115~DTM*233*20200115~SVC*HC:99395*165*107.82**1~DTM*472*20200115~CAS*CO*45*57.18~REF*HPI*1164974580~AMT*B6*107.82~LQ*HE*N381~CLP*000100030575*1*134*97.11**MC*2020076055309~NM1*QC*1*ARELLANO*STEFAN*G***MR*T457503~NM1*82*1*GRONEMEYER*LEANNE*R***XX*1659521045~REF*EA*18A6CF3278F24F29BFC16FD102D71A13~DTM*232*20200226~DTM*233*20200226~SVC*HC:99214*134*97.11**1~DTM*472*20200226~CAS*CO*45*36.89~REF*6R*CP5I38XOA76K~AMT*B6*97.11~LQ*HE*N77~LQ*HE*N381~CLP*000100030925*1*134*97.11**MC*2020080042173~NM1*QC*1*ARELLANO*STEFAN*G***MR*T457503~NM1*82*1*SEARLES*DENISE*A***XX*1396971230~REF*EA*16618D3A0E14474195053EC2DE540636~DTM*232*20200304~DTM*233*20200304~SVC*HC:99214*134*97.11**1~DTM*472*20200304~CAS*CO*45*36.89~REF*6R*CP6UKPEFANV2~AMT*B6*97.11~LQ*HE*N77~LQ*HE*N381~CLP*000100029682*1*149*105.53**MC*2020080042156~NM1*QC*1*BAROS*MELANIE*A***MR*L096798~NM1*82*1*HOOSHMAND-PARSI*KAYHOSROW****XX*1447291851~REF*EA*A1ED7CF012B94041A150A1E6796AB1C6~DTM*232*20200210~DTM*233*20200210~SVC*HC:99214:25*134*97.11**1~DTM*472*20200210~CAS*CO*45*36.89~REF*6R*CP6U3VLTKPRV~AMT*B6*97.11~LQ*HE*N77~LQ*HE*N381~SVC*HC:81025*15*8.42**1~DTM*472*20200210~CAS*CO*45*6.58~REF*6R*CP6UWCMW8660~AMT*B6*8.42~LQ*HE*N77~LQ*HE*N381~CLP*000100030488*1*281*191.03**MC*2020077059992~NM1*QC*1*BOESKE*TERRELL*R***MR*O641902~NM1*82*1*LUCAS*PEGGI*S***XX*1366419582~REF*EA*5D62A2521EF3492192E26BDA7D6F4296~DTM*232*20200225~DTM*233*20200225~SVC*HC:99204:25*205*149.59**1~DTM*472*20200225~CAS*CO*45*55.41~REF*6R*CP5AR9792MDL~AMT*B6*149.59~LQ*HE*N381~SVC*HC:H0049*36*10.92**1~DTM*472*20200225~CAS*CO*45*25.08~REF*6R*CP5ASARO7VD6~AMT*B6*10.92~LQ*HE*N381~SVC*HC:G8431*40*30.52**1~DTM*472*20200225~CAS*CO*45*9.48~REF*6R*CP5AC4TRIFA2~AMT*B6*30.52~LQ*HE*N381~CLP*000100030770*1*330*201.54**MC*2020080042145~NM1*QC*1*BOISVERT*ORIEN*K***MR*O244414~NM1*82*1*HOOSHMAND-PARSI*KAYHOSROW****XX*1447291851~REF*EA*390FE5E4C18C4885A1CCA8EDDD8CAE0B~DTM*232*20200302~DTM*233*20200302~SVC*HC:99204:25*205*149.59**1~DTM*472*20200302~CAS*CO*45*55.41~REF*6R*CP6UR8U2KFMT~AMT*B6*149.59~LQ*HE*N77~LQ*HE*N381~SVC*HC:99415*45*7.11**1~DTM*472*20200302~CAS*CO*45*37.89~REF*6R*CP6UK2UVJWFB~AMT*B6*7.11~LQ*HE*N77~LQ*HE*N381~SVC*HC:H0049*36*10.92**1~DTM*472*20200302~CAS*CO*45*25.08~REF*6R*CP6U80S8JZ4D~AMT*B6*10.92~LQ*HE*N77~LQ*HE*N381~SVC*HC:G8431*40*30.52**1~DTM*472*20200302~CAS*CO*45*9.48~REF*6R*CP6UR33484JE~AMT*B6*30.52~LQ*HE*N77~LQ*HE*N381~SVC*HC:81002*4*3.4**1~DTM*472*20200302~CAS*CO*45*.6~REF*6R*CP6URZZL1J7O~AMT*B6*3.4~LQ*HE*N77~LQ*HE*N381~CLP*000100031343*1*245*140.85**MC*2020076055245~NM1*QC*1*BOWMAN*KENNETH****MR*M147202~NM1*82*1*HOOSHMAND-PARSI*KAYHOSROW****XX*1447291851~REF*EA*0D1E5FBDC09F42779FDDC34CE39B546C~DTM*232*20200311~DTM*233*20200311~SVC*HC:99203:25*145*97.43**1~DTM*472*20200311~CAS*CO*45*47.57~REF*6R*CP5IBMJNKKNL~AMT*B6*97.43~LQ*HE*N381~SVC*HC:93000*24*21.5**1~DTM*472*20200311~CAS*CO*45*2.5~REF*6R*CP5IF2IC6XIX~AMT*B6*21.5~LQ*HE*N381~SVC*HC:H0049*36*10.92**1~DTM*472*20200311~CAS*CO*45*25.08~REF*6R*CP5IRFT2TE6J~AMT*B6*10.92~LQ*HE*N381~SVC*HC:G8510*40*11**1~DTM*472*20200311~CAS*CO*45*29~REF*6R*CP5INO7CEFL4~AMT*B6*11~LQ*HE*N381~CLP*000100028454*2*134*81.61**MC*2020077059932~NM1*QC*1*BROWN*SAMANTHA*L***MR*U792619~NM1*82*1*LUCAS*PEGGI*S***XX*1366419582~REF*EA*2226C8A0F6B54448B3D9FEC90E6603F8~DTM*232*20200120~DTM*233*20200120~SVC*HC:99214:25*134*81.61**1~DTM*472*20200120~CAS*CO*45*36.89~CAS*OA*23*15.5~REF*6R*CP5AOM3H1BML~AMT*B6*97.11~LQ*HE*N77~LQ*HE*MA125~LQ*HE*N381~CLP*000100030839*1*90*65.81**MC*2020077059962~NM1*QC*1*CABELLO*ANNE*L***MR*J047769~NM1*82*1*CADDALI*ESTRELLA*A***XX*1164974580~REF*EA*1C9A24B714C94C35945F215B1C81B365~DTM*232*20200303~DTM*233*20200303~SVC*HC:99213*90*65.81**1~DTM*472*20200303~CAS*CO*45*24.19~REF*6R*CP5ASYR406GO~AMT*B6*65.81~LQ*HE*N381~CLP*000100030697*1*149*105.53**MC*2020076055156~NM1*QC*1*CAMPBELL*TAMMY*L***MR*Y574975~NM1*82*1*SEARLES*DENISE*A***XX*1396971230~REF*EA*C678255E27D24C63849100DF36774346~DTM*232*20200227~DTM*233*20200227~SVC*HC:99214:25*134*97.11**1~DTM*472*20200227~CAS*CO*45*36.89~REF*6R*CP5IEKCXIE8B~AMT*B6*97.11~LQ*HE*N77~LQ*HE*N381~SVC*HC:81025*15*8.42**1~DTM*472*20200227~CAS*CO*45*6.58~REF*6R*CP5IX8Y3V761~AMT*B6*8.42~LQ*HE*N77~LQ*HE*N381~CLP*000100030959*1*90*65.81**MC*2020080042148~NM1*QC*1*CAMPBELL*TAMMY*L***MR*Y574975~NM1*82*1*CADDALI*ESTRELLA*A***XX*1164974580~REF*EA*C0C275C1305F427EA9AAC952A0537538~DTM*232*20200304~DTM*233*20200304~SVC*HC:99213*90*65.81**1~DTM*472*20200304~CAS*CO*45*24.19~REF*6R*CP6UFFFZLQV0~AMT*B6*65.81~LQ*HE*N381~CLP*000100030917*1*134*97.11**MC*2020080042170~NM1*QC*1*CARRILLO*JOHN*P***MR*Q013327~NM1*82*1*SEARLES*DENISE*A***XX*1396971230~REF*EA*18CBA2C37981467DB5CFB7DD68F433A2~DTM*232*20200304~DTM*233*20200304~SVC*HC:99214*134*97.11**1~DTM*472*20200304~CAS*CO*45*36.89~REF*6R*CP6UK8PONJVO~AMT*B6*97.11~LQ*HE*N77~LQ*HE*N381~CLP*000100030696*1*1971*1286.51**MC*2020076055290~NM1*QC*1*CHACON*LINDA*M***MR*A670991~NM1*82*1*SEARLES*DENISE*A***XX*1396971230~REF*EA*42A8A46990A44A86BC1CBCF5CDAC4BFB~DTM*232*20200227~DTM*233*20200227~SVC*HC:99214:25*134*97.11**1~DTM*472*20200227~CAS*CO*45*36.89~REF*6R*CP5IZD4ZW1QB~AMT*B6*97.11~LQ*HE*N77~LQ*HE*N381~SVC*HC:96372*32*0**0**1~DTM*472*20200227~CAS*CO*109*32~REF*6R*CP5IRX0UOC2M~LQ*HE*N77~LQ*HE*N381~SVC*HC:J2315*1805*1189.4**380~DTM*472*20200227~CAS*CO*45*615.6~REF*6R*CP5IWJGUW0QL~AMT*B6*1189.4~LQ*HE*N77~LQ*HE*N381~CLP*000100030884*1*134*97.11**MC*2020077059900~NM1*QC*1*CHATMAN*BRITTANY*C***MR*Y447314~NM1*82*1*SEARLES*DENISE*A***XX*1396971230~REF*EA*2A23311B232647F186C9684C61EF194F~DTM*232*20200303~DTM*233*20200303~SVC*HC:99214*134*97.11**1~DTM*472*20200303~CAS*CO*45*36.89~REF*6R*CP5APWQGPHMH~AMT*B6*97.11~LQ*HE*N381~CLP*000100030862*1*134*97.11**MC*2020077059989~NM1*QC*1*COLEMAN*AUDREY****MR*P886618~NM1*82*1*LUCAS*PEGGI*S***XX*1366419582~REF*EA*1EAE074A42234A2A83ACF086A46774F5~DTM*232*20200303~DTM*233*20200303~SVC*HC:99214*134*97.11**1~DTM*472*20200303~CAS*CO*45*36.89~REF*6R*CP5A7AHB870Q~AMT*B6*97.11~LQ*HE*N381~CLP*000100030796*1*149*103.53*2*MC*2020080042126~NM1*QC*1*CRAMER*CHELSEA*C***MR*G314138~NM1*82*1*LUCAS*PEGGI*S***XX*1366419582~REF*EA*1785B36EE3EB4B03829E9C7E18DB0CED~DTM*232*20200302~DTM*233*20200302~SVC*HC:99214:25*134*95.11**1~DTM*472*20200302~CAS*PR*3*2~CAS*CO*45*36.89~REF*6R*CP6UEYNBCZT7~AMT*B6*97.11~LQ*HE*N77~LQ*HE*N381~LQ*HE*N381~SVC*HC:81025*15*8.42**1~DTM*472*20200302~CAS*CO*45*6.58~REF*6R*CP6UEIHJBXGG~AMT*B6*8.42~LQ*HE*N77~LQ*HE*N381~CLP*000100031046*1*134*97.11**MC*2020080042175~NM1*QC*1*DAY*TROI*L***MR*P719426~NM1*82*1*GRONEMEYER*LEANNE*R***XX*1659521045~REF*EA*04649ED17ED84873AFEBAF353E7D1908~DTM*232*20200305~DTM*233*20200305~SVC*HC:99214*134*97.11**1~DTM*472*20200305~CAS*CO*45*36.89~REF*6R*CP6UNC3XMAOR~AMT*B6*97.11~LQ*HE*N381~CLP*000100030811*1*210*119.03**MC*2020080042119~NM1*QC*1*DEEHAN*TRISTAN*J***MR*P615922~NM1*82*1*GRONEMEYER*LEANNE*R***XX*1659521045~REF*EA*4A0E36CFE2F542A49B6E273C6B1B0504~DTM*232*20200302~DTM*233*20200302~SVC*HC:99214:25*134*97.11**1~DTM*472*20200302~CAS*CO*45*36.89~REF*6R*CP6U7NW3F9JN~AMT*B6*97.11~LQ*HE*N381~SVC*HC:H0049*36*10.92**1~DTM*472*20200302~CAS*CO*45*25.08~REF*6R*CP6UKSSBP3C6~AMT*B6*10.92~LQ*HE*N381~SVC*HC:G8510*40*11**1~DTM*472*20200302~CAS*CO*45*29~REF*6R*CP6UQJV5LBZA~AMT*B6*11~LQ*HE*N381~CLP*000100030700*1*210*119.03**MC*2020076055174~NM1*QC*1*DELACRUZ*DAVID*D***MR*Q466657~NM1*82*1*HOOSHMAND-PARSI*KAYHOSROW****XX*1447291851~REF*EA*CC934EED139B4412B396EBA71A9DEB54~DTM*232*20200227~DTM*233*20200227~SVC*HC:99214:25*134*97.11**1~DTM*472*20200227~CAS*CO*45*36.89~REF*6R*CP5I6OCE0ACT~AMT*B6*97.11~LQ*HE*N381~SVC*HC:H0049*36*10.92**1~DTM*472*20200227~CAS*CO*45*25.08~REF*6R*CP5I8F1N1BE2~AMT*B6*10.92~LQ*HE*N381~SVC*HC:G8510*40*11**1~DTM*472*20200227~CAS*CO*45*29~REF*6R*CP5I72SGFVDS~AMT*B6*11~LQ*HE*N381~CLP*000100030860*1*134*97.11**MC*2020080042182~NM1*QC*1*DIAZ*DOMINIC*M***MR*U857412~NM1*82*1*LUCAS*PEGGI*S***XX*1366419582~REF*EA*1A5AFCCBD8304E1088F8AB03776ABBC4~DTM*232*20200303~DTM*233*20200303~SVC*HC:99214*134*97.11**1~DTM*472*20200303~CAS*CO*45*36.89~REF*6R*CP6UANWDC6KN~AMT*B6*97.11~LQ*HE*N77~LQ*HE*N381~CLP*000100030544*1*90*65.81**MC*2020077059957~NM1*QC*1*DURAN*ROBERT****MR*P170512~NM1*82*1*CADDALI*ESTRELLA*A***XX*1164974580~REF*EA*B6C8A0C1A245400994A21665D8BA9FB3~DTM*232*20200226~DTM*233*20200226~SVC*HC:99213*90*65.81**1~DTM*472*20200226~CAS*CO*45*24.19~REF*6R*CP5AIE4U9MHC~AMT*B6*65.81~LQ*HE*N381~CLP*000100030832*1*90*65.81**MC*2020080042141~NM1*QC*1*EDMONDS*CHAD*W***MR*O652133~NM1*82*1*HOOSHMAND-PARSI*KAYHOSROW****XX*1447291851~REF*EA*158BDF10267D42D88842EF363AE15448~DTM*232*20200303~DTM*233*20200303~SVC*HC:99213*90*65.81**1~DTM*472*20200303~CAS*CO*45*24.19~REF*6R*CP6U874MZ8IB~AMT*B6*65.81~LQ*HE*N77~LQ*HE*N381~CLP*000100030819*1*149*103.53*2*MC*2020080042128~NM1*QC*1*EHLERS*DESIREE*F***MR*P131523~NM1*82*1*LUCAS*PEGGI*S***XX*1366419582~REF*EA*E2926DAD73384107AAE916041D0F23C8~DTM*232*20200303~DTM*233*20200303~SVC*HC:99214:25*134*95.11**1~DTM*472*20200303~CAS*PR*3*2~CAS*CO*45*36.89~REF*6R*CP6UUZ4TZQC5~AMT*B6*97.11~LQ*HE*N77~LQ*HE*N381~LQ*HE*N381~SVC*HC:81025*15*8.42**1~DTM*472*20200303~CAS*CO*45*6.58~REF*6R*CP6UD7XDAE8V~AMT*B6*8.42~LQ*HE*N77~LQ*HE*N381~CLP*000100030814*1*134*97.11**MC*2020080042157~NM1*QC*1*ELLISON*CHASE*J***MR*G509814~NM1*82*1*GRONEMEYER*LEANNE*R***XX*1659521045~REF*EA*FFFA087B081943D8B9DE27FA41319964~DTM*232*20200302~DTM*233*20200302~SVC*HC:99214*134*97.11**1~DTM*472*20200302~CAS*CO*45*36.89~REF*6R*CP6UQ9FB9NRV~AMT*B6*97.11~LQ*HE*N381~CLP*000100030576*1*134*95.11*2*MC*2020076055343~NM1*QC*1*ESQUIBEL*JASON*K***MR*Y927579~NM1*82*1*LANE*DELLA*J***XX*1417151630~REF*EA*3008322C5C3148D6B54BEE7A35A24537~DTM*232*20200226~DTM*233*20200226~SVC*HC:99214*134*95.11**1~DTM*472*20200226~CAS*PR*3*2~CAS*CO*45*36.89~REF*6R*CP5I07XGP28O~AMT*B6*97.11~LQ*HE*N77~LQ*HE*N381~LQ*HE*N381~CLP*000100030934*1*134*97.11**MC*2020080042181~NM1*QC*1*FAINE*JOSHUA*D***MR*P867816~NM1*82*1*SEARLES*DENISE*A***XX*1396971230~REF*EA*942D9DC477F146D49B47810BCD8ED5E7~DTM*232*20200304~DTM*233*20200304~SVC*HC:99214*134*97.11**1~DTM*472*20200304~CAS*CO*45*36.89~REF*6R*CP6UB6I7LPMM~AMT*B6*97.11~LQ*HE*N77~LQ*HE*N381~CLP*000100030888*1*65*55.35**MC*2020077059934~NM1*QC*1*FERGUSON*LYNDA*A***MR*P762143~NM1*82*1*LEWIS*HOLLY*G***XX*1295234128~REF*EA*A13BA72F0F854AE38AF99173341CDBAF~DTM*232*20200303~DTM*233*20200303~SVC*HC:90832*65*55.35**1~DTM*472*20200303~CAS*CO*45*9.65~REF*6R*CP5AOY99BF8M~AMT*B6*55.35~LQ*HE*N381~CLP*000100030871*1*211*108.57**MC*2020080042159~NM1*QC*1*FERGUSON*LYNDA*A***MR*P762143~NM1*82*1*SEARLES*DENISE*A***XX*1396971230~REF*EA*63ABAE723EF746EA8195179A45FBF1A1~DTM*232*20200303~DTM*233*20200303~SVC*HC:99202:25*135*67.13**1~DTM*472*20200303~CAS*CO*45*67.87~REF*6R*CP6U9YTWR9RA~AMT*B6*67.13~LQ*HE*N381~SVC*HC:H0049*36*10.92**1~DTM*472*20200303~CAS*CO*45*25.08~REF*6R*CP6U2BH91GCY~AMT*B6*10.92~LQ*HE*N381~SVC*HC:G8431*40*30.52**1~DTM*472*20200303~CAS*CO*45*9.48~REF*6R*CP6UB5WE77HM~AMT*B6*30.52~LQ*HE*N381~CLP*000100030978*1*134*97.11**MC*2020080042134~NM1*QC*1*FERNANDEZ*CHARLES****MR*I154949~NM1*82*1*SEARLES*DENISE*A***XX*1396971230~REF*EA*E1A85299F01645FB9DA5E0F5F40ACD2D~DTM*232*20200304~DTM*233*20200304~SVC*HC:99214*134*97.11**1~DTM*472*20200304~CAS*CO*45*36.89~REF*6R*CP6UYHTQFBJK~AMT*B6*97.11~LQ*HE*N381~CLP*000100030923*1*105*74.23**MC*2020080042114~NM1*QC*1*FIORINI*CHRISTENA*E***MR*Y109693~NM1*82*1*SEARLES*DENISE*A***XX*1396971230~REF*EA*D6F86CA603894109A11E1FF143EA318C~DTM*232*20200304~DTM*233*20200304~SVC*HC:99213:25*90*65.81**1~DTM*472*20200304~CAS*CO*45*24.19~REF*6R*CP6UD196U5HZ~AMT*B6*65.81~LQ*HE*N77~LQ*HE*N381~SVC*HC:81025*15*8.42**1~DTM*472*20200304~CAS*CO*45*6.58~REF*6R*CP6UP7ZDAJCL~AMT*B6*8.42~LQ*HE*N77~LQ*HE*N381~CLP*000100030944*1*90*65.81**MC*2020080042184~NM1*QC*1*FISHBACK*JEFF*A***MR*O617751~NM1*82*1*CADDALI*ESTRELLA*A***XX*1164974580~REF*EA*3C5754A3BEAB4CBDBE2BBCFD03667946~DTM*232*20200304~DTM*233*20200304~SVC*HC:99213*90*65.81**1~DTM*472*20200304~CAS*CO*45*24.19~REF*6R*CP6UI3FG5WJC~AMT*B6*65.81~LQ*HE*N381~CLP*000100030656*1*316*186.96**MC*2020076055109~NM1*QC*1*FLORES*AMBER****MR*S559509~NM1*82*1*SEARLES*DENISE*A***XX*1396971230~REF*EA*9CBD0A6637644959BB5DECA28613D050~DTM*232*20200227~DTM*233*20200227~SVC*HC:99215:25*180*129.99**1~DTM*472*20200227~CAS*CO*45*50.01~REF*6R*CP5IM30RJ0AX~AMT*B6*129.99~LQ*HE*N77~LQ*HE*N381~SVC*HC:99415*45*7.11**1~DTM*472*20200227~CAS*CO*45*37.89~REF*6R*CP5I7CHUBO6F~AMT*B6*7.11~LQ*HE*N77~LQ*HE*N381~SVC*HC:H0049*36*10.92**1~DTM*472*20200227~CAS*CO*45*25.08~REF*6R*CP5I9REEUJFK~AMT*B6*10.92~LQ*HE*N77~LQ*HE*N381~SVC*HC:G8431*40*30.52**1~DTM*472*20200227~CAS*CO*45*9.48~REF*6R*CP5IA5TLLWCP~AMT*B6*30.52~LQ*HE*N77~LQ*HE*N381~SVC*HC:81025*15*8.42**1~DTM*472*20200227~CAS*CO*45*6.58~REF*6R*CP5I3LLFEDUB~AMT*B6*8.42~LQ*HE*N77~LQ*HE*N381~CLP*000100030850*1*149*105.53**MC*2020080042136~NM1*QC*1*FLORES*AMBER****MR*S559509~NM1*82*1*LUCAS*PEGGI*S***XX*1366419582~REF*EA*1FCF740884F043528B172F902A4B4219~DTM*232*20200303~DTM*233*20200303~SVC*HC:99214:25*134*97.11**1~DTM*472*20200303~CAS*CO*45*36.89~REF*6R*CP6UC5ULAKYG~AMT*B6*97.11~LQ*HE*N77~LQ*HE*N381~SVC*HC:81025*15*8.42**1~DTM*472*20200303~CAS*CO*45*6.58~REF*6R*CP6UH7B7ECGZ~AMT*B6*8.42~LQ*HE*N77~LQ*HE*N381~CLP*000100030664*1*380*238.28**MC*2020076055042~NM1*QC*1*FLORES*KEITH*L***MR*W751068~NM1*82*1*SEARLES*DENISE*A***XX*1396971230~REF*EA*0786A664C87F4CD38B3920F32466CA9A~DTM*232*20200227~DTM*233*20200227~SVC*HC:99205:25*255*186.33**1~DTM*472*20200227~CAS*CO*45*68.67~REF*6R*CP5IO7DKF5LR~AMT*B6*186.33~LQ*HE*N77~LQ*HE*N381~SVC*HC:99415*45*7.11**1~DTM*472*20200227~CAS*CO*45*37.89~REF*6R*CP5ITPI2JWC9~AMT*B6*7.11~LQ*HE*N77~LQ*HE*N381~SVC*HC:H0049*36*10.92**1~DTM*472*20200227~CAS*CO*45*25.08~REF*6R*CP5IP94MO45D~AMT*B6*10.92~LQ*HE*N77~LQ*HE*N381~SVC*HC:G8431*40*30.52**1~DTM*472*20200227~CAS*CO*45*9.48~REF*6R*CP5I8BNSZA3D~AMT*B6*30.52~LQ*HE*N77~LQ*HE*N381~SVC*HC:81002*4*3.4**1~DTM*472*20200227~CAS*CO*45*.6~REF*6R*CP5IM8ZON3CH~AMT*B6*3.4~LQ*HE*N77~LQ*HE*N381~CLP*000100030851*1*134*97.11**MC*2020080042101~NM1*QC*1*FLORES*KEITH*L***MR*W751068~NM1*82*1*LUCAS*PEGGI*S***XX*1366419582~REF*EA*45023C896574424CAE2F98D74572C9EA~DTM*232*20200303~DTM*233*20200303~SVC*HC:99214*134*97.11**1~DTM*472*20200303~CAS*CO*45*36.89~REF*6R*CP6U9OSXTZ9I~AMT*B6*97.11~LQ*HE*N77~LQ*HE*N381~CLP*000100030460*1*134*97.11**MC*2020077059949~NM1*QC*1*GARDUNO*MATTHEW*J***MR*G783769~NM1*82*1*GRONEMEYER*LEANNE*R***XX*1659521045~REF*EA*B550344B48474A748D9346D46CC5A641~DTM*232*20200225~DTM*233*20200225~SVC*HC:99214*134*97.11**1~DTM*472*20200225~CAS*CO*45*36.89~REF*6R*CP5AW79ANM4E~AMT*B6*97.11~LQ*HE*N77~LQ*HE*N381~CLP*000100030921*1*291*202.64**MC*2020080042143~NM1*QC*1*GEAHLEN*CHRISTOPHER*J***MR*V774855~NM1*82*1*LUCAS*PEGGI*S***XX*1366419582~REF*EA*15E215BEB0184D4EB91C58B47AC7B6ED~DTM*232*20200304~DTM*233*20200304~SVC*HC:99204:25*205*149.59**1~DTM*472*20200304~CAS*CO*45*55.41~REF*6R*CP6UL9ML23XI~AMT*B6*149.59~LQ*HE*N381~SVC*HC:10061*50*42.13**1~DTM*472*20200304~CAS*CO*45*7.87~REF*6R*CP6URBRTEBWT~AMT*B6*42.13~LQ*HE*N381~LQ*HE*N381~SVC*HC:H0049*36*10.92**1~DTM*472*20200304~CAS*CO*45*25.08~REF*6R*CP6UKIDGBY8G~AMT*B6*10.92~LQ*HE*N381~CLP*000100030902*1*90*63.81*2*MC*2020077059997~NM1*QC*1*GONZALEZ*DANIELLE*L***MR*P267459~NM1*82*1*CADDALI*ESTRELLA*A***XX*1164974580~REF*EA*D7A7BCA7005C4F8390938B9DCC2013BA~DTM*232*20200303~DTM*233*20200303~SVC*HC:99213*90*63.81**1~DTM*472*20200303~CAS*PR*3*2~CAS*CO*45*24.19~REF*6R*CP5AOSVAWGI9~AMT*B6*65.81~LQ*HE*N381~LQ*HE*N381~CLP*000100030920*1*149*105.53**MC*2020080042180~NM1*QC*1*GOW*LAYLA*A***MR*O314223~NM1*82*1*SEARLES*DENISE*A***XX*1396971230~REF*EA*A3B8FB9CB706405F92B898D493252724~DTM*232*20200304~DTM*233*20200304~SVC*HC:99214:25*134*97.11**1~DTM*472*20200304~CAS*CO*45*36.89~REF*6R*CP6UYAWNJGTU~AMT*B6*97.11~LQ*HE*N77~LQ*HE*N381~SVC*HC:81025*15*8.42**1~DTM*472*20200304~CAS*CO*45*6.58~REF*6R*CP6UIT88MY1N~AMT*B6*8.42~LQ*HE*N77~LQ*HE*N381~CLP*000100030566*1*134*97.11**MC*2020076055083~NM1*QC*1*GRAY*JAMES****MR*J248474~NM1*82*1*GRONEMEYER*LEANNE*R***XX*1659521045~REF*EA*FC32696EF10248DD9FC0EA9644619EB9~DTM*232*20200226~DTM*233*20200226~SVC*HC:99214*134*97.11**1~DTM*472*20200226~CAS*CO*45*36.89~REF*6R*CP5I8N9UT0F2~AMT*B6*97.11~LQ*HE*N77~LQ*HE*N381~CLP*000100030752*1*341*206.56**MC*2020080042152~NM1*QC*1*GUERRA-DELACRUZ MARTINEZ*HERLINDA*M***MR*R965343~NM1*74*1*GUERRADELACRUZ~NM1*82*1*HOOSHMAND-PARSI*KAYHOSROW****XX*1447291851~REF*EA*0909A10D67B14C89B04F1918F99D5DD1~DTM*232*20200302~DTM*233*20200302~SVC*HC:99204:25*205*149.59**1~DTM*472*20200302~CAS*CO*45*55.41~REF*6R*CP6U4VKNU4AM~AMT*B6*149.59~LQ*HE*N77~LQ*HE*N381~SVC*HC:99415*45*7.11**1~DTM*472*20200302~CAS*CO*45*37.89~REF*6R*CP6UCD4TXH58~AMT*B6*7.11~LQ*HE*N77~LQ*HE*N381~SVC*HC:H0049*36*10.92**1~DTM*472*20200302~CAS*CO*45*25.08~REF*6R*CP6UZ0R5SGW6~AMT*B6*10.92~LQ*HE*N77~LQ*HE*N381~SVC*HC:G8431*40*30.52**1~DTM*472*20200302~CAS*CO*45*9.48~REF*6R*CP6UUOTB6BSZ~AMT*B6*30.52~LQ*HE*N77~LQ*HE*N381~SVC*HC:81025*15*8.42**1~DTM*472*20200302~CAS*CO*45*6.58~REF*6R*CP6UH3SUFDM7~AMT*B6*8.42~LQ*HE*N77~LQ*HE*N381~CLP*000100030840*1*54*39.39**MC*2020080042153~NM1*QC*1*GUERRA-DELACRUZ MARTINEZ*HERLINDA*M***MR*R965343~NM1*74*1*GUERRADELACRUZ~NM1*82*1*HOOSHMAND-PARSI*KAYHOSROW****XX*1447291851~REF*EA*B818FFD1A79E462A83E45B3E6AFDB388~DTM*232*20200303~DTM*233*20200303~SVC*HC:99212*54*39.39**1~DTM*472*20200303~CAS*CO*45*14.61~REF*6R*CP6UO07UJFTB~AMT*B6*39.39~LQ*HE*N77~LQ*HE*N381~CLP*000100031241*1*134*97.11**MC*2020080042154~NM1*QC*1*GUERRA-DELACRUZ MARTINEZ*HERLINDA*M***MR*R965343~NM1*74*1*GUERRADELACRUZ~NM1*82*1*HOOSHMAND-PARSI*KAYHOSROW****XX*1447291851~REF*EA*A5B07C9C207449149AE4086DB545B316~DTM*232*20200310~DTM*233*20200310~SVC*HC:99214*134*97.11**1~DTM*472*20200310~CAS*CO*45*36.89~REF*6R*CP6U8WAU85VD~AMT*B6*97.11~LQ*HE*N77~LQ*HE*N381~CLP*000100030443*1*1971*1286.51**MC*2020077059911~NM1*QC*1*HAIGH*ANDREW****MR*H880429~NM1*82*1*GRONEMEYER*LEANNE*R***XX*1659521045~REF*EA*6D5ED7C8940440D5A0C2F96E3FAA522E~DTM*232*20200225~DTM*233*20200225~SVC*HC:99214:25*134*97.11**1~DTM*472*20200225~CAS*CO*45*36.89~REF*6R*CP5AI8JSF3IK~AMT*B6*97.11~LQ*HE*N77~LQ*HE*N381~SVC*HC:96372*32*0**0**1~DTM*472*20200225~CAS*CO*109*32~REF*6R*CP5ATT6KMEED~LQ*HE*N77~LQ*HE*N381~SVC*HC:J2315*1805*1189.4**380~DTM*472*20200225~CAS*CO*45*615.6~REF*6R*CP5A20DTE5HM~AMT*B6*1189.4~LQ*HE*N77~LQ*HE*N381~CLP*000100031020*1*90*65.81**MC*2020080042137~NM1*QC*1*HANSON*CYNTHIA****MR*W412067~NM1*82*1*HOOSHMAND-PARSI*KAYHOSROW****XX*1447291851~REF*EA*E6BAF89B2D154019B5D841F649A453A2~DTM*232*20200305~DTM*233*20200305~SVC*HC:99213*90*65.81**1~DTM*472*20200305~CAS*CO*45*24.19~REF*6R*CP6UYBRV2J97~AMT*B6*65.81~LQ*HE*N381~CLP*000100030615*1*134*97.11**MC*2020076055301~NM1*QC*1*HERNANDEZ*DEREK*G***MR*Q002007~NM1*82*1*GRONEMEYER*LEANNE*R***XX*1659521045~REF*EA*283C95DBA8944C4B934FD0326F850147~DTM*232*20200226~DTM*233*20200226~SVC*HC:99214*134*97.11**1~DTM*472*20200226~CAS*CO*45*36.89~REF*6R*CP5IORU38ARA~AMT*B6*97.11~LQ*HE*N77~LQ*HE*N381~CLP*000100031007*1*134*97.11**MC*2020080042158~NM1*QC*1*HINOJOSA*MICHAELE*R***MR*D736138~NM1*82*1*GRONEMEYER*LEANNE*R***XX*1659521045~REF*EA*A33C841DDCA54A559A3943F8EF5170CF~DTM*232*20200305~DTM*233*20200305~SVC*HC:99214*134*97.11**1~DTM*472*20200305~CAS*CO*45*36.89~REF*6R*CP6URSXIETU7~AMT*B6*97.11~LQ*HE*N381~CLP*000100030767*1*149*105.53**MC*2020080042161~NM1*QC*1*HOWARD*CLAUDIA*M***MR*Y099982~NM1*82*1*LUCAS*PEGGI*S***XX*1366419582~REF*EA*EFD95A9B311D4C89A5498B88A50AEFCD~DTM*232*20200302~DTM*233*20200302~SVC*HC:99214:25*134*97.11**1~DTM*472*20200302~CAS*CO*45*36.89~REF*6R*CP6U252QRZG5~AMT*B6*97.11~LQ*HE*N77~LQ*HE*N381~SVC*HC:81025*15*8.42**1~DTM*472*20200302~CAS*CO*45*6.58~REF*6R*CP6UJUUWEYE9~AMT*B6*8.42~LQ*HE*N77~LQ*HE*N381~CLP*000100030574*1*134*95.11*2*MC*2020076055280~NM1*QC*1*JEX*LOUISE*E***MR*B117513~NM1*82*1*LANE*DELLA*J***XX*1417151630~REF*EA*37C9CAB0822547108F218AED4A542F73~DTM*232*20200226~DTM*233*20200226~SVC*HC:99214*134*95.11**1~DTM*472*20200226~CAS*PR*3*2~CAS*CO*45*36.89~REF*6R*CP5IEFU0R7QD~AMT*B6*97.11~LQ*HE*N77~LQ*HE*N381~LQ*HE*N381~CLP*000100030977*1*90*63.81*2*MC*2020080042171~NM1*QC*1*LEASURE*JAMIE****MR*R589473~NM1*82*1*CADDALI*ESTRELLA*A***XX*1164974580~REF*EA*3B994D1EAF124BC9BB286CC124EAD965~DTM*232*20200304~DTM*233*20200304~SVC*HC:99213*90*63.81**1~DTM*472*20200304~CAS*PR*3*2~CAS*CO*45*24.19~REF*6R*CP6UCPKYL551~AMT*B6*65.81~LQ*HE*N381~LQ*HE*N381~CLP*000100030672*1*138*90.61**MC*2020080042131~NM1*QC*1*LERMA*CAREMI****MR*P878927~NM1*82*1*GRONEMEYER*LEANNE*R***XX*1659521045~REF*EA*919F506BF0664540ADFDDDDF5E368209~DTM*232*20200227~DTM*233*20200227~SVC*HC:99391*138*90.61**1~DTM*472*20200227~CAS*CO*45*47.39~REF*6R*CP6U6OSIBCH8~AMT*B6*90.61~LQ*HE*N381~CLP*000100030683*1*134*97.11**MC*2020076055202~NM1*QC*1*LONGORIA*JULIE*A***MR*D395679~NM1*82*1*SEARLES*DENISE*A***XX*1396971230~REF*EA*92102363084D4012AAF7E6AC641F7A8E~DTM*232*20200227~DTM*233*20200227~SVC*HC:99214*134*97.11**1~DTM*472*20200227~CAS*CO*45*36.89~REF*6R*CP5I6C14UK0C~AMT*B6*97.11~LQ*HE*N77~LQ*HE*N381~CLP*000100030967*1*90*63.81*2*MC*2020080042146~NM1*QC*1*LOPEZ*SHERRY****MR*L192498~NM1*82*1*CADDALI*ESTRELLA*A***XX*1164974580~REF*EA*2D92FBA9E0EB45B4AFE129F6AEFE875A~DTM*232*20200304~DTM*233*20200304~SVC*HC:99213*90*63.81**1~DTM*472*20200304~CAS*PR*3*2~CAS*CO*45*24.19~REF*6R*CP6UB0KWO7GM~AMT*B6*65.81~LQ*HE*N381~LQ*HE*N381~CLP*000100030846*1*134*97.11**MC*2020080042138~NM1*QC*1*LORETO*JOSHUA*R***MR*E192810~NM1*82*1*LUCAS*PEGGI*S***XX*1366419582~REF*EA*37486FE450A64D7F9177E820B4FAB53A~DTM*232*20200303~DTM*233*20200303~SVC*HC:99214*134*97.11**1~DTM*472*20200303~CAS*CO*45*36.89~REF*6R*CP6UKAK2VZCE~AMT*B6*97.11~LQ*HE*N77~LQ*HE*N381~CLP*000100030496*1*90*65.81**MC*2020077059916~NM1*QC*1*MADERAS*DANIELA****MR*Q134586~NM1*82*1*CADDALI*ESTRELLA*A***XX*1164974580~REF*EA*696F581F86EC400D8256977984BB30D6~DTM*232*20200225~DTM*233*20200225~SVC*HC:99213*90*65.81**1~DTM*472*20200225~CAS*CO*45*24.19~REF*6R*CP5ASMUN7HUH~AMT*B6*65.81~LQ*HE*N381~CLP*000100030614*1*149*105.53**MC*2020076055352~NM1*QC*1*MADRID*CLORISSA****MR*G303592~NM1*82*1*GRONEMEYER*LEANNE*R***XX*1659521045~REF*EA*D1FCC2E6D60F4F61AAB062F29503513C~DTM*232*20200226~DTM*233*20200226~SVC*HC:99214:25*134*97.11**1~DTM*472*20200226~CAS*CO*45*36.89~REF*6R*CP5IDE414HTO~AMT*B6*97.11~LQ*HE*N77~LQ*HE*N381~SVC*HC:81025*15*8.42**1~DTM*472*20200226~CAS*CO*45*6.58~REF*6R*CP5IJ05F71O4~AMT*B6*8.42~LQ*HE*N77~LQ*HE*N381~CLP*000100030642*1*1971*1286.51**MC*2020076055269~NM1*QC*1*MAES*ERNEST*R***MR*K993029~NM1*82*1*SEARLES*DENISE*A***XX*1396971230~REF*EA*12DEF382467B4B07AF6D5D00FDD45D62~DTM*232*20200227~DTM*233*20200227~SVC*HC:99214:25*134*97.11**1~DTM*472*20200227~CAS*CO*45*36.89~REF*6R*CP5ILMUQ6F4M~AMT*B6*97.11~LQ*HE*N77~LQ*HE*N381~SVC*HC:96372*32*0**0**1~DTM*472*20200227~CAS*CO*109*32~REF*6R*CP5IEK32QZXO~LQ*HE*N77~LQ*HE*N381~SVC*HC:J2315*1805*1189.4**380~DTM*472*20200227~CAS*CO*45*615.6~REF*6R*CP5IM8VYA6F4~AMT*B6*1189.4~LQ*HE*N77~LQ*HE*N381~CLP*000100031009*1*158*116.61*2*MC*2020080042163~NM1*QC*1*MALONE*CAROL*I***MR*E322615~NM1*82*1*CADDALI*ESTRELLA*A***XX*1164974580~REF*EA*3CBD923F4958477CAF8A607C62653D1C~DTM*232*20200305~DTM*233*20200305~SVC*HC:99214:25*134*95.11**1~DTM*472*20200305~CAS*PR*3*2~CAS*CO*45*36.89~REF*6R*CP6UKYIHODQF~AMT*B6*97.11~LQ*HE*N381~LQ*HE*N381~SVC*HC:93000*24*21.5**1~DTM*472*20200305~CAS*CO*45*2.5~REF*6R*CP6UZLPLZSOY~AMT*B6*21.5~LQ*HE*N381~CLP*000100030676*1*134*97.11**MC*2020076055319~NM1*QC*1*MARTINEZ*DEBRA*A***MR*D395711~NM1*82*1*SEARLES*DENISE*A***XX*1396971230~REF*EA*9E31344E7AC54001BBE6C3CB0B703D0B~DTM*232*20200227~DTM*233*20200227~SVC*HC:99214*134*97.11**1~DTM*472*20200227~CAS*CO*45*36.89~REF*6R*CP5I2VUD2YFU~AMT*B6*97.11~LQ*HE*N77~LQ*HE*N381~CLP*000100030612*1*54*39.39**MC*2020080042178~NM1*QC*1*MARTINEZ-WRIGHT*WILLIAM****MR*G938681~NM1*74*1*MARTINEZ**M~NM1*82*1*SEARLES*DENISE*A***XX*1396971230~REF*EA*4190A745331F49888D369778589E18C0~DTM*232*20200226~DTM*233*20200226~SVC*HC:99212*54*39.39**1~DTM*472*20200226~CAS*CO*45*14.61~REF*6R*CP6UVYNNWPHE~AMT*B6*39.39~LQ*HE*N381~CLP*000100030906*1*134*97.11**MC*2020077059970~NM1*QC*1*MAURO*RONDA*L***MR*U480140~NM1*82*1*LUCAS*PEGGI*S***XX*1366419582~REF*EA*CB7672FD63AD47F79B6A542882D9B46C~DTM*232*20200303~DTM*233*20200303~SVC*HC:99214*134*97.11**1~DTM*472*20200303~CAS*CO*45*36.89~REF*6R*CP5AE8TMPIR9~AMT*B6*97.11~LQ*HE*N381~CLP*000100030595*1*149*105.53**MC*2020076055147~NM1*QC*1*MAXFIELD*KENDRA*M***MR*N150478~NM1*74*1*MAXFIED~NM1*82*1*GRONEMEYER*LEANNE*R***XX*1659521045~REF*EA*2C21890618CE4FD29FBF962529269B68~DTM*232*20200226~DTM*233*20200226~SVC*HC:99214:25*134*97.11**1~DTM*472*20200226~CAS*CO*45*36.89~REF*6R*CP5I7QIC5QJ7~AMT*B6*97.11~LQ*HE*N77~LQ*HE*N381~SVC*HC:81025*15*8.42**1~DTM*472*20200226~CAS*CO*45*6.58~REF*6R*CP5IO4WBC2V7~AMT*B6*8.42~LQ*HE*N77~LQ*HE*N381~CLP*000100030561*1*134*97.11**MC*2020076055239~NM1*QC*1*MEDINA*EDWARD*R***MR*O654584~NM1*82*1*LANE*DELLA*J***XX*1417151630~REF*EA*63CD8A6BF8C94DD49D9A33CE24E9D974~DTM*232*20200226~DTM*233*20200226~SVC*HC:99214*134*97.11**1~DTM*472*20200226~CAS*CO*45*36.89~REF*6R*CP5I647MMZM2~AMT*B6*97.11~LQ*HE*N77~LQ*HE*N381~CLP*000100030874*1*134*97.11**MC*2020077059937~NM1*QC*1*MEDINA*EDWARD*R***MR*O654584~NM1*82*1*LUCAS*PEGGI*S***XX*1366419582~REF*EA*33B526EDBA2F42228F81AEC3F46649F6~DTM*232*20200303~DTM*233*20200303~SVC*HC:99214*134*97.11**1~DTM*472*20200303~CAS*CO*45*36.89~REF*6R*CP5AMWNZL639~AMT*B6*97.11~LQ*HE*N381~CLP*000100030895*1*134*97.11**MC*2020077059889~NM1*QC*1*MEDINA*JEANNINE****MR*H870875~NM1*82*1*SEARLES*DENISE*A***XX*1396971230~REF*EA*4F98EFB9831A49E9936238784ABF1860~DTM*232*20200303~DTM*233*20200303~SVC*HC:99214*134*97.11**1~DTM*472*20200303~CAS*CO*45*36.89~REF*6R*CP5AJPL31G6O~AMT*B6*97.11~LQ*HE*N381~CLP*000100030677*1*134*97.11**MC*2020076055387~NM1*QC*1*MEDINA*TAMMY*A***MR*F616296~NM1*82*1*SEARLES*DENISE*A***XX*1396971230~REF*EA*6293BBB82C1840858880A04CECA6CD07~DTM*232*20200227~DTM*233*20200227~SVC*HC:99214*134*97.11**1~DTM*472*20200227~CAS*CO*45*36.89~REF*6R*CP5IYH2QAD5S~AMT*B6*97.11~LQ*HE*N77~LQ*HE*N381~CLP*000100030604*1*149*105.53**MC*2020076055255~NM1*QC*1*MONSON*SAVANNAH*R***MR*U391305~NM1*82*1*GRONEMEYER*LEANNE*R***XX*1659521045~REF*EA*E5315179DC554A5F97FB0A6650C1680B~DTM*232*20200226~DTM*233*20200226~SVC*HC:99214:25*134*97.11**1~DTM*472*20200226~CAS*CO*45*36.89~REF*6R*CP5IK6GEB29M~AMT*B6*97.11~LQ*HE*N77~LQ*HE*N381~SVC*HC:81025*15*8.42**1~DTM*472*20200226~CAS*CO*45*6.58~REF*6R*CP5I2OWELAJ1~AMT*B6*8.42~LQ*HE*N77~LQ*HE*N381~CLP*000100030872*1*90*65.81**MC*2020077059940~NM1*QC*1*MOODY*BONNIE*G***MR*Y310481~NM1*82*1*SEARLES*DENISE*A***XX*1396971230~REF*EA*37E8B921DBCB4800A5E5A703CA2B9467~DTM*232*20200303~DTM*233*20200303~SVC*HC:99213*90*65.81**1~DTM*472*20200303~CAS*CO*45*24.19~REF*6R*CP5A2VAXHEG7~AMT*B6*65.81~LQ*HE*N381~CLP*000100031011*1*90*65.81**MC*2020080042149~NM1*QC*1*MORENO*KRISTIAN****MR*O419019~NM1*82*1*CADDALI*ESTRELLA*A***XX*1164974580~REF*EA*7DB9A370FCE34975AD2C6A6979A11253~DTM*232*20200305~DTM*233*20200305~SVC*HC:99213*90*65.81**1~DTM*472*20200305~CAS*CO*45*24.19~REF*6R*CP6UZEAWWAQD~AMT*B6*65.81~LQ*HE*N381~CLP*000100030984*1*134*97.11**MC*2020080042172~NM1*QC*1*MORENO-PADILLA*REGINA*R***MR*I257452~NM1*74*1*MORENOPADILLA~NM1*82*1*SEARLES*DENISE*A***XX*1396971230~REF*EA*4864057D75CF49F0BD95BF14E58A5AB5~DTM*232*20200304~DTM*233*20200304~SVC*HC:99214*134*97.11**1~DTM*472*20200304~CAS*CO*45*36.89~REF*6R*CP6UJ712LGRS~AMT*B6*97.11~LQ*HE*N381~CLP*000100030958*1*135*67.13**MC*2020080042139~NM1*QC*1*NAVA*IZZABELA*S***MR*G505042~NM1*82*1*SEARLES*DENISE*A***XX*1396971230~REF*EA*BA797305C3FF401AAB8CBEBFDEE0A2C4~DTM*232*20200304~DTM*233*20200304~SVC*HC:99202*135*67.13**1~DTM*472*20200304~CAS*CO*45*67.87~REF*6R*CP6UYHYWKDR2~AMT*B6*67.13~LQ*HE*N381~CLP*000100030845*1*134*97.11**MC*2020077059941~NM1*QC*1*OHRDORF*JIMMI*L***MR*Y840687~NM1*82*1*CADDALI*ESTRELLA*A***XX*1164974580~REF*EA*C6B2DC552C78454BAAE7C926EBFDE232~DTM*232*20200303~DTM*233*20200303~SVC*HC:99214*134*97.11**1~DTM*472*20200303~CAS*CO*45*36.89~REF*6R*CP5A6APIAZG7~AMT*B6*97.11~LQ*HE*N381~CLP*000100030964*1*90*63.81*2*MC*2020080042147~NM1*QC*1*ORTEGA*ELIZABETH****MR*P658577~NM1*82*1*CADDALI*ESTRELLA*A***XX*1164974580~REF*EA*0CBA2407064A4DACA24E8451D8180276~DTM*232*20200304~DTM*233*20200304~SVC*HC:99213*90*63.81**1~DTM*472*20200304~CAS*PR*3*2~CAS*CO*45*24.19~REF*6R*CP6UKLGNI79V~AMT*B6*65.81~LQ*HE*N381~LQ*HE*N381~CLP*000100030891*1*90*65.81**MC*2020077059977~NM1*QC*1*PERRY*LANA****MR*O240197~NM1*82*1*CADDALI*ESTRELLA*A***XX*1164974580~REF*EA*08E8FB02E0F441A2A9C3AC323722AFE7~DTM*232*20200303~DTM*233*20200303~SVC*HC:99213*90*65.81**1~DTM*472*20200303~CAS*CO*45*24.19~REF*6R*CP5AR0VU8QAJ~AMT*B6*65.81~LQ*HE*N381~CLP*000100030849*1*165*105.82*2*MC*2020080042164~NM1*QC*1*PRIGGE*MATTHEW*R***MR*P683674~NM1*82*1*CADDALI*ESTRELLA*A***XX*1164974580~REF*EA*FEC7AEEB30874431A8BEA5BD1447A69A~DTM*232*20200303~DTM*233*20200303~SVC*HC:99395*165*105.82**1~DTM*472*20200303~CAS*PR*3*2~CAS*CO*45*57.18~REF*6R*CP6ULTF63RL6~AMT*B6*107.82~LQ*HE*N381~LQ*HE*N381~CLP*000100029782*1*149*105.53**MC*2020076055209~NM1*QC*1*QUINTANA*DANIELLE*A***MR*N559116~NM1*82*1*LANE*DELLA*J***XX*1417151630~REF*EA*3B74196499B249C9B9DB1856B9D24A12~DTM*232*20200212~DTM*233*20200212~SVC*HC:99214:25*134*97.11**1~DTM*472*20200212~CAS*CO*45*36.89~REF*6R*CP5INV2XPUYY~AMT*B6*97.11~LQ*HE*N77~LQ*HE*N381~SVC*HC:81025*15*8.42**1~DTM*472*20200212~CAS*CO*45*6.58~REF*6R*CP5IA1IX4BAR~AMT*B6*8.42~LQ*HE*N77~LQ*HE*N381~CLP*000100030584*1*149*105.53**MC*2020076055229~NM1*QC*1*QUINTANA*DANIELLE*A***MR*N559116~NM1*82*1*LANE*DELLA*J***XX*1417151630~REF*EA*7A54247FD87F4588A043F21A25BCBB19~DTM*232*20200226~DTM*233*20200226~SVC*HC:99214:25*134*97.11**1~DTM*472*20200226~CAS*CO*45*36.89~REF*6R*CP5IHOSV3F9C~AMT*B6*97.11~LQ*HE*N77~LQ*HE*N381~SVC*HC:81025*15*8.42**1~DTM*472*20200226~CAS*CO*45*6.58~REF*6R*CP5I4ELCZLUS~AMT*B6*8.42~LQ*HE*N77~LQ*HE*N381~CLP*000100030824*1*134*97.11**MC*2020080042162~NM1*QC*1*RAMIREZ*JAVIER****MR*F684344~NM1*82*1*LUCAS*PEGGI*S***XX*1366419582~REF*EA*818C9E56AD0B4FC28FD3E159C3F62C71~DTM*232*20200303~DTM*233*20200303~SVC*HC:99214*134*97.11**1~DTM*472*20200303~CAS*CO*45*36.89~REF*6R*CP6UKAW9T0AF~AMT*B6*97.11~LQ*HE*N77~LQ*HE*N381~CLP*000100030858*1*90*65.81**MC*2020080042177~NM1*QC*1*RATHBUN*AARON*W***MR*P304001~NM1*82*1*HOOSHMAND-PARSI*KAYHOSROW****XX*1447291851~REF*EA*4CE3363D4B0C4E36A4D6ECF7A14C7844~DTM*232*20200303~DTM*233*20200303~SVC*HC:99213*90*65.81**1~DTM*472*20200303~CAS*CO*45*24.19~REF*6R*CP6UUGCKQLNX~AMT*B6*65.81~LQ*HE*N77~LQ*HE*N381~CLP*000100031037*1*90*63.81*2*MC*2020080042123~NM1*QC*1*RICHARDSON*REBECCA****MR*E158290~NM1*82*1*CADDALI*ESTRELLA*A***XX*1164974580~REF*EA*6899E1989E8440B69B7DA2A2B506C07F~DTM*232*20200305~DTM*233*20200305~SVC*HC:99213*90*63.81**1~DTM*472*20200305~CAS*PR*3*2~CAS*CO*45*24.19~REF*6R*CP6U2IZHFF3V~AMT*B6*65.81~LQ*HE*N381~LQ*HE*N381~CLP*000100030812*1*204*136.31*2*MC*2020080042167~NM1*QC*1*ROHN*TIMMIELU****MR*O164731~NM1*82*1*LUCAS*PEGGI*S***XX*1366419582~REF*EA*484A720378134B928CB912C6D17EF969~DTM*232*20200302~DTM*233*20200302~SVC*HC:99214:25*134*95.11**1~DTM*472*20200302~CAS*PR*3*2~CAS*CO*45*36.89~REF*6R*CP6U49DKY8IE~AMT*B6*97.11~LQ*HE*N381~LQ*HE*N381~SVC*HC:90471*35*19.46**1~DTM*472*20200302~CAS*CO*45*15.54~REF*6R*CP6UBDTTRTX1~AMT*B6*19.46~LQ*HE*N381~SVC*HC:90674*35*21.74**1~DTM*472*20200302~CAS*CO*45*13.26~REF*6R*CP6U2F2XEP6S~AMT*B6*21.74~LQ*HE*N381~CLP*000100030887*1*221*138.87**MC*2020077059959~NM1*QC*1*ROMAN*EVELYN****MR*V000509~NM1*82*1*CADDALI*ESTRELLA*A***XX*1164974580~REF*EA*8F9AE59B0CF84F63A282FA32AA41EB2E~DTM*232*20200303~DTM*233*20200303~SVC*HC:99203:25*145*97.43**1~DTM*472*20200303~CAS*CO*45*47.57~REF*6R*CP5ABG7RF6FO~AMT*B6*97.43~LQ*HE*N381~SVC*HC:H0049*36*10.92**1~DTM*472*20200303~CAS*CO*45*25.08~REF*6R*CP5ANURTRZH3~AMT*B6*10.92~LQ*HE*N381~SVC*HC:G8431*40*30.52**1~DTM*472*20200303~CAS*CO*45*9.48~REF*6R*CP5AE8ZBC52U~AMT*B6*30.52~LQ*HE*N381~CLP*000100030904*1*134*97.11**MC*2020077059926~NM1*QC*1*SAMSON*CARA*M***MR*Y649542~NM1*82*1*SEARLES*DENISE*A***XX*1396971230~REF*EA*BF6689FEC23F4DA2A30E493BE968F5E4~DTM*232*20200303~DTM*233*20200303~SVC*HC:99214*134*97.11**1~DTM*472*20200303~CAS*CO*45*36.89~REF*6R*CP5ALOE8IBE9~AMT*B6*97.11~LQ*HE*N381~CLP*000100030515*1*149*105.53**MC*2020076055364~NM1*QC*1*SANCHEZ*LEANNA*A***MR*L179099~NM1*82*1*LANE*DELLA*J***XX*1417151630~REF*EA*52FCFA579A6E45AF9E01632872CB2490~DTM*232*20200226~DTM*233*20200226~SVC*HC:99214:25*134*97.11**1~DTM*472*20200226~CAS*CO*45*36.89~REF*6R*CP5IRX2JWIE2~AMT*B6*97.11~LQ*HE*N77~LQ*HE*N381~SVC*HC:81025*15*8.42**1~DTM*472*20200226~CAS*CO*45*6.58~REF*6R*CP5IDZK7S0YN~AMT*B6*8.42~LQ*HE*N77~LQ*HE*N381~CLP*000100030417*1*2183*1425.59**MC*2020076055183~NM1*QC*1*SANDOVAL*JULIA*L***MR*K495017~NM1*82*1*LUCAS*PEGGI*S***XX*1366419582~REF*EA*C166CF1B270B44FDB75B1CE4C75B873B~DTM*232*20200225~DTM*233*20200225~SVC*HC:99205:25*255*186.33**1~DTM*472*20200225~CAS*CO*45*68.67~REF*6R*CP5IPQ6CVTAV~AMT*B6*186.33~LQ*HE*N77~LQ*HE*N381~SVC*HC:96372*32*0**0**1~DTM*472*20200225~CAS*CO*109*32~REF*6R*CP5IEOXV0T1E~LQ*HE*N77~LQ*HE*N381~SVC*HC:J2315*1805*1189.4**380~DTM*472*20200225~CAS*CO*45*615.6~REF*6R*CP5I4THKYLSP~AMT*B6*1189.4~LQ*HE*N77~LQ*HE*N381~SVC*HC:H0049*36*10.92**1~DTM*472*20200225~CAS*CO*45*25.08~REF*6R*CP5IPAITAKTM~AMT*B6*10.92~LQ*HE*N77~LQ*HE*N381~SVC*HC:G8431*40*30.52**1~DTM*472*20200225~CAS*CO*45*9.48~REF*6R*CP5II8TQR8SP~AMT*B6*30.52~LQ*HE*N77~LQ*HE*N381~SVC*HC:81025*15*8.42**1~DTM*472*20200225~CAS*CO*45*6.58~REF*6R*CP5IWDF6N3AV~AMT*B6*8.42~LQ*HE*N77~LQ*HE*N381~CLP*000100030469*1*160*105.55**MC*2020080042165~NM1*QC*1*SCHLEIGER*DAVID****MR*O968042~NM1*82*1*LUCAS*PEGGI*S***XX*1366419582~REF*EA*45FDF99A42AD4C7BA564342881E323A2~DTM*232*20200225~DTM*233*20200225~SVC*HC:99394*160*105.55**1~DTM*472*20200225~CAS*CO*45*54.45~REF*6R*CP6UYDU2VX04~AMT*B6*105.55~LQ*HE*N381~CLP*000100030892*1*134*97.11**MC*2020077059943~NM1*QC*1*SCHLUETER*ERIC*A***MR*O612197~NM1*82*1*CADDALI*ESTRELLA*A***XX*1164974580~REF*EA*DBF29492548C49758461FE3AD3EF1649~DTM*232*20200303~DTM*233*20200303~SVC*HC:99214*134*97.11**1~DTM*472*20200303~CAS*CO*45*36.89~REF*6R*CP5AZFD3DRB1~AMT*B6*97.11~LQ*HE*N381~CLP*000100030618*1*134*95.11*2*MC*2020076055168~NM1*QC*1*SMITH*KEVIN*A***MR*P172169~NM1*82*1*HOOSHMAND-PARSI*KAYHOSROW****XX*1447291851~REF*EA*98A2A033BCA84C42B12881A1D3CC36D3~DTM*232*20200226~DTM*233*20200226~SVC*HC:99214*134*95.11**1~DTM*472*20200226~CAS*PR*3*2~CAS*CO*45*36.89~REF*6R*CP5IMBJYK9WC~AMT*B6*97.11~LQ*HE*N381~LQ*HE*N381~CLP*000100030758*1*148*96.78**MC*2020076055340~NM1*QC*1*SORTERS*ADDILYNN*K***MR*P731777~NM1*82*1*GRONEMEYER*LEANNE*R***XX*1659521045~REF*EA*2F4A74B77C1242ADAABB264370BD6634~DTM*232*20200302~DTM*233*20200302~SVC*HC:99392*148*96.78**1~DTM*472*20200302~CAS*CO*45*51.22~REF*6R*CP5IW5AV0QHD~AMT*B6*96.78~LQ*HE*N381~CLP*000100030951*1*166*96.33**MC*2020076055331~NM1*QC*1*TORBETT*JERRY*R***MR*N890040~NM1*82*1*HOOSHMAND-PARSI*KAYHOSROW****XX*1447291851~REF*EA*5E07A557D59B4CC780213BB1873F15CE~DTM*232*20200304~DTM*233*20200304~SVC*HC:99213*90*65.81**1~DTM*472*20200304~CAS*CO*45*24.19~REF*6R*CP5IDXMU4LPR~AMT*B6*65.81~LQ*HE*N381~SVC*HC:H0049*36*0**0**1~DTM*472*20200304~CAS*PI*97*36~REF*6R*CP5IPOIK6TU9~LQ*HE*N20~LQ*HE*N381~SVC*HC:G8431*40*30.52**1~DTM*472*20200304~CAS*CO*45*9.48~REF*6R*CP5IYEESMGYF~AMT*B6*30.52~LQ*HE*N381~CLP*000100031017*1*54*39.39**MC*2020080042176~NM1*QC*1*TYLER*NATHAN*R***MR*W909005~NM1*82*1*HOOSHMAND-PARSI*KAYHOSROW****XX*1447291851~REF*EA*44D5468090E34AF4967D4B42B2954C0F~DTM*232*20200305~DTM*233*20200305~SVC*HC:99212*54*39.39**1~DTM*472*20200305~CAS*CO*45*14.61~REF*6R*CP6U4OI6UQTE~AMT*B6*39.39~LQ*HE*N381~CLP*000100030857*1*90*65.81**MC*2020077059990~NM1*QC*1*VALDEZ*ESTEBAN*F***MR*M468194~NM1*82*1*CADDALI*ESTRELLA*A***XX*1164974580~REF*EA*A02B0B88EF7D41018F3C91E0016D5B9E~DTM*232*20200303~DTM*233*20200303~SVC*HC:99213*90*65.81**1~DTM*472*20200303~CAS*CO*45*24.19~REF*6R*CP5ADRUE3818~AMT*B6*65.81~LQ*HE*N381~CLP*000100030650*1*134*97.11**MC*2020076055196~NM1*QC*1*VALDEZ*MICHAEL****MR*S188705~NM1*82*1*SEARLES*DENISE*A***XX*1396971230~REF*EA*1DE9C623B0C14FA085663216D8777A82~DTM*232*20200227~DTM*233*20200227~SVC*HC:99214*134*97.11**1~DTM*472*20200227~CAS*CO*45*36.89~REF*6R*CP5I4PFKWEXX~AMT*B6*97.11~LQ*HE*N77~LQ*HE*N381~CLP*000100030913*1*134*97.11**MC*2020077059951~NM1*QC*1*VALLES*SANDRA****MR*K193489~NM1*82*1*CADDALI*ESTRELLA*A***XX*1164974580~REF*EA*C71F5C05896B4ACBAB5C854C15820371~DTM*232*20200304~DTM*233*20200304~SVC*HC:99214*134*97.11**1~DTM*472*20200304~CAS*CO*45*36.89~REF*6R*CP5AB8PVF0GY~AMT*B6*97.11~LQ*HE*N381~CLP*000100030827*1*134*97.11**MC*2020080042185~NM1*QC*1*VARGAS*MAX****MR*S695147~NM1*82*1*GRONEMEYER*LEANNE*R***XX*1659521045~REF*EA*67A5E58FDF544BF0957B40120610A060~DTM*232*20200303~DTM*233*20200303~SVC*HC:99214*134*97.11**1~DTM*472*20200303~CAS*CO*45*36.89~REF*6R*CP6UD7B66DJM~AMT*B6*97.11~LQ*HE*N77~LQ*HE*N381~CLP*000100030813*1*134*97.11**MC*2020080042179~NM1*QC*1*VASQUEZ*NATHAN*J***MR*K375615~NM1*82*1*HOOSHMAND-PARSI*KAYHOSROW****XX*1447291851~REF*EA*C3E4B4EA2087450DAF4CC125786CE2C5~DTM*232*20200302~DTM*233*20200302~SVC*HC:99214*134*97.11**1~DTM*472*20200302~CAS*CO*45*36.89~REF*6R*CP6U1RRCWJ6P~AMT*B6*97.11~LQ*HE*N381~CLP*000100030514*1*281*169.51*2*MC*2020076055132~NM1*QC*1*VAUGHN*TERESA*M***MR*P610821~NM1*82*1*LUCAS*PEGGI*S***XX*1366419582~REF*EA*F158D399897347B595D229D8998950D6~DTM*232*20200226~DTM*233*20200226~SVC*HC:99204:25*205*147.59**1~DTM*472*20200226~CAS*PR*3*2~CAS*CO*45*55.41~REF*6R*CP5I6YNTCO9S~AMT*B6*149.59~LQ*HE*N381~LQ*HE*N381~SVC*HC:H0049*36*10.92**1~DTM*472*20200226~CAS*CO*45*25.08~REF*6R*CP5IUA990L08~AMT*B6*10.92~LQ*HE*N381~SVC*HC:G8510*40*11**1~DTM*472*20200226~CAS*CO*45*29~REF*6R*CP5I4HJRQWQG~AMT*B6*11~LQ*HE*N381~CLP*000100031043*1*90*65.81**MC*2020080042160~NM1*QC*1*VELIZ*VENESSA*M***MR*M617287~NM1*82*1*CADDALI*ESTRELLA*A***XX*1164974580~REF*EA*A10AC1973CF548B597ACD9257B9A4F6E~DTM*232*20200305~DTM*233*20200305~SVC*HC:99213*90*65.81**1~DTM*472*20200305~CAS*CO*45*24.19~REF*6R*CP6U83MYHKOS~AMT*B6*65.81~LQ*HE*N381~CLP*000100030855*1*134*97.11**MC*2020080042140~NM1*QC*1*VIGIL*FABIAN****MR*J187623~NM1*82*1*LUCAS*PEGGI*S***XX*1366419582~REF*EA*3705940B54854926ADA870112AF54989~DTM*232*20200303~DTM*233*20200303~SVC*HC:99214*134*97.11**1~DTM*472*20200303~CAS*CO*45*36.89~REF*6R*CP6U1YY3K2IS~AMT*B6*97.11~LQ*HE*N77~LQ*HE*N381~CLP*000100030963*1*281*169.51*2*MC*2020080042166~NM1*QC*1*VIGIL*JANINE****MR*K180734~NM1*82*1*LUCAS*PEGGI*S***XX*1366419582~REF*EA*87D71F7EE212447EA89C3928D2334B62~DTM*232*20200304~DTM*233*20200304~SVC*HC:99204:25*205*147.59**1~DTM*472*20200304~CAS*PR*3*2~CAS*CO*45*55.41~REF*6R*CP6UP9GG5F8W~AMT*B6*149.59~LQ*HE*N381~LQ*HE*N381~SVC*HC:H0049*36*10.92**1~DTM*472*20200304~CAS*CO*45*25.08~REF*6R*CP6UVXLBDAUK~AMT*B6*10.92~LQ*HE*N381~SVC*HC:G8510*40*11**1~DTM*472*20200304~CAS*CO*45*29~REF*6R*CP6USSTVY475~AMT*B6*11~LQ*HE*N381~CLP*000100028832*2*24*7.7**MC*2020077059920~NM1*QC*1*WHITNEY*CHARLOTTE****MR*H858516~NM1*82*1*HOOSHMAND-PARSI*KAYHOSROW****XX*1447291851~REF*EA*830F5FADC02B428AA957D24B614DE07E~DTM*232*20200127~DTM*233*20200127~SVC*HC:93000*24*7.7**1~DTM*472*20200127~CAS*CO*45*2.5~CAS*OA*23*13.8~REF*6R*CP5AVDQC5ZW0~AMT*B6*21.5~LQ*HE*MA125~LQ*HE*N381~CLP*000100030971*1*134*97.11**MC*2020080042150~NM1*QC*1*WILLIAMS*KALLIE****MR*O184978~NM1*82*1*LUCAS*PEGGI*S***XX*1366419582~REF*EA*B3CDCCBB96FF4ADFA2F3FFACED97A6EF~DTM*232*20200304~DTM*233*20200304~SVC*HC:99214*134*97.11**1~DTM*472*20200304~CAS*CO*45*36.89~REF*6R*CP6U38H7V6MS~AMT*B6*97.11~LQ*HE*N381~CLP*000100030774*1*149*105.53**MC*2020080042168~NM1*QC*1*WINEGARD*ERIN*E***MR*U514872~NM1*82*1*LUCAS*PEGGI*S***XX*1366419582~REF*EA*FC7109B316304EA28E9BE6B93C48896F~DTM*232*20200302~DTM*233*20200302~SVC*HC:99214:25*134*97.11**1~DTM*472*20200302~CAS*CO*45*36.89~REF*6R*CP6UZCP0VJK3~AMT*B6*97.11~LQ*HE*N77~LQ*HE*N381~SVC*HC:81025*15*8.42**1~DTM*472*20200302~CAS*CO*45*6.58~REF*6R*CP6U277HQ1PI~AMT*B6*8.42~LQ*HE*N77~LQ*HE*N381~CLP*000100030369*1*76*21.92**MC*2020077059930~NM1*QC*1*ARMSTRONG YOUNGBLOOD*CASSIDY****MR*Y096253~NM1*74*1*YOUNGBLOOD**R~NM1*82*1*HOOSHMAND-PARSI*KAYHOSROW****XX*1447291851~REF*EA*4CBF466185E345049A2BF3F1C9D26FED~DTM*232*20200224~DTM*233*20200224~SVC*HC:H0049*36*10.92**1~DTM*472*20200224~CAS*CO*45*25.08~REF*6R*CP5ARPH48YDL~AMT*B6*10.92~LQ*HE*N77~LQ*HE*N381~SVC*HC:G8510*40*11**1~DTM*472*20200224~CAS*CO*45*29~REF*6R*CP5ABK5YM435~AMT*B6*11~LQ*HE*N77~LQ*HE*N381~CLP*000100028893*1*105*72.23*2*MC*2020080042155~NM1*QC*1*ARMSTRONG YOUNGBLOOD*CASSIDY****MR*Y096253~NM1*74*1*YOUNGBLOOD**R~NM1*82*1*HOOSHMAND-PARSI*KAYHOSROW****XX*1447291851~REF*EA*B6C8F0A0160947AEA2F6FC432FF6E2E5~DTM*232*20200127~DTM*233*20200127~SVC*HC:99213:25*90*63.81**1~DTM*472*20200127~CAS*PR*3*2~CAS*CO*45*24.19~REF*6R*CP6UUFGICNB1~AMT*B6*65.81~LQ*HE*N77~LQ*HE*N381~LQ*HE*N381~SVC*HC:81025*15*8.42**1~DTM*472*20200127~CAS*CO*45*6.58~REF*6R*CP6U45IQY5BN~AMT*B6*8.42~LQ*HE*N77~LQ*HE*N381~CLP*000100028835*4*8*0**MC*2020077059968~NM1*QC*1*BROWN*AMANDA*J***MR*P175462~NM1*82*1*HOOSHMAND-PARSI*KAYHOSROW****XX*1447291851~REF*EA*61108F00A0AD4F3D9DD08B74F260E49C~DTM*232*20200127~DTM*233*20200127~SVC*HC:96127*8*0**0**1~DTM*472*20200127~CAS*PI*16*8~REF*6R*CP5A7WWXDVU5~LQ*HE*N77~LQ*HE*MA92~CLP*000100030954*4*65*0**MC*2020080042174~NM1*QC*1*FRANKMORE*CONNER****MR*G888118~NM1*82*1*SANCHEZ*LEANN*V***XX*1508990961~REF*EA*3E29ABC7B2EB4DEE9D5A669454A923B9~DTM*232*20200304~DTM*233*20200304~SVC*HC:90832*65*0**0**1~DTM*472*20200304~CAS*PI*16*65~REF*6R*CP6USCKYSU8X~LQ*HE*N77~LQ*HE*MA70~CLP*000100030916*4*165*0**MC*2020080042133~NM1*QC*1*JUAREZ*ALONDRA****MR*P679285~NM1*82*1*LUCAS*PEGGI*S***XX*1366419582~REF*EA*D291D3AB351D45F889AB48280AF84E5B~DTM*232*20200304~DTM*233*20200304~SVC*HC:99395*165*0**0**1~DTM*472*20200304~CAS*PI*119*165~REF*6R*CP6UDYSMQD7M~LQ*HE*N56~LQ*HE*N381~CLP*000100030900*4*26*0**MC*2020077059981~NM1*QC*1*QUASTHOFF*ELIZABETH*A***MR*P470059~NM1*82*1*LEWIS*HOLLY*G***XX*1295234128~REF*EA*FDAD2D153936473AA2418DA8D23CC023~DTM*232*20200303~DTM*233*20200303~SVC*HC:90853*26*0**0**1~DTM*472*20200303~CAS*CO*109*26~REF*6R*CP5AAQ90R0CP~LQ*HE*N381~CLP*000100028491*4*14*0**MC*2020077059898~NM1*QC*1*QUINTANA*ALADINO****MR*J531853~NM1*82*1*LUCAS*PEGGI*S***XX*1366419582~REF*EA*7F1E4E146B1946B6925540064603ECE7~DTM*232*20200120~DTM*233*20200120~SVC*HC:J3301*14*0**0**4~DTM*472*20200120~CAS*PI*16*14~REF*6R*CP5A2RXQBTQG~LQ*HE*MA92~CLP*000100029659*4*120*0**MC*2020080042122~NM1*QC*1*ROMERO*ROBERTA****MR*L432159~NM1*82*1*SANCHEZ*LEANN*V***XX*1508990961~REF*EA*19354C231B1540039D4D13A7909497A0~DTM*232*20200210~DTM*233*20200210~SVC*HC:90791*120*0**0**1~DTM*472*20200210~CAS*PI*16*120~REF*6R*CP6UIGN9SGEU~LQ*HE*N77~LQ*HE*MA70~CLP*000100027039*4*134*0**MC*2020077059909~NM1*QC*1*SANCHEZ*CANDACE****MR*W730153~NM1*82*1*GRONEMEYER*LEANNE*R***XX*1659521045~REF*EA*9DCF9EA111A74ACD880BE3EA72B593CB~DTM*232*20191219~DTM*233*20191219~SVC*HC:99214:25*134*0**0**1~DTM*472*20191219~CAS*PI*16*134~REF*6R*CP5AF1HV8COI~LQ*HE*N77~LQ*HE*N30~LQ*HE*MA92~LQ*HE*MA92~CLP*000100029153*4*8*0**MC*2020077059929~NM1*QC*1*VIGIL YOUNG*KAREN*J***MR*L408332~NM1*74*1*VIGILYOUNG~NM1*82*1*CADDALI*ESTRELLA*A***XX*1164974580~REF*EA*FE5F9DC80A394A3C9E96A373ED69E427~DTM*232*20200130~DTM*233*20200130~SVC*HC:96127*8*0**0**1~DTM*472*20200130~CAS*PI*16*8~REF*6R*CP5A2FRBQV4N~LQ*HE*MA92~CLP*000100031025*4*120*0**MC*2020080042186~NM1*QC*1*YENGICH*CARA*A***MR*O767371~NM1*82*1*SANCHEZ*LEANN*V***XX*1508990961~REF*EA*618C7A3C412E4720BE074F4D1D969CA3~DTM*232*20200305~DTM*233*20200305~SVC*HC:90791*120*0**0**1~DTM*472*20200305~CAS*PI*16*120~REF*6R*CP6U9R12SS0H~LQ*HE*N77~LQ*HE*MA70~SE*2182*000010012~GE*1*300045444~IEA*1*300045444~