ISA*00*          *00*          *ZZ*COMEDASSISTPROG*ZZ*6769489        *200330*0232*^*00501*100000909*0*P*:~GS*HP*COMEDASSISTPROG*6769489*20200330*023211*100000909*X*005010X221A1~ST*835*000010012~BPR*I*16038.11*C*ACH*CCP*01*075911603*DA*00000004556640373*1811725341**01*102106569*DA*2200002989138*20200330~TRN*1*000936446*1811725341~REF*EV*1508250911~DTM*405*20200327~N1*PR*CO_TXIX*XV*7912900843~N3*P.O. BOX 30~N4*DENVER*CO*80201~PER*CX*MEDICAID PROVIDER SERVICES*TE*8442352387~PER*BL*MEDICAID PROVIDER SERVICES*TE*8442352387~N1*PE*HEALTH SOLUTIONS MED CENTER*XX*1508250911~REF*TJ*841158933~LX*1~CLP*000100030387*2*90*5.33**MC*2020086003714~NM1*QC*1*AVILA*ROBERT*B***MR*F251953~NM1*82*1*HOOSHMAND-PARSI*KAYHOSROW****XX*1447291851~REF*EA*D0DB78FD11944844832532D1F248C490~DTM*232*20200224~DTM*233*20200224~SVC*HC:99213*90*5.33**1~DTM*472*20200224~CAS*CO*45*84.67~REF*6R*CP4U182E0AS5~AMT*B6*5.33~LQ*HE*N381~LQ*HE*N381~CLP*000100027092*2*1971*247.69**MC*2020086003698~NM1*QC*1*BARNELL*SHANNA*V***MR*R948166~NM1*82*1*SEARLES*DENISE*A***XX*1396971230~REF*EA*BE3D125FA8C24788A114EEBB46758452~DTM*232*20191220~DTM*233*20191220~SVC*HC:99214:25*134*18.93**1~DTM*472*20191220~CAS*CO*45*115.07~REF*6R*CP4YB6GTYTVJ~AMT*B6*18.93~LQ*HE*N381~LQ*HE*N381~SVC*HC:96372*32*2.91**1~DTM*472*20191220~CAS*CO*45*29.09~REF*6R*CP4YC5YJVISG~AMT*B6*2.91~LQ*HE*N381~LQ*HE*N381~SVC*HC:J2315*1805*225.85**380~DTM*472*20191220~CAS*CO*45*1579.15~REF*6R*CP4YJ6GSG3O3~AMT*B6*225.85~LQ*HE*N381~LQ*HE*N381~CLP*000100030498*2*169*3.52**MC*2020086003709~NM1*QC*1*FORTUNE*CATHERINE*M***MR*O812250~NM1*82*1*HOOSHMAND-PARSI*KAYHOSROW****XX*1447291851~REF*EA*FBC402602D7A4F56AFADED826F5A1763~DTM*232*20200225~DTM*233*20200225~SVC*HC:G0439:25*145*0**0**1~DTM*472*20200225~CAS*PI*16*145~REF*6R*CP4UZKORJFG5~LQ*HE*N381~LQ*HE*N56~SVC*HC:93000*24*3.52**1~DTM*472*20200225~CAS*CO*45*20.48~REF*6R*CP4UIY585KP5~AMT*B6*3.52~LQ*HE*N381~LQ*HE*N381~CLP*000100030678*2*90*65.57**MC*2020081027309~NM1*QC*1*JOHNSON*DANNY*L***MR*O264066~NM1*82*1*CADDALI*ESTRELLA*A***XX*1164974580~REF*EA*B859D6ACBE924D598D738D6F484A26F5~DTM*232*20200227~DTM*233*20200227~SVC*HC:99213*90*65.57**1~DTM*472*20200227~CAS*CO*45*24.43~REF*6R*CP56IK56BMXK~AMT*B6*65.57~LQ*HE*N381~LQ*HE*N381~CLP*000100030598*2*90*65.57**MC*2020081027322~NM1*QC*1*JOHNSON*JAIME*M***MR*M613609~NM1*82*1*CADDALI*ESTRELLA*A***XX*1164974580~REF*EA*ACA37DEEF43B4BE79EEA0F8552065047~DTM*232*20200226~DTM*233*20200226~SVC*HC:99213*90*65.57**1~DTM*472*20200226~CAS*CO*45*24.43~REF*6R*CP56MQAJ6LN7~AMT*B6*65.57~LQ*HE*N381~LQ*HE*N381~CLP*000100030430*2*90*65.57**MC*2020081027313~NM1*QC*1*LOPEZ*JOSE*T***MR*I605668~NM1*82*1*CADDALI*ESTRELLA*A***XX*1164974580~REF*EA*5B60B9880260401B920F519E0F24B505~DTM*232*20200225~DTM*233*20200225~SVC*HC:99213*90*65.57**1~DTM*472*20200225~CAS*CO*45*24.43~REF*6R*CP56CPMEPDPR~AMT*B6*65.57~LQ*HE*N381~LQ*HE*N381~CLP*000100030358*2*134*19**MC*2020086003702~NM1*QC*1*SWETKY*VICTOR****MR*N729768~NM1*82*1*GRONEMEYER*LEANNE*R***XX*1659521045~REF*EA*3E9BD6DA03D944C79F6AAE059FF8FDDB~DTM*232*20200224~DTM*233*20200224~SVC*HC:99214*134*19**1~DTM*472*20200224~CAS*CO*45*115~REF*6R*CP4UEJUE8LQF~AMT*B6*19~LQ*HE*N381~LQ*HE*N381~CLP*000100031434*1*134*97.11**MC*2020086048225~NM1*QC*1*ASKINS*NORRIS****MR*P134911~NM1*82*1*GRONEMEYER*LEANNE*R***XX*1659521045~REF*EA*5191ED2A72EB4BA0850EAA2FACA29284~DTM*232*20200312~DTM*233*20200312~SVC*HC:99214*134*97.11**1~DTM*472*20200312~CAS*CO*45*36.89~REF*6R*CP6I0B47JKYX~AMT*B6*97.11~LQ*HE*N381~CLP*000100031203*1*138*108.81**MC*2020084047423~NM1*QC*1*ASKINS*STACY*J***MR*P163936~NM1*82*1*GRONEMEYER*LEANNE*R***XX*1659521045~REF*EA*F353F8AF67A5488CA84E8126ED62AE02~DTM*232*20200309~DTM*233*20200309~SVC*HC:99213:25*90*65.81**1~DTM*472*20200309~CAS*CO*45*24.19~REF*6R*CP6YCVQAKDPF~AMT*B6*65.81~LQ*HE*N381~SVC*HC:93000:76*24*21.5**1~DTM*472*20200309~CAS*CO*45*2.5~REF*6R*CP6Y3M0E64Y3~AMT*B6*21.5~LQ*HE*N381~SVC*HC:93000*24*21.5**1~DTM*472*20200309~CAS*CO*45*2.5~REF*6R*CP6YJEB922DA~AMT*B6*21.5~LQ*HE*N381~CLP*000100031056*1*149*105.53**MC*2020083045223~NM1*QC*1*AVILA*KRISTA*M***MR*K943511~NM1*82*1*SEARLES*DENISE*A***XX*1396971230~REF*EA*423027815D9540F69AACDCC570716E62~DTM*232*20200305~DTM*233*20200305~SVC*HC:99214:25*134*97.11**1~DTM*472*20200305~CAS*CO*45*36.89~REF*6R*CP667YMM4DLT~AMT*B6*97.11~LQ*HE*N77~LQ*HE*N381~SVC*HC:81025*15*8.42**1~DTM*472*20200305~CAS*CO*45*6.58~REF*6R*CP66O2D4Y257~AMT*B6*8.42~LQ*HE*N77~LQ*HE*N381~CLP*000100031082*1*90*65.81**MC*2020084047469~NM1*QC*1*BACA*RUBEN*A***MR*Y047437~NM1*82*1*SEARLES*DENISE*A***XX*1396971230~REF*EA*96615324E97F4417BA158D564B2BA4C0~DTM*232*20200305~DTM*233*20200305~SVC*HC:99213*90*65.81**1~DTM*472*20200305~CAS*CO*45*24.19~REF*6R*CP6YRW9BJF27~AMT*B6*65.81~LQ*HE*N381~CLP*000100031296*1*331*208.25**MC*2020086048379~NM1*QC*1*BALDWIN*TYE*M***MR*P783791~NM1*82*1*LUCAS*PEGGI*S***XX*1366419582~REF*EA*FBA972C7204D477C9AD7CD0A440EBBEC~DTM*232*20200310~DTM*233*20200310~SVC*HC:99205:25*255*186.33**1~DTM*472*20200310~CAS*CO*45*68.67~REF*6R*CP6IANO8HH2E~AMT*B6*186.33~LQ*HE*N381~SVC*HC:H0049*36*10.92**1~DTM*472*20200310~CAS*CO*45*25.08~REF*6R*CP6ICAPLI1RK~AMT*B6*10.92~LQ*HE*N381~SVC*HC:G8510*40*11**1~DTM*472*20200310~CAS*CO*45*29~REF*6R*CP6I4M03SP9S~AMT*B6*11~LQ*HE*N381~CLP*000100031064*1*134*95.11*2*MC*2020084047431~NM1*QC*1*BEEBE*DUSTIN*C***MR*V104640~NM1*82*1*GRONEMEYER*LEANNE*R***XX*1659521045~REF*EA*2A91D42C13134315AE529D285383951F~DTM*232*20200305~DTM*233*20200305~SVC*HC:99214*134*95.11**1~DTM*472*20200305~CAS*PR*3*2~CAS*CO*45*36.89~REF*6R*CP6Y8VYW9HF6~AMT*B6*97.11~LQ*HE*N381~LQ*HE*N381~CLP*000100031133*1*54*37.39*2*MC*2020084047441~NM1*QC*1*BERTUGLIA*LAUREN*E***MR*Y771588~NM1*82*1*CADDALI*ESTRELLA*A***XX*1164974580~REF*EA*6711B5EE564248CD999AC3A00C655E10~DTM*232*20200306~DTM*233*20200306~SVC*HC:99212*54*37.39**1~DTM*472*20200306~CAS*PR*3*2~CAS*CO*45*14.61~REF*6R*CP6YYHL5G2U8~AMT*B6*39.39~LQ*HE*N381~LQ*HE*N381~CLP*000100031094*1*281*171.51**MC*2020084047465~NM1*QC*1*BOBIAN*THOMAS****MR*P599581~NM1*82*1*LUCAS*PEGGI*S***XX*1366419582~REF*EA*1F63CAB8856F4058930A567FB0C97CED~DTM*232*20200306~DTM*233*20200306~SVC*HC:99204:25*205*149.59**1~DTM*472*20200306~CAS*CO*45*55.41~REF*6R*CP6YGC806E90~AMT*B6*149.59~LQ*HE*N381~SVC*HC:H0049*36*10.92**1~DTM*472*20200306~CAS*CO*45*25.08~REF*6R*CP6Y6YNB9FIB~AMT*B6*10.92~LQ*HE*N381~SVC*HC:G8510*40*11**1~DTM*472*20200306~CAS*CO*45*29~REF*6R*CP6YAFMU7KHA~AMT*B6*11~LQ*HE*N381~CLP*000100031380*1*134*95.11*2*MC*2020086048622~NM1*QC*1*BOESKE*TERRELL*R***MR*O641902~NM1*82*1*LUCAS*PEGGI*S***XX*1366419582~REF*EA*0283D2116BE3419FA9A240D2FCC912CB~DTM*232*20200311~DTM*233*20200311~SVC*HC:99214*134*95.11**1~DTM*472*20200311~CAS*PR*3*2~CAS*CO*45*36.89~REF*6R*CP6I2U4KVXG7~AMT*B6*97.11~LQ*HE*N381~LQ*HE*N381~CLP*000100031252*1*90*65.81**MC*2020083045217~NM1*QC*1*BOISVERT*ORIEN*K***MR*O244414~NM1*82*1*HOOSHMAND-PARSI*KAYHOSROW****XX*1447291851~REF*EA*8ED0200D966D4F1A8D6ACC6CA5EEA391~DTM*232*20200310~DTM*233*20200310~SVC*HC:99213*90*65.81**1~DTM*472*20200310~CAS*CO*45*24.19~REF*6R*CP66JZSSO9GS~AMT*B6*65.81~LQ*HE*N77~LQ*HE*N381~CLP*000100031144*1*134*97.11**MC*2020084047429~NM1*QC*1*BONNICI*MARCUS*J***MR*O629261~NM1*82*1*LUCAS*PEGGI*S***XX*1366419582~REF*EA*349646C23201454FA7860C7B347C2B51~DTM*232*20200306~DTM*233*20200306~SVC*HC:99214*134*97.11**1~DTM*472*20200306~CAS*CO*45*36.89~REF*6R*CP6YEMFIT2PA~AMT*B6*97.11~LQ*HE*N381~CLP*000100031051*1*149*105.53**MC*2020083045213~NM1*QC*1*BOULIER*JEWEL*R***MR*W913486~NM1*82*1*SEARLES*DENISE*A***XX*1396971230~REF*EA*38A00F9A22734181B25768C2F8CFECF4~DTM*232*20200305~DTM*233*20200305~SVC*HC:99214:25*134*97.11**1~DTM*472*20200305~CAS*CO*45*36.89~REF*6R*CP6672GAJLO0~AMT*B6*97.11~LQ*HE*N77~LQ*HE*N381~SVC*HC:81025*15*8.42**1~DTM*472*20200305~CAS*CO*45*6.58~REF*6R*CP66Y85WU55J~AMT*B6*8.42~LQ*HE*N77~LQ*HE*N381~CLP*000100030795*1*149*105.53**MC*2020083045214~NM1*QC*1*BOULIER*JEWEL*R***MR*W913486~NM1*82*1*LUCAS*PEGGI*S***XX*1366419582~REF*EA*498A9723595F477FA7D505F69B7DC425~DTM*232*20200302~DTM*233*20200302~SVC*HC:99214:25*134*97.11**1~DTM*472*20200302~CAS*CO*45*36.89~REF*6R*CP6605D2IQ0N~AMT*B6*97.11~LQ*HE*N77~LQ*HE*N381~SVC*HC:81025*15*8.42**1~DTM*472*20200302~CAS*CO*45*6.58~REF*6R*CP66KNC656LO~AMT*B6*8.42~LQ*HE*N77~LQ*HE*N381~CLP*000100031218*1*210*117.03*2*MC*2020086048576~NM1*QC*1*BURACKER*GENEVIEVE****MR*Y759364~NM1*82*1*GRONEMEYER*LEANNE*R***XX*1659521045~REF*EA*436BA6D5E2294C559AEE6B040626539B~DTM*232*20200309~DTM*233*20200309~SVC*HC:99214:25*134*95.11**1~DTM*472*20200309~CAS*PR*3*2~CAS*CO*45*36.89~REF*6R*CP6I4DZ4V8FG~AMT*B6*97.11~LQ*HE*N381~LQ*HE*N381~SVC*HC:H0049*36*10.92**1~DTM*472*20200309~CAS*CO*45*25.08~REF*6R*CP6IROMIPK8V~AMT*B6*10.92~LQ*HE*N381~SVC*HC:G8510*40*11**1~DTM*472*20200309~CAS*CO*45*29~REF*6R*CP6IU645VKBF~AMT*B6*11~LQ*HE*N381~CLP*000100031103*1*149*105.53**MC*2020083045221~NM1*QC*1*CAMPBELL*TAMMY*L***MR*Y574975~NM1*82*1*SEARLES*DENISE*A***XX*1396971230~REF*EA*3F484D733AE24767AF0604DD82806660~DTM*232*20200306~DTM*233*20200306~SVC*HC:99214:25*134*97.11**1~DTM*472*20200306~CAS*CO*45*36.89~REF*6R*CP660JM13D6V~AMT*B6*97.11~LQ*HE*N77~LQ*HE*N381~SVC*HC:81025*15*8.42**1~DTM*472*20200306~CAS*CO*45*6.58~REF*6R*CP66958FRGQB~AMT*B6*8.42~LQ*HE*N77~LQ*HE*N381~CLP*000100031429*1*54*39.39**MC*2020086048318~NM1*QC*1*CASADOS*ROBERT****MR*Y828703~NM1*82*1*HOOSHMAND-PARSI*KAYHOSROW****XX*1447291851~REF*EA*9504F7E0153C45C2B72762C795801D66~DTM*232*20200312~DTM*233*20200312~SVC*HC:99212*54*39.39**1~DTM*472*20200312~CAS*CO*45*14.61~REF*6R*CP6IOWULKR9W~AMT*B6*39.39~LQ*HE*N381~CLP*000100030996*1*90*65.81**MC*2020083045232~NM1*QC*1*CASAUS*TRACY*A***MR*K186814~NM1*82*1*ROBERTS*BRAD*A***XX*1538435698~REF*EA*A079195D837E4319AA6AEDFE395FB379~DTM*232*20200305~DTM*233*20200305~SVC*HC:99213*90*65.81**1~DTM*472*20200305~CAS*CO*45*24.19~REF*6R*CP66MF6VN42D~AMT*B6*65.81~LQ*HE*N77~LQ*HE*N381~CLP*000100031160*1*134*97.11**MC*2020083045230~NM1*QC*1*COLE*RICHARD****MR*O326835~NM1*82*1*HOOSHMAND-PARSI*KAYHOSROW****XX*1447291851~REF*EA*CF0D79FD15C44A8A8BB13FF54D8D257F~DTM*232*20200309~DTM*233*20200309~SVC*HC:99214*134*97.11**1~DTM*472*20200309~CAS*CO*45*36.89~REF*6R*CP668Y47BQAH~AMT*B6*97.11~LQ*HE*N77~LQ*HE*N381~CLP*000100031048*1*363.66*236.42**MC*2020084047443~NM1*QC*1*COLE*RICHARD****MR*O326835~NM1*82*1*HOOSHMAND-PARSI*KAYHOSROW****XX*1447291851~REF*EA*C88A7C7B32DB4A2A8BF5E62F90141155~DTM*232*20200305~DTM*233*20200305~SVC*HC:99205:25*255*186.33**1~DTM*472*20200305~CAS*CO*45*68.67~REF*6R*CP6YFSZ2CH7S~AMT*B6*186.33~LQ*HE*N381~SVC*HC:93000*24*21.5**1~DTM*472*20200305~CAS*CO*45*2.5~REF*6R*CP6YJQ0F96DS~AMT*B6*21.5~LQ*HE*N381~SVC*HC:H0049*36*10.92**1~DTM*472*20200305~CAS*CO*45*25.08~REF*6R*CP6YEYKNWXMO~AMT*B6*10.92~LQ*HE*N381~SVC*HC:G8510*40*11**1~DTM*472*20200305~CAS*CO*45*29~REF*6R*CP6YDTGE4L3K~AMT*B6*11~LQ*HE*N381~SVC*HC:86580*8.66*6.67**1~DTM*472*20200305~CAS*CO*45*1.99~REF*6R*CP6YT4GEAQRV~AMT*B6*6.67~LQ*HE*N381~CLP*000100031069*1*134*95.11*2*MC*2020084047419~NM1*QC*1*CRAMER*CHELSEA*C***MR*G314138~NM1*82*1*GRONEMEYER*LEANNE*R***XX*1659521045~REF*EA*972898913C5049DBB68664A672C5DAA5~DTM*232*20200305~DTM*233*20200305~SVC*HC:99214*134*95.11**1~DTM*472*20200305~CAS*PR*3*2~CAS*CO*45*36.89~REF*6R*CP6YC38SLXZM~AMT*B6*97.11~LQ*HE*N381~LQ*HE*N381~CLP*000100031334*1*134*97.11**MC*2020086048511~NM1*QC*1*CRUZ*RICARDO****MR*O537368~NM1*82*1*LUCAS*PEGGI*S***XX*1366419582~REF*EA*D0DE88C7059D42E4A0BB92E394043338~DTM*232*20200311~DTM*233*20200311~SVC*HC:99214*134*97.11**1~DTM*472*20200311~CAS*CO*45*36.89~REF*6R*CP6I3HJLOM1P~AMT*B6*97.11~LQ*HE*N381~CLP*000100031077*1*90*65.81**MC*2020084047424~NM1*QC*1*DAVIS*KELLY****MR*W637291~NM1*82*1*GRONEMEYER*LEANNE*R***XX*1659521045~REF*EA*61222FD1A16341A7941E9D590CC11894~DTM*232*20200305~DTM*233*20200305~SVC*HC:99213*90*65.81**1~DTM*472*20200305~CAS*CO*45*24.19~REF*6R*CP6YB5UN8TY0~AMT*B6*65.81~LQ*HE*N381~CLP*000100031116*1*65*55.35**MC*2020084047464~NM1*QC*1*DEBIDART*MICHAEL*M***MR*P894392~NM1*82*1*LEWIS*HOLLY*G***XX*1295234128~REF*EA*C8D76D0155AA4F44997EE178528B3C83~DTM*232*20200306~DTM*233*20200306~SVC*HC:90832*65*55.35**1~DTM*472*20200306~CAS*CO*45*9.65~REF*6R*CP6YVE3CBP1O~AMT*B6*55.35~LQ*HE*N381~CLP*000100031104*1*134*97.11**MC*2020083045233~NM1*QC*1*DIAMOND*MICHELLE*R***MR*I424730~NM1*82*1*SEARLES*DENISE*A***XX*1396971230~REF*EA*6A8DEB6EBBF2421EB41239065E10C942~DTM*232*20200306~DTM*233*20200306~SVC*HC:99214*134*97.11**1~DTM*472*20200306~CAS*CO*45*36.89~REF*6R*CP66PJRB5T1P~AMT*B6*97.11~LQ*HE*N77~LQ*HE*N381~CLP*000100030859*1*134*97.11**MC*2020084047427~NM1*QC*1*DONOHUE*DENNIS****MR*I666454~NM1*82*1*GRONEMEYER*LEANNE*R***XX*1659521045~REF*EA*8F01239AA8594E5BA3155EA500FDFAC8~DTM*232*20200303~DTM*233*20200303~SVC*HC:99214*134*97.11**1~DTM*472*20200303~CAS*CO*45*36.89~REF*6R*CP6YDJUOQNNQ~AMT*B6*97.11~LQ*HE*N77~LQ*HE*N381~CLP*000100031054*1*138*90.61**MC*2020084047433~NM1*QC*1*DURAN*LUCIANO*K***MR*P804952~NM1*82*1*GRONEMEYER*LEANNE*R***XX*1659521045~REF*EA*4AA8A4EE33B24AA7905DCB1878E7596B~DTM*232*20200305~DTM*233*20200305~SVC*HC:99391*138*90.61**1~DTM*472*20200305~CAS*CO*45*47.39~REF*6R*CP6Y6QMP61P4~AMT*B6*90.61~LQ*HE*N381~CLP*000100031190*1*149*105.53**MC*2020083045229~NM1*QC*1*EARP*SAMANTHA*J***MR*G171512~NM1*82*1*LUCAS*PEGGI*S***XX*1366419582~REF*EA*011A72DD7AAD4EFAA884A0CA46683A3A~DTM*232*20200309~DTM*233*20200309~SVC*HC:99214:25*134*97.11**1~DTM*472*20200309~CAS*CO*45*36.89~REF*6R*CP66GHUMMG5D~AMT*B6*97.11~LQ*HE*N77~LQ*HE*N381~SVC*HC:81025*15*8.42**1~DTM*472*20200309~CAS*CO*45*6.58~REF*6R*CP66DA2QZ707~AMT*B6*8.42~LQ*HE*N77~LQ*HE*N381~CLP*000100030782*1*210*119.03**MC*2020084047432~NM1*QC*1*ECHTERMEYER*AMY*M***MR*W318355~NM1*82*1*GRONEMEYER*LEANNE*R***XX*1659521045~REF*EA*D3A6B8BBA7DF4DAE9A6BD7BA8CDA2F95~DTM*232*20200302~DTM*233*20200302~SVC*HC:99214:25*134*97.11**1~DTM*472*20200302~CAS*CO*45*36.89~REF*6R*CP6Y9W3BCSWJ~AMT*B6*97.11~LQ*HE*N381~SVC*HC:H0049*36*10.92**1~DTM*472*20200302~CAS*CO*45*25.08~REF*6R*CP6YVDYFQULZ~AMT*B6*10.92~LQ*HE*N381~SVC*HC:G8510*40*11**1~DTM*472*20200302~CAS*CO*45*29~REF*6R*CP6Y2ZWFY065~AMT*B6*11~LQ*HE*N381~CLP*000100031166*1*90*65.81**MC*2020083045215~NM1*QC*1*EDMONDS*CHAD*W***MR*O652133~NM1*82*1*HOOSHMAND-PARSI*KAYHOSROW****XX*1447291851~REF*EA*B5AF1E7F3AC14E0B98F8FEA2822991BA~DTM*232*20200309~DTM*233*20200309~SVC*HC:99213*90*65.81**1~DTM*472*20200309~CAS*CO*45*24.19~REF*6R*CP66WV5GSQAW~AMT*B6*65.81~LQ*HE*N77~LQ*HE*N381~CLP*000100031129*1*134*97.11**MC*2020084047462~NM1*QC*1*ELLIOTT*KYLE*W***MR*U645304~NM1*82*1*CADDALI*ESTRELLA*A***XX*1164974580~REF*EA*1DD5E3A451834880906A28702A8016EE~DTM*232*20200306~DTM*233*20200306~SVC*HC:99214*134*97.11**1~DTM*472*20200306~CAS*CO*45*36.89~REF*6R*CP6YROK7PVCL~AMT*B6*97.11~LQ*HE*N381~CLP*000100031145*1*180*129.99**MC*2020084047463~NM1*QC*1*FAINE*JOSHUA*D***MR*P867816~NM1*82*1*CADDALI*ESTRELLA*A***XX*1164974580~REF*EA*116BE4574B03410BA6C72AB26E09DF87~DTM*232*20200306~DTM*233*20200306~SVC*HC:99215*180*129.99**1~DTM*472*20200306~CAS*CO*45*50.01~REF*6R*CP6YT3F1MAP0~AMT*B6*129.99~LQ*HE*N381~CLP*000100031399*1*165*107.82**MC*2020086048383~NM1*QC*1*FIELDS*HEATHER*R***MR*Y397869~NM1*82*1*GRONEMEYER*LEANNE*R***XX*1659521045~REF*EA*C19EE5B64C894047AE61443BA6237661~DTM*232*20200312~DTM*233*20200312~SVC*HC:99395*165*107.82**1~DTM*472*20200312~CAS*CO*45*57.18~REF*6R*CP6IJ5B43ML9~AMT*B6*107.82~LQ*HE*N381~CLP*000100031342*1*90*65.81**MC*2020084047459~NM1*QC*1*FLOOD*WOLFGANG*A***MR*R080176~NM1*82*1*CADDALI*ESTRELLA*A***XX*1164974580~REF*EA*A3FA0BBE49AE4549B724904E8BD7FAAD~DTM*232*20200311~DTM*233*20200311~SVC*HC:99213*90*65.81**1~DTM*472*20200311~CAS*CO*45*24.19~REF*6R*CP6YJ4599L93~AMT*B6*65.81~LQ*HE*N381~CLP*000100031187*1*149*105.53**MC*2020083045209~NM1*QC*1*FLORES*AMBER****MR*S559509~NM1*82*1*LUCAS*PEGGI*S***XX*1366419582~REF*EA*0E91E24D0A7C4C20AC18054FA9FE72FD~DTM*232*20200309~DTM*233*20200309~SVC*HC:99214:25*134*97.11**1~DTM*472*20200309~CAS*CO*45*36.89~REF*6R*CP66CM5DI7QN~AMT*B6*97.11~LQ*HE*N77~LQ*HE*N381~SVC*HC:81025*15*8.42**1~DTM*472*20200309~CAS*CO*45*6.58~REF*6R*CP66PML0REES~AMT*B6*8.42~LQ*HE*N77~LQ*HE*N381~CLP*000100031188*1*134*97.11**MC*2020083045201~NM1*QC*1*FLORES*KEITH*L***MR*W751068~NM1*82*1*LUCAS*PEGGI*S***XX*1366419582~REF*EA*8D00BD0BC19B46A4A4EFD60C3CE6753B~DTM*232*20200309~DTM*233*20200309~SVC*HC:99214*134*97.11**1~DTM*472*20200309~CAS*CO*45*36.89~REF*6R*CP66CNJV73EH~AMT*B6*97.11~LQ*HE*N77~LQ*HE*N381~CLP*000100031379*1*134*97.11**MC*2020086048330~NM1*QC*1*GALLEGOS*ANNETTE*R***MR*O775073~NM1*82*1*GRONEMEYER*LEANNE*R***XX*1659521045~REF*EA*4270804CCA2B4A36805E83D0A0B4E9FB~DTM*232*20200311~DTM*233*20200311~SVC*HC:99214*134*97.11**1~DTM*472*20200311~CAS*CO*45*36.89~REF*6R*CP6IZ4B4U7PM~AMT*B6*97.11~LQ*HE*N381~CLP*000100031050*1*210*119.03**MC*2020084047460~NM1*QC*1*GALYON*MICHAEL*K***MR*P707696~NM1*82*1*GRONEMEYER*LEANNE*R***XX*1659521045~REF*EA*CEB017208ABD4224B8B6454AA7C897B2~DTM*232*20200305~DTM*233*20200305~SVC*HC:99214:25*134*97.11**1~DTM*472*20200305~CAS*CO*45*36.89~REF*6R*CP6YF0NWCHQ8~AMT*B6*97.11~LQ*HE*N381~SVC*HC:H0049*36*10.92**1~DTM*472*20200305~CAS*CO*45*25.08~REF*6R*CP6Y7O9GN2HL~AMT*B6*10.92~LQ*HE*N381~SVC*HC:G8510*40*11**1~DTM*472*20200305~CAS*CO*45*29~REF*6R*CP6YP5DCW0LX~AMT*B6*11~LQ*HE*N381~CLP*000100031033*1*90*65.81**MC*2020083045235~NM1*QC*1*GARCIA*DANIEL*R***MR*S702489~NM1*82*1*ROBERTS*BRAD*A***XX*1538435698~REF*EA*F4C304771AA24629AFAAA77088C5DB76~DTM*232*20200305~DTM*233*20200305~SVC*HC:99213*90*65.81**1~DTM*472*20200305~CAS*CO*45*24.19~REF*6R*CP666YO96ZQB~AMT*B6*65.81~LQ*HE*N77~LQ*HE*N381~CLP*000100031207*1*166*87.73**MC*2020086048614~NM1*QC*1*GIBSON*JOSHUA*T***MR*Y083407~NM1*82*1*GRONEMEYER*LEANNE*R***XX*1659521045~REF*EA*AF9DEE77CB10408797B89263BBB14ADD~DTM*232*20200309~DTM*233*20200309~SVC*HC:99213:25*90*65.81**1~DTM*472*20200309~CAS*CO*45*24.19~REF*6R*CP6INPHLS955~AMT*B6*65.81~LQ*HE*N381~SVC*HC:H0049*36*10.92**1~DTM*472*20200309~CAS*CO*45*25.08~REF*6R*CP6IFIB2Y6BO~AMT*B6*10.92~LQ*HE*N381~SVC*HC:G8510*40*11**1~DTM*472*20200309~CAS*CO*45*29~REF*6R*CP6IVQZWIF1N~AMT*B6*11~LQ*HE*N381~CLP*000100031193*1*391*243.3**MC*2020083045234~NM1*QC*1*GILLICK*SHANNON*L***MR*O183500~NM1*82*1*LUCAS*PEGGI*S***XX*1366419582~REF*EA*41FF5C35BDA74D0EBDF3BB6AA444ECF3~DTM*232*20200309~DTM*233*20200309~SVC*HC:99205:25*255*186.33**1~DTM*472*20200309~CAS*CO*45*68.67~REF*6R*CP665G0DVEE7~AMT*B6*186.33~LQ*HE*N77~LQ*HE*N381~SVC*HC:99415*45*7.11**1~DTM*472*20200309~CAS*CO*45*37.89~REF*6R*CP66WV74HQU4~AMT*B6*7.11~LQ*HE*N77~LQ*HE*N381~SVC*HC:H0049*36*10.92**1~DTM*472*20200309~CAS*CO*45*25.08~REF*6R*CP666U1LAC4K~AMT*B6*10.92~LQ*HE*N77~LQ*HE*N381~SVC*HC:G8431*40*30.52**1~DTM*472*20200309~CAS*CO*45*9.48~REF*6R*CP66GYDHCCND~AMT*B6*30.52~LQ*HE*N77~LQ*HE*N381~SVC*HC:81025*15*8.42**1~DTM*472*20200309~CAS*CO*45*6.58~REF*6R*CP6602DJYG3V~AMT*B6*8.42~LQ*HE*N77~LQ*HE*N381~CLP*000100031004*1*2279.99*1430.7*2*MC*2020083045211~NM1*QC*1*GOGARTY*NATASHA*B***MR*V071476~NM1*82*1*SEARLES*DENISE*A***XX*1396971230~REF*EA*C6F38405C1A24A27A9B3A06F81060283~DTM*232*20200305~DTM*233*20200305~SVC*HC:99205:25*255*184.33**1~DTM*472*20200305~CAS*PR*3*2~CAS*CO*45*68.67~REF*6R*CP66CKE5SYEJ~AMT*B6*186.33~LQ*HE*N77~LQ*HE*N381~LQ*HE*N381~SVC*HC:99415*45*7.11**1~DTM*472*20200305~CAS*CO*45*37.89~REF*6R*CP66GDYN3BJC~AMT*B6*7.11~LQ*HE*N77~LQ*HE*N381~SVC*HC:96372*83.99*0**0**1~DTM*472*20200305~CAS*CO*109*83.99~REF*6R*CP66SVGEODTP~LQ*HE*N77~LQ*HE*N381~SVC*HC:J2315*1805*1189.4**380~DTM*472*20200305~CAS*CO*45*615.6~REF*6R*CP66T46PY4R1~AMT*B6*1189.4~LQ*HE*N77~LQ*HE*N381~SVC*HC:H0049*36*10.92**1~DTM*472*20200305~CAS*CO*45*25.08~REF*6R*CP665L8MHKAW~AMT*B6*10.92~LQ*HE*N77~LQ*HE*N381~SVC*HC:G8431*40*30.52**1~DTM*472*20200305~CAS*CO*45*9.48~REF*6R*CP66CY1PR4HN~AMT*B6*30.52~LQ*HE*N77~LQ*HE*N381~SVC*HC:81025*15*8.42**1~DTM*472*20200305~CAS*CO*45*6.58~REF*6R*CP66M773GF2B~AMT*B6*8.42~LQ*HE*N77~LQ*HE*N381~CLP*000100031236*1*90*65.81**MC*2020084047425~NM1*QC*1*GONZALES*JAMIE*S***MR*X142887~NM1*82*1*CADDALI*ESTRELLA*A***XX*1164974580~REF*EA*E3CFB2FB31DB434AAC046EDAA944669A~DTM*232*20200310~DTM*233*20200310~SVC*HC:99213*90*65.81**1~DTM*472*20200310~CAS*CO*45*24.19~REF*6R*CP6YXCA18JNZ~AMT*B6*65.81~LQ*HE*N381~CLP*000100031423*1*90*63.81*2*MC*2020086048629~NM1*QC*1*GONZALEZ*DANIELLE*L***MR*P267459~NM1*82*1*CADDALI*ESTRELLA*A***XX*1164974580~REF*EA*E6F12FAA663448A9B1482DD9D2186299~DTM*232*20200312~DTM*233*20200312~SVC*HC:99213*90*63.81**1~DTM*472*20200312~CAS*PR*3*2~CAS*CO*45*24.19~REF*6R*CP6IYK6S3LJY~AMT*B6*65.81~LQ*HE*N381~LQ*HE*N381~CLP*000100030746*1*134*97.11**MC*2020083045228~NM1*QC*1*GURULE*TRAVIS*L***MR*O382860~NM1*82*1*LUCAS*PEGGI*S***XX*1366419582~REF*EA*3AC455292E1F47B4964D3F34CF52C895~DTM*232*20200302~DTM*233*20200302~SVC*HC:99214*134*97.11**1~DTM*472*20200302~CAS*CO*45*36.89~REF*6R*CP66BK5861DI~AMT*B6*97.11~LQ*HE*N77~LQ*HE*N381~CLP*000100031235*1*105*72.23*2*MC*2020083045205~NM1*QC*1*HALL*KRISTINA*K***MR*S324169~NM1*82*1*HOOSHMAND-PARSI*KAYHOSROW****XX*1447291851~REF*EA*6327C300EC22489AA7B87357CCE4B8D4~DTM*232*20200310~DTM*233*20200310~SVC*HC:99213:25*90*63.81**1~DTM*472*20200310~CAS*PR*3*2~CAS*CO*45*24.19~REF*6R*CP66R52FTXAD~AMT*B6*65.81~LQ*HE*N77~LQ*HE*N381~LQ*HE*N381~SVC*HC:81025*15*8.42**1~DTM*472*20200310~CAS*CO*45*6.58~REF*6R*CP669TK67LO4~AMT*B6*8.42~LQ*HE*N77~LQ*HE*N381~CLP*000100031183*1*90*65.81**MC*2020083045207~NM1*QC*1*HEREDIA*NEISHA****MR*M350525~NM1*82*1*HOOSHMAND-PARSI*KAYHOSROW****XX*1447291851~REF*EA*B475D46A67F6463BA00FABEB99B1A0BF~DTM*232*20200309~DTM*233*20200309~SVC*HC:99213*90*65.81**1~DTM*472*20200309~CAS*CO*45*24.19~REF*6R*CP66IKU2EDV6~AMT*B6*65.81~LQ*HE*N77~LQ*HE*N381~CLP*000100031143*1*90*65.81**MC*2020084047422~NM1*QC*1*HERRERA*CLAUDIA****MR*K156429~NM1*82*1*SEARLES*DENISE*A***XX*1396971230~REF*EA*09D861F473B34CD0A0626C4C83573B8C~DTM*232*20200306~DTM*233*20200306~SVC*HC:99213*90*65.81**1~DTM*472*20200306~CAS*CO*45*24.19~REF*6R*CP6Y3MIBXT1Y~AMT*B6*65.81~LQ*HE*N381~CLP*000100031242*1*211*89.05**MC*2020086048395~NM1*QC*1*INMAN*LUKE****MR*Y800076~NM1*82*1*SEARLES*DENISE*A***XX*1396971230~REF*EA*F4CC307087E34374A643AB90E76C6FFC~DTM*232*20200310~DTM*233*20200310~SVC*HC:99202:25*135*67.13**1~DTM*472*20200310~CAS*CO*45*67.87~REF*6R*CP6IGIEX7THO~AMT*B6*67.13~LQ*HE*N381~SVC*HC:H0049*36*10.92**1~DTM*472*20200310~CAS*CO*45*25.08~REF*6R*CP6IPTEC9SKD~AMT*B6*10.92~LQ*HE*N381~SVC*HC:G8510*40*11**1~DTM*472*20200310~CAS*CO*45*29~REF*6R*CP6IWB3MTRZ1~AMT*B6*11~LQ*HE*N381~CLP*000100031468*1*210*119.03**MC*2020086048529~NM1*QC*1*JOHNSON*GEORGE*W***MR*O540732~NM1*82*1*GRONEMEYER*LEANNE*R***XX*1659521045~REF*EA*4855B53D1EC5417C92724CBDEE489EF9~DTM*232*20200312~DTM*233*20200312~SVC*HC:99214:25*134*97.11**1~DTM*472*20200312~CAS*CO*45*36.89~REF*6R*CP6IS9CYKLMB~AMT*B6*97.11~LQ*HE*N381~SVC*HC:H0049*36*10.92**1~DTM*472*20200312~CAS*CO*45*25.08~REF*6R*CP6IF56I6DEN~AMT*B6*10.92~LQ*HE*N381~SVC*HC:G8510*40*11**1~DTM*472*20200312~CAS*CO*45*29~REF*6R*CP6I3HZC9UKQ~AMT*B6*11~LQ*HE*N381~CLP*000100031330*1*134*95.11*2*MC*2020084047435~NM1*QC*1*JOHNSON*LASHAWN*J***MR*J148245~NM1*82*1*LUCAS*PEGGI*S***XX*1366419582~REF*EA*DFDDA7B52F1049FBAF4A9D794562CDB8~DTM*232*20200311~DTM*233*20200311~SVC*HC:99214*134*95.11**1~DTM*472*20200311~CAS*PR*3*2~CAS*CO*45*36.89~REF*6R*CP6YUBBJQWRB~AMT*B6*97.11~LQ*HE*N381~LQ*HE*N381~CLP*000100031421*1*65*55.35**MC*2020086048454~NM1*QC*1*KAVELAARS-BODON*JOHN****MR*Y893513~NM1*74*1*KAVELAARSBODON**A~NM1*82*1*LEWIS*HOLLY*G***XX*1295234128~REF*EA*5BD39F9617094D7883B6D371F7C44860~DTM*232*20200312~DTM*233*20200312~SVC*HC:90832*65*55.35**1~DTM*472*20200312~CAS*CO*45*9.65~REF*6R*CP6IOT1659RL~AMT*B6*55.35~LQ*HE*N381~CLP*000100031410*1*211*108.57**MC*2020086048459~NM1*QC*1*KAVELAARS-BODON*JOHN****MR*Y893513~NM1*74*1*KAVELAARSBODON**A~NM1*82*1*HOOSHMAND-PARSI*KAYHOSROW****XX*1447291851~REF*EA*3FEAAE113B124ADC9B38DF92113AA144~DTM*232*20200312~DTM*233*20200312~SVC*HC:99202:25*135*67.13**1~DTM*472*20200312~CAS*CO*45*67.87~REF*6R*CP6IA5OP5D6E~AMT*B6*67.13~LQ*HE*N381~SVC*HC:H0049*36*10.92**1~DTM*472*20200312~CAS*CO*45*25.08~REF*6R*CP6I23E7FNWD~AMT*B6*10.92~LQ*HE*N381~SVC*HC:G8431*40*30.52**1~DTM*472*20200312~CAS*CO*45*9.48~REF*6R*CP6IF888717M~AMT*B6*30.52~LQ*HE*N381~CLP*000100031487*1*134*97.11**MC*2020086048544~NM1*QC*1*LAIRD*AMY*J***MR*T813895~NM1*82*1*LUCAS*PEGGI*S***XX*1366419582~REF*EA*FA0A247FE05C4E9B99DC7E431C897984~DTM*232*20200313~DTM*233*20200313~SVC*HC:99214*134*97.11**1~DTM*472*20200313~CAS*CO*45*36.89~REF*6R*CP6IYUCH3APA~AMT*B6*97.11~LQ*HE*N381~CLP*000100031140*1*134*97.11**MC*2020084047467~NM1*QC*1*LYNCH*ELIJAH****MR*G951908~NM1*82*1*CADDALI*ESTRELLA*A***XX*1164974580~REF*EA*12A72F91EC3E4908B09F07F96370E8A4~DTM*232*20200306~DTM*233*20200306~SVC*HC:99214*134*97.11**1~DTM*472*20200306~CAS*CO*45*36.89~REF*6R*CP6YJDBC43XN~AMT*B6*97.11~LQ*HE*N381~CLP*000100031323*1*90*65.81**MC*2020084047454~NM1*QC*1*MACE*BRANDY*G***MR*O919510~NM1*82*1*CADDALI*ESTRELLA*A***XX*1164974580~REF*EA*6ECBB40655FB4E11B946F11616B73F9A~DTM*232*20200311~DTM*233*20200311~SVC*HC:99213*90*65.81**1~DTM*472*20200311~CAS*CO*45*24.19~REF*6R*CP6YD0QS382A~AMT*B6*65.81~LQ*HE*N381~CLP*000100031285*1*149*103.53*2*MC*2020083045237~NM1*QC*1*MAGANA*CARLA*R***MR*M671813~NM1*82*1*HOOSHMAND-PARSI*KAYHOSROW****XX*1447291851~REF*EA*903A77F2FAAC4AC7965C4F86926B141D~DTM*232*20200310~DTM*233*20200310~SVC*HC:99214:25*134*95.11**1~DTM*472*20200310~CAS*PR*3*2~CAS*CO*45*36.89~REF*6R*CP66TVCZW68G~AMT*B6*97.11~LQ*HE*N77~LQ*HE*N381~LQ*HE*N381~SVC*HC:81025*15*8.42**1~DTM*472*20200310~CAS*CO*45*6.58~REF*6R*CP66WN8VAB9I~AMT*B6*8.42~LQ*HE*N77~LQ*HE*N381~CLP*000100030939*1*149*103.53*2*MC*2020083045238~NM1*QC*1*MAGANA*CARLA*R***MR*M671813~NM1*82*1*HOOSHMAND-PARSI*KAYHOSROW****XX*1447291851~REF*EA*6ECE226D0E1F410486896107E901E8C7~DTM*232*20200304~DTM*233*20200304~SVC*HC:99214:25*134*95.11**1~DTM*472*20200304~CAS*PR*3*2~CAS*CO*45*36.89~REF*6R*CP66HOVU3IXG~AMT*B6*97.11~LQ*HE*N77~LQ*HE*N381~LQ*HE*N381~SVC*HC:81025*15*8.42**1~DTM*472*20200304~CAS*CO*45*6.58~REF*6R*CP666DFC3RBO~AMT*B6*8.42~LQ*HE*N77~LQ*HE*N381~CLP*000100030482*1*175*114.94**MC*2020086048466~NM1*QC*1*MALDONDO*BRENT****MR*I008392~NM1*74*1*MALDONADO**R~NM1*82*1*SEARLES*DENISE*A***XX*1396971230~REF*EA*EE0FA3BDDF8A4E7FA02ADB6DB3972E75~DTM*232*20200225~DTM*233*20200225~SVC*HC:99396*175*114.94**1~DTM*472*20200225~CAS*CO*45*60.06~REF*6R*CP6IETXIH17C~AMT*B6*114.94~LQ*HE*N381~CLP*000100030976*1*194*153.28**MC*2020084047466~NM1*QC*1*MALLETTE*ANTHONY*M***MR*G065099~NM1*82*1*LUCAS*PEGGI*S***XX*1366419582~REF*EA*AD511A0525AA43B9AF31C7815CF890C3~DTM*232*20200304~DTM*233*20200304~SVC*HC:99214:25*134*97.11**1~DTM*472*20200304~CAS*CO*45*36.89~REF*6R*CP6YBYLCLA5P~AMT*B6*97.11~LQ*HE*N381~SVC*HC:11765*60*56.17**1~DTM*472*20200304~CAS*CO*45*3.83~REF*6R*CP6YBBMJK0I7~AMT*B6*56.17~LQ*HE*N381~LQ*HE*N381~CLP*000100031095*1*134*95.11*2*MC*2020084047434~NM1*QC*1*MARTINEZ*DESIREE****MR*O277758~NM1*82*1*LUCAS*PEGGI*S***XX*1366419582~REF*EA*716230360CB946C2BB2E1FB6A83CDBCB~DTM*232*20200306~DTM*233*20200306~SVC*HC:99214*134*95.11**1~DTM*472*20200306~CAS*PR*3*2~CAS*CO*45*36.89~REF*6R*CP6YCE5DGLG7~AMT*B6*97.11~LQ*HE*N381~LQ*HE*N381~CLP*000100031485*1*134*95.11*2*MC*2020086048556~NM1*QC*1*MARTINEZ*JOANNA*L***MR*D997532~NM1*82*1*LUCAS*PEGGI*S***XX*1366419582~REF*EA*58141AB67A1642E289BF570E615B3178~DTM*232*20200313~DTM*233*20200313~SVC*HC:99214*134*95.11**1~DTM*472*20200313~CAS*PR*3*2~CAS*CO*45*36.89~REF*6R*CP6IYE5C5LPT~AMT*B6*97.11~LQ*HE*N381~LQ*HE*N381~CLP*000100031304*1*90*65.81**MC*2020084047450~NM1*QC*1*MARTINEZ*JOSEPH*D***MR*H041550~NM1*82*1*SEARLES*DENISE*A***XX*1396971230~REF*EA*3A15C189E2344FE78957923CCA8FEB54~DTM*232*20200310~DTM*233*20200310~SVC*HC:99213*90*65.81**1~DTM*472*20200310~CAS*CO*45*24.19~REF*6R*CP6YCJEZS8Q2~AMT*B6*65.81~LQ*HE*N381~CLP*000100031147*1*134*97.11**MC*2020084047420~NM1*QC*1*MARTINEZ*WILLIAM*J***MR*B261410~NM1*82*1*LUCAS*PEGGI*S***XX*1366419582~REF*EA*1497B8D1B2DF42C6B2D05ABCFF401EF1~DTM*232*20200306~DTM*233*20200306~SVC*HC:99214*134*97.11**1~DTM*472*20200306~CAS*CO*45*36.89~REF*6R*CP6YHEAGVYYA~AMT*B6*97.11~LQ*HE*N381~CLP*000100031395*1*210*138.55**MC*2020086048418~NM1*QC*1*MATHIASEN*RICHARD*L***MR*P087968~NM1*82*1*HOOSHMAND-PARSI*KAYHOSROW****XX*1447291851~REF*EA*4E12332EB6824F2EA09EBD3F5317534E~DTM*232*20200312~DTM*233*20200312~SVC*HC:99214:25*134*97.11**1~DTM*472*20200312~CAS*CO*45*36.89~REF*6R*CP6IROX9AI4L~AMT*B6*97.11~LQ*HE*N381~SVC*HC:H0049*36*10.92**1~DTM*472*20200312~CAS*CO*45*25.08~REF*6R*CP6ISTC03NLE~AMT*B6*10.92~LQ*HE*N381~SVC*HC:G8431*40*30.52**1~DTM*472*20200312~CAS*CO*45*9.48~REF*6R*CP6IK63824G3~AMT*B6*30.52~LQ*HE*N381~CLP*000100031111*1*134*97.11**MC*2020084047428~NM1*QC*1*MITCHELL*SHERRY****MR*I873951~NM1*82*1*LUCAS*PEGGI*S***XX*1366419582~REF*EA*8BFE3970C9434A0292C860AFE09837FE~DTM*232*20200306~DTM*233*20200306~SVC*HC:99214*134*97.11**1~DTM*472*20200306~CAS*CO*45*36.89~REF*6R*CP6YVCJMDT1K~AMT*B6*97.11~LQ*HE*N381~CLP*000100031349*1*54*39.39**MC*2020084047426~NM1*QC*1*MORENO*KRISTIAN****MR*O419019~NM1*82*1*CADDALI*ESTRELLA*A***XX*1164974580~REF*EA*39AE86D7AC044669BADCD7FF9C33D8E8~DTM*232*20200311~DTM*233*20200311~SVC*HC:99212*54*39.39**1~DTM*472*20200311~CAS*CO*45*14.61~REF*6R*CP6Y4CUNDO8H~AMT*B6*39.39~LQ*HE*N381~CLP*000100031081*1*90*65.81**MC*2020083045227~NM1*QC*1*MYERS*SCOTT*A***MR*P255708~NM1*82*1*SEARLES*DENISE*A***XX*1396971230~REF*EA*52C1F1F1CD10486B8D7C0576211CB1ED~DTM*232*20200305~DTM*233*20200305~SVC*HC:99213*90*65.81**1~DTM*472*20200305~CAS*CO*45*24.19~REF*6R*CP664PR6ODD0~AMT*B6*65.81~LQ*HE*N381~CLP*000100031318*1*134*97.11**MC*2020084047417~NM1*QC*1*NEWCOMBE*NOLAN*J***MR*G938738~NM1*82*1*LUCAS*PEGGI*S***XX*1366419582~REF*EA*4B15F944A20A41FAB8184F6777878BEA~DTM*232*20200311~DTM*233*20200311~SVC*HC:99214*134*97.11**1~DTM*472*20200311~CAS*CO*45*36.89~REF*6R*CP6YMYXFX6D8~AMT*B6*97.11~LQ*HE*N381~CLP*000100031001*1*90*65.81**MC*2020083045206~NM1*QC*1*NORTON*TIMOTHY*L***MR*O938357~NM1*82*1*ROBERTS*BRAD*A***XX*1538435698~REF*EA*1BE682DC248D425EA61EC1AAFF7A8CE2~DTM*232*20200305~DTM*233*20200305~SVC*HC:99213*90*65.81**1~DTM*472*20200305~CAS*CO*45*24.19~REF*6R*CP663IMWHXJA~AMT*B6*65.81~LQ*HE*N77~LQ*HE*N381~CLP*000100031270*1*221*119.35**MC*2020086048609~NM1*QC*1*ORTEGA*JENNIFER****MR*O940890~NM1*82*1*CADDALI*ESTRELLA*A***XX*1164974580~REF*EA*BCB933E584214224B864C35FE4E56B24~DTM*232*20200310~DTM*233*20200310~SVC*HC:99203:25*145*97.43**1~DTM*472*20200310~CAS*CO*45*47.57~REF*6R*CP6IO8LHRZ1L~AMT*B6*97.43~LQ*HE*N381~SVC*HC:H0049*36*10.92**1~DTM*472*20200310~CAS*CO*45*25.08~REF*6R*CP6IH9C1ETKL~AMT*B6*10.92~LQ*HE*N381~SVC*HC:G8510*40*11**1~DTM*472*20200310~CAS*CO*45*29~REF*6R*CP6ID68CDFA6~AMT*B6*11~LQ*HE*N381~CLP*000100031426*1*348.99*119.03**MC*2020086048473~NM1*QC*1*ORTEGA*SAMANTHA*M***MR*W194228~NM1*82*1*GRONEMEYER*LEANNE*R***XX*1659521045~REF*EA*E3F0361D88E4451CB4FD4AF610AAFF56~DTM*232*20200312~DTM*233*20200312~SVC*HC:99214:25*272.99*97.11**1~DTM*472*20200312~CAS*CO*45*175.88~REF*6R*CP6I8B5WAM9U~AMT*B6*97.11~LQ*HE*N381~SVC*HC:H0049*36*10.92**1~DTM*472*20200312~CAS*CO*45*25.08~REF*6R*CP6I4SP29UBK~AMT*B6*10.92~LQ*HE*N381~SVC*HC:G8510*40*11**1~DTM*472*20200312~CAS*CO*45*29~REF*6R*CP6IYNCNGLHE~AMT*B6*11~LQ*HE*N381~CLP*000100031202*1*204*138.31**MC*2020084047444~NM1*QC*1*ORTIZ*EMILY****MR*L289179~NM1*82*1*GRONEMEYER*LEANNE*R***XX*1659521045~REF*EA*68BC307469904182B8B152449EFBFBFC~DTM*232*20200309~DTM*233*20200309~SVC*HC:99214:25*134*97.11**1~DTM*472*20200309~CAS*CO*45*36.89~REF*6R*CP6YBU7N2R69~AMT*B6*97.11~LQ*HE*N381~SVC*HC:90471*35*19.46**1~DTM*472*20200309~CAS*CO*45*15.54~REF*6R*CP6Y8PCJTLI9~AMT*B6*19.46~LQ*HE*N381~SVC*HC:90674*35*21.74**1~DTM*472*20200309~CAS*CO*45*13.26~REF*6R*CP6Y75TT1RGF~AMT*B6*21.74~LQ*HE*N381~CLP*000100031067*1*90*65.81**MC*2020084047439~NM1*QC*1*PACHECO*CHRISTOPHER*A***MR*K453230~NM1*82*1*CADDALI*ESTRELLA*A***XX*1164974580~REF*EA*780BD6C2B95148BB960D2423A6A2030E~DTM*232*20200305~DTM*233*20200305~SVC*HC:99213*90*65.81**1~DTM*472*20200305~CAS*CO*45*24.19~REF*6R*CP6YHGX6RQQU~AMT*B6*65.81~LQ*HE*N381~CLP*000100031265*1*90*65.81**MC*2020084047442~NM1*QC*1*PADILLA*LAURA*C***MR*Y008082~NM1*82*1*CADDALI*ESTRELLA*A***XX*1164974580~REF*EA*20C6E849B3734F69842B9E7AEA560639~DTM*232*20200310~DTM*233*20200310~SVC*HC:99213*90*65.81**1~DTM*472*20200310~CAS*CO*45*24.19~REF*6R*CP6YG39ME4Z0~AMT*B6*65.81~LQ*HE*N381~CLP*000100031083*1*58*40.79*2*MC*2020084047455~NM1*QC*1*PAULSEN*STACY****MR*W216187~NM1*82*1*HOOSHMAND-PARSI*KAYHOSROW****XX*1447291851~REF*EA*31FDA80E629E4701966B4CDC42302109~DTM*232*20200305~DTM*233*20200305~SVC*HC:99212:25*54*37.39**1~DTM*472*20200305~CAS*PR*3*2~CAS*CO*45*14.61~REF*6R*CP6YR39RGDSK~AMT*B6*39.39~LQ*HE*N381~LQ*HE*N381~SVC*HC:81002*4*3.4**1~DTM*472*20200305~CAS*CO*45*.6~REF*6R*CP6YNIJ4PG2F~AMT*B6*3.4~LQ*HE*N381~CLP*000100031117*1*134*97.11**MC*2020084047453~NM1*QC*1*PEARCE*HOPE*E***MR*Y742739~NM1*82*1*LUCAS*PEGGI*S***XX*1366419582~REF*EA*3B98ABADE7C14F56B7257F26ADD56818~DTM*232*20200306~DTM*233*20200306~SVC*HC:99214*134*97.11**1~DTM*472*20200306~CAS*CO*45*36.89~REF*6R*CP6YDTADH9VP~AMT*B6*97.11~LQ*HE*N381~CLP*000100031291*1*331*225.77*2*MC*2020086048306~NM1*QC*1*PEOPLES*CASEY*L***MR*R270900~NM1*82*1*LUCAS*PEGGI*S***XX*1366419582~REF*EA*7D8BC92828C24B85B152A4878C3E9029~DTM*232*20200310~DTM*233*20200310~SVC*HC:99205:25*255*184.33**1~DTM*472*20200310~CAS*PR*3*2~CAS*CO*45*68.67~REF*6R*CP6IAPPG6DP3~AMT*B6*186.33~LQ*HE*N381~LQ*HE*N381~SVC*HC:H0049*36*10.92**1~DTM*472*20200310~CAS*CO*45*25.08~REF*6R*CP6IO0MZHJC7~AMT*B6*10.92~LQ*HE*N381~SVC*HC:G8431*40*30.52**1~DTM*472*20200310~CAS*CO*45*9.48~REF*6R*CP6ITYG7JTC3~AMT*B6*30.52~LQ*HE*N381~CLP*000100031134*1*90*65.81**MC*2020084047468~NM1*QC*1*PEREZ*LEO*A***MR*O381134~NM1*82*1*CADDALI*ESTRELLA*A***XX*1164974580~REF*EA*46D53BBE89E44FDEA0A57F29B6DC2E24~DTM*232*20200306~DTM*233*20200306~SVC*HC:99213*90*65.81**1~DTM*472*20200306~CAS*CO*45*24.19~REF*6R*CP6Y7ORIPMZA~AMT*B6*65.81~LQ*HE*N381~CLP*000100031303*1*90*63.81*2*MC*2020084047440~NM1*QC*1*PRIGGE*MATTHEW*R***MR*P683674~NM1*82*1*CADDALI*ESTRELLA*A***XX*1164974580~REF*EA*E399BC7566A3474BBDFBD255AAEB2A6B~DTM*232*20200310~DTM*233*20200310~SVC*HC:99213*90*63.81**1~DTM*472*20200310~CAS*PR*3*2~CAS*CO*45*24.19~REF*6R*CP6YGXL7P49K~AMT*B6*65.81~LQ*HE*N381~LQ*HE*N381~CLP*000100031437*1*65*55.35**MC*2020086048431~NM1*QC*1*QUINTANA*JUSTIN*L***MR*Y962445~NM1*82*1*LEWIS*HOLLY*G***XX*1295234128~REF*EA*DB34553EA2794142ABBEDAD952DEBDD9~DTM*232*20200312~DTM*233*20200312~SVC*HC:90832*65*55.35**1~DTM*472*20200312~CAS*CO*45*9.65~REF*6R*CP6ISPTKUQPG~AMT*B6*55.35~LQ*HE*N381~CLP*000100031430*1*418.99*179.75**MC*2020086048440~NM1*QC*1*QUINTANA*JUSTIN*L***MR*Y962445~NM1*82*1*GRONEMEYER*LEANNE*R***XX*1659521045~REF*EA*5A2555A3699148CA921D236DE8C8A056~DTM*232*20200312~DTM*233*20200312~SVC*HC:99214:25*272.99*97.11**1~DTM*472*20200312~CAS*CO*45*175.88~REF*6R*CP6IIANSIGIZ~AMT*B6*97.11~LQ*HE*N381~SVC*HC:90471*35*19.46**1~DTM*472*20200312~CAS*CO*45*15.54~REF*6R*CP6ID0F0PB0H~AMT*B6*19.46~LQ*HE*N381~SVC*HC:90674*35*21.74**1~DTM*472*20200312~CAS*CO*45*13.26~REF*6R*CP6ILOHJRUXV~AMT*B6*21.74~LQ*HE*N381~SVC*HC:H0049*36*10.92**1~DTM*472*20200312~CAS*CO*45*25.08~REF*6R*CP6IT2LWZMH2~AMT*B6*10.92~LQ*HE*N381~SVC*HC:G8431*40*30.52**1~DTM*472*20200312~CAS*CO*45*9.48~REF*6R*CP6IN1I4TLQ4~AMT*B6*30.52~LQ*HE*N381~CLP*000100031281*1*90*65.81**MC*2020084047430~NM1*QC*1*REED*EDWIN****MR*J895555~NM1*82*1*SEARLES*DENISE*A***XX*1396971230~REF*EA*5749EDF9E0D64C13BBC163AED1C2F269~DTM*232*20200310~DTM*233*20200310~SVC*HC:99213*90*65.81**1~DTM*472*20200310~CAS*CO*45*24.19~REF*6R*CP6YTXOT4GB7~AMT*B6*65.81~LQ*HE*N381~CLP*000100031420*1*54*39.39**MC*2020086048602~NM1*QC*1*ROMAN*EVELYN****MR*V000509~NM1*82*1*CADDALI*ESTRELLA*A***XX*1164974580~REF*EA*10022F55003D418E947226DAF32AF4D3~DTM*232*20200312~DTM*233*20200312~SVC*HC:99212*54*39.39**1~DTM*472*20200312~CAS*CO*45*14.61~REF*6R*CP6IS3ZNRQIO~AMT*B6*39.39~LQ*HE*N381~CLP*000100030975*1*281*171.51**MC*2020084047421~NM1*QC*1*ROMERO*RICHARD****MR*W376890~NM1*82*1*LUCAS*PEGGI*S***XX*1366419582~REF*EA*AC428B68D5464C1C844F8D8BED1AD326~DTM*232*20200304~DTM*233*20200304~SVC*HC:99204:25*205*149.59**1~DTM*472*20200304~CAS*CO*45*55.41~REF*6R*CP6YLJXBKEIE~AMT*B6*149.59~LQ*HE*N381~SVC*HC:H0049*36*10.92**1~DTM*472*20200304~CAS*CO*45*25.08~REF*6R*CP6YKRL170ZT~AMT*B6*10.92~LQ*HE*N381~SVC*HC:G8510*40*11**1~DTM*472*20200304~CAS*CO*45*29~REF*6R*CP6Y629WK3AZ~AMT*B6*11~LQ*HE*N381~CLP*000100031366*1*180*129.99**MC*2020086048337~NM1*QC*1*ROYBAL*CELESTINA*A***MR*I238627~NM1*82*1*LUCAS*PEGGI*S***XX*1366419582~REF*EA*42C395A4440D4DD9A1DE7C5612DB1765~DTM*232*20200311~DTM*233*20200311~SVC*HC:99215*180*129.99**1~DTM*472*20200311~CAS*CO*45*50.01~REF*6R*CP6IUJ177GTW~AMT*B6*129.99~LQ*HE*N381~CLP*000100030708*1*134*97.11**MC*2020083045218~NM1*QC*1*SAMSON*CARA*M***MR*Y649542~NM1*82*1*SEARLES*DENISE*A***XX*1396971230~REF*EA*8F869A66738D4A7D8EB688571E883B25~DTM*232*20200227~DTM*233*20200227~SVC*HC:99214*134*97.11**1~DTM*472*20200227~CAS*CO*45*36.89~REF*6R*CP66H11NG5CD~AMT*B6*97.11~LQ*HE*N77~LQ*HE*N381~CLP*000100031138*1*134*97.11**MC*2020083045219~NM1*QC*1*SAMSON*CARA*M***MR*Y649542~NM1*82*1*SEARLES*DENISE*A***XX*1396971230~REF*EA*48B5CB0A828742D397EBE997EB6C15AD~DTM*232*20200306~DTM*233*20200306~SVC*HC:99214*134*97.11**1~DTM*472*20200306~CAS*CO*45*36.89~REF*6R*CP660R1WCTL4~AMT*B6*97.11~LQ*HE*N77~LQ*HE*N381~CLP*000100031080*1*134*97.11**MC*2020084047457~NM1*QC*1*SANCHEZ*AMBER****MR*J869881~NM1*82*1*GRONEMEYER*LEANNE*R***XX*1659521045~REF*EA*1543C5B20AD64581BB214571813CBA47~DTM*232*20200305~DTM*233*20200305~SVC*HC:99214*134*97.11**1~DTM*472*20200305~CAS*CO*45*36.89~REF*6R*CP6YZH1JTWGL~AMT*B6*97.11~LQ*HE*N381~CLP*000100031194*1*134*97.11**MC*2020084047456~NM1*QC*1*SAN JUAN*NAVEYAH*R***MR*G628471~NM1*74*1*SANJUAN~NM1*82*1*GRONEMEYER*LEANNE*R***XX*1659521045~REF*EA*06D8DA0C80314CEFA3E4BF97C29ADAFE~DTM*232*20200309~DTM*233*20200309~SVC*HC:99214*134*97.11**1~DTM*472*20200309~CAS*CO*45*36.89~REF*6R*CP6Y76FICG44~AMT*B6*97.11~LQ*HE*N381~CLP*000100031096*1*2163*1387.54**MC*2020083045203~NM1*QC*1*SAWYER*TOMMIE****MR*G887130~NM1*82*1*SEARLES*DENISE*A***XX*1396971230~REF*EA*3C6735D649D2455283F902844AF70799~DTM*232*20200306~DTM*233*20200306~SVC*HC:99204:25*205*149.59**1~DTM*472*20200306~CAS*CO*45*55.41~REF*6R*CP66EUBLRIW3~AMT*B6*149.59~LQ*HE*N77~LQ*HE*N381~SVC*HC:99415*45*7.11**1~DTM*472*20200306~CAS*CO*45*37.89~REF*6R*CP66NK8MNKWB~AMT*B6*7.11~LQ*HE*N77~LQ*HE*N381~SVC*HC:96372*32*0**0**1~DTM*472*20200306~CAS*CO*109*32~REF*6R*CP6612ZV1WF7~LQ*HE*N77~LQ*HE*N381~SVC*HC:J2315*1805*1189.4**380~DTM*472*20200306~CAS*CO*45*615.6~REF*6R*CP663SWLGSTV~AMT*B6*1189.4~LQ*HE*N77~LQ*HE*N381~SVC*HC:H0049*36*10.92**1~DTM*472*20200306~CAS*CO*45*25.08~REF*6R*CP66P84KIOHP~AMT*B6*10.92~LQ*HE*N77~LQ*HE*N381~SVC*HC:G8431*40*30.52**1~DTM*472*20200306~CAS*CO*45*9.48~REF*6R*CP66KU9ZMIL2~AMT*B6*30.52~LQ*HE*N77~LQ*HE*N381~CLP*000100031121*1*134*97.11**MC*2020084047446~NM1*QC*1*SCHRINER*JACOB*E***MR*Y893432~NM1*82*1*LUCAS*PEGGI*S***XX*1366419582~REF*EA*5DB19E05D48B4DB8A6D80541EE591273~DTM*232*20200306~DTM*233*20200306~SVC*HC:99214*134*97.11**1~DTM*472*20200306~CAS*CO*45*36.89~REF*6R*CP6YY4R64QRP~AMT*B6*97.11~LQ*HE*N381~CLP*000100031178*1*134*95.11*2*MC*2020083045210~NM1*QC*1*SCHUDAR*JOHN*R***MR*Y988342~NM1*82*1*LUCAS*PEGGI*S***XX*1366419582~REF*EA*F4144D3E205B4FE188BEAC5630EAED16~DTM*232*20200309~DTM*233*20200309~SVC*HC:99214*134*95.11**1~DTM*472*20200309~CAS*PR*3*2~CAS*CO*45*36.89~REF*6R*CP66S1AR5I1Y~AMT*B6*97.11~LQ*HE*N77~LQ*HE*N381~LQ*HE*N381~CLP*000100031294*1*211*87.05*2*MC*2020086048350~NM1*QC*1*SEVERSON*ETHAN****MR*W286313~NM1*82*1*SEARLES*DENISE*A***XX*1396971230~REF*EA*B05BFF802C2F471B986700DB46F8233F~DTM*232*20200310~DTM*233*20200310~SVC*HC:99202:25*135*65.13**1~DTM*472*20200310~CAS*PR*3*2~CAS*CO*45*67.87~REF*6R*CP6IE79ARRU7~AMT*B6*67.13~LQ*HE*N381~LQ*HE*N381~SVC*HC:H0049*36*10.92**1~DTM*472*20200310~CAS*CO*45*25.08~REF*6R*CP6I39NCUNWA~AMT*B6*10.92~LQ*HE*N381~SVC*HC:G8510*40*11**1~DTM*472*20200310~CAS*CO*45*29~REF*6R*CP6IJG40LFI3~AMT*B6*11~LQ*HE*N381~CLP*000100031394*1*90*63.81*2*MC*2020086048405~NM1*QC*1*SMITH*DEBRA*J***MR*Y853821~NM1*82*1*CADDALI*ESTRELLA*A***XX*1164974580~REF*EA*100ECF35782A4A7DA377AC67887EA4F4~DTM*232*20200312~DTM*233*20200312~SVC*HC:99213*90*63.81**1~DTM*472*20200312~CAS*PR*3*2~CAS*CO*45*24.19~REF*6R*CP6ISG6LVOJS~AMT*B6*65.81~LQ*HE*N381~LQ*HE*N381~CLP*000100030995*1*105*74.23**MC*2020083045220~NM1*QC*1*SOSA*KENDRA*E***MR*R268169~NM1*82*1*ROBERTS*BRAD*A***XX*1538435698~REF*EA*8B74A8E1226444669FF82637BABB6CB9~DTM*232*20200305~DTM*233*20200305~SVC*HC:99213:25*90*65.81**1~DTM*472*20200305~CAS*CO*45*24.19~REF*6R*CP66N2M6Y2B1~AMT*B6*65.81~LQ*HE*N77~LQ*HE*N381~SVC*HC:81025*15*8.42**1~DTM*472*20200305~CAS*CO*45*6.58~REF*6R*CP665TAVPIX7~AMT*B6*8.42~LQ*HE*N77~LQ*HE*N381~CLP*000100031459*1*134*97.11**MC*2020086048386~NM1*QC*1*STELLE*NANCY*B***MR*E258967~NM1*82*1*GRONEMEYER*LEANNE*R***XX*1659521045~REF*EA*B811A3F323A04E4F9411F1BF8B2EB7CD~DTM*232*20200312~DTM*233*20200312~SVC*HC:99214*134*97.11**1~DTM*472*20200312~CAS*CO*45*36.89~REF*6R*CP6I1R5TMTW7~AMT*B6*97.11~LQ*HE*N381~CLP*000100031454*1*134*97.11**MC*2020086048590~NM1*QC*1*STRAIT*LORRAINE*A***MR*Y360507~NM1*82*1*GRONEMEYER*LEANNE*R***XX*1659521045~REF*EA*93B966F5654340D591C0657FF043EB9B~DTM*232*20200312~DTM*233*20200312~SVC*HC:99214*134*97.11**1~DTM*472*20200312~CAS*CO*45*36.89~REF*6R*CP6IMW809D70~AMT*B6*97.11~LQ*HE*N381~CLP*000100031250*1*1957.99*1722.79**MC*2020083045202~NM1*QC*1*TABARES*ANGELA****MR*V900344~NM1*82*1*HOOSHMAND-PARSI*KAYHOSROW****XX*1447291851~REF*EA*73180EEE19024D9BBABCDE3BA312030F~DTM*232*20200310~DTM*233*20200310~SVC*HC:99214:25*134*97.11**1~DTM*472*20200310~CAS*CO*45*36.89~REF*6R*CP66WHMVJPT2~AMT*B6*97.11~LQ*HE*N77~LQ*HE*N381~SVC*HC:96372*83.99*0**0**1~DTM*472*20200310~CAS*CO*109*83.99~REF*6R*CP66RE7M7SZ2~LQ*HE*N77~LQ*HE*N381~SVC*HC:Q9992*1725*1617.26**1~DTM*472*20200310~CAS*CO*45*107.74~REF*6R*CP66RAW7PTI1~AMT*B6*1617.26~LQ*HE*N77~LQ*HE*N381~SVC*HC:81025*15*8.42**1~DTM*472*20200310~CAS*CO*45*6.58~REF*6R*CP66KCJSYX9Q~AMT*B6*8.42~LQ*HE*N77~LQ*HE*N381~CLP*000100030052*1*134*97.11**MC*2020086048497~NM1*QC*1*TANKSLEY*DAYSHA*A***MR*O203621~NM1*82*1*LUCAS*PEGGI*S***XX*1366419582~REF*EA*0A1F3945727343D69ED6516AD3323150~DTM*232*20200218~DTM*233*20200218~SVC*HC:99214:25*134*97.11**1~DTM*472*20200218~CAS*CO*45*36.89~REF*6R*CP6IEY5TRT5H~AMT*B6*97.11~LQ*HE*N77~LQ*HE*N381~CLP*000100031471*1*134*97.11**MC*2020086048562~NM1*QC*1*THOMPSON*LINDA*M***MR*E133889~NM1*82*1*LUCAS*PEGGI*S***XX*1366419582~REF*EA*545851D5D48B452BBE0265F8B3CA8527~DTM*232*20200313~DTM*233*20200313~SVC*HC:99214*134*97.11**1~DTM*472*20200313~CAS*CO*45*36.89~REF*6R*CP6IVSOWG3KB~AMT*B6*97.11~LQ*HE*N381~CLP*000100031326*1*90*65.81**MC*2020084047452~NM1*QC*1*TRUJILLO*RICHARD*P***MR*G844415~NM1*82*1*HOOSHMAND-PARSI*KAYHOSROW****XX*1447291851~REF*EA*DB13255312A149E79AB311E41A8E2B2E~DTM*232*20200311~DTM*233*20200311~SVC*HC:99213*90*65.81**1~DTM*472*20200311~CAS*CO*45*24.19~REF*6R*CP6YAQ2WLP7F~AMT*B6*65.81~LQ*HE*N381~CLP*000100031223*1*204*138.31**MC*2020084047447~NM1*QC*1*TRUJILLO*ROBERT****MR*V041545~NM1*82*1*GRONEMEYER*LEANNE*R***XX*1659521045~REF*EA*BBE2488A660F472AB86907DF0E4E5A66~DTM*232*20200309~DTM*233*20200309~SVC*HC:99214:25*134*97.11**1~DTM*472*20200309~CAS*CO*45*36.89~REF*6R*CP6YIAWOQV3Y~AMT*B6*97.11~LQ*HE*N381~SVC*HC:90471*35*19.46**1~DTM*472*20200309~CAS*CO*45*15.54~REF*6R*CP6Y8PPJ283D~AMT*B6*19.46~LQ*HE*N381~SVC*HC:90674*35*21.74**1~DTM*472*20200309~CAS*CO*45*13.26~REF*6R*CP6Y7AI5YYNH~AMT*B6*21.74~LQ*HE*N381~CLP*000100031070*1*134*97.11**MC*2020083045224~NM1*QC*1*VALDEZ*MICHAEL****MR*S188705~NM1*82*1*SEARLES*DENISE*A***XX*1396971230~REF*EA*DAD6B288D6E14B699F519AB4D76B7631~DTM*232*20200305~DTM*233*20200305~SVC*HC:99214*134*97.11**1~DTM*472*20200305~CAS*CO*45*36.89~REF*6R*CP66P2KGMFUZ~AMT*B6*97.11~LQ*HE*N77~LQ*HE*N381~CLP*000100029062*1*134*97.11**MC*2020084047451~NM1*QC*1*VALLES*SANDRA****MR*K193489~NM1*82*1*LUCAS*PEGGI*S***XX*1366419582~REF*EA*D1B7EBD9DB4342FB943E99844E1A1A5F~DTM*232*20200129~DTM*233*20200129~SVC*HC:99214*134*97.11**1~DTM*472*20200129~CAS*CO*45*36.89~REF*6R*CP6YC2B5CYGR~AMT*B6*97.11~LQ*HE*N381~CLP*000100031361*1*90*65.81**MC*2020086048487~NM1*QC*1*VELIZ*VENESSA*M***MR*M617287~NM1*82*1*CADDALI*ESTRELLA*A***XX*1164974580~REF*EA*A440286E84C74BB189FF563D7D1A1EAF~DTM*232*20200311~DTM*233*20200311~SVC*HC:99213*90*65.81**1~DTM*472*20200311~CAS*CO*45*24.19~REF*6R*CP6I2XF568KS~AMT*B6*65.81~LQ*HE*N381~CLP*000100031360*1*221*117.35*2*MC*2020086048569~NM1*QC*1*VILLEDA*JESSICA*I***MR*M729827~NM1*82*1*CADDALI*ESTRELLA*A***XX*1164974580~REF*EA*529F8D9EF7DE48A0A76298B6A74F1EC4~DTM*232*20200311~DTM*233*20200311~SVC*HC:99203:25*145*95.43**1~DTM*472*20200311~CAS*PR*3*2~CAS*CO*45*47.57~REF*6R*CP6IDGEIVTMB~AMT*B6*97.43~LQ*HE*N381~LQ*HE*N381~SVC*HC:H0049*36*10.92**1~DTM*472*20200311~CAS*CO*45*25.08~REF*6R*CP6IHF3TCME4~AMT*B6*10.92~LQ*HE*N381~SVC*HC:G8510*40*11**1~DTM*472*20200311~CAS*CO*45*29~REF*6R*CP6I5J6B2TQW~AMT*B6*11~LQ*HE*N381~CLP*000100031432*1*281*170.01**MC*2020086048358~NM1*QC*1*WALKER*CHANTEL*R***MR*P824583~NM1*82*1*CADDALI*ESTRELLA*A***XX*1164974580~REF*EA*09B4C2E8BDBC426EA9810775CF3AECF5~DTM*232*20200312~DTM*233*20200312~SVC*HC:99203:25*145*97.43**1~DTM*472*20200312~CAS*CO*45*47.57~REF*6R*CP6IJYPLQ6LZ~AMT*B6*97.43~LQ*HE*N381~SVC*HC:69200:RT*45*28.09**1~DTM*472*20200312~CAS*CO*45*16.91~REF*6R*CP6I62BF6I6N~AMT*B6*28.09~LQ*HE*N381~LQ*HE*N381~SVC*HC:H0049*36*10.92**1~DTM*472*20200312~CAS*CO*45*25.08~REF*6R*CP6I0B6B3BTZ~AMT*B6*10.92~LQ*HE*N381~SVC*HC:G8431*40*30.52**1~DTM*472*20200312~CAS*CO*45*9.48~REF*6R*CP6IXTLWKYH3~AMT*B6*30.52~LQ*HE*N381~SVC*HC:99000*15*3.05**1~DTM*472*20200312~CAS*CO*45*11.95~REF*6R*CP6I6NNZYQ1C~AMT*B6*3.05~LQ*HE*N381~CLP*000100031154*1*134*97.11**MC*2020084047445~NM1*QC*1*WHEELES*LAURA*C***MR*O960997~NM1*82*1*GRONEMEYER*LEANNE*R***XX*1659521045~REF*EA*B2DB4D6C83BC4A8A9DE6A57AE262B445~DTM*232*20200309~DTM*233*20200309~SVC*HC:99214*134*97.11**1~DTM*472*20200309~CAS*CO*45*36.89~REF*6R*CP6Y57KYFQHK~AMT*B6*97.11~LQ*HE*N381~CLP*000100030822*1*90*63.81*2*MC*2020083045225~NM1*QC*1*WILLIS*DIANE****MR*D774337~NM1*82*1*HOOSHMAND-PARSI*KAYHOSROW****XX*1447291851~REF*EA*7C94C12C6E484E778BB97CD6E0EBE41F~DTM*232*20200303~DTM*233*20200303~SVC*HC:99213*90*63.81**1~DTM*472*20200303~CAS*PR*3*2~CAS*CO*45*24.19~REF*6R*CP66JH1GQV26~AMT*B6*65.81~LQ*HE*N77~LQ*HE*N381~LQ*HE*N381~CLP*000100031293*1*90*63.81*2*MC*2020084047436~NM1*QC*1*WILLIS*DIANE****MR*D774337~NM1*82*1*HOOSHMAND-PARSI*KAYHOSROW****XX*1447291851~REF*EA*511DCA9FF35E4FC0A0553D4806EFBDF7~DTM*232*20200310~DTM*233*20200310~SVC*HC:99213*90*63.81**1~DTM*472*20200310~CAS*PR*3*2~CAS*CO*45*24.19~REF*6R*CP6Y4Y1H4CAM~AMT*B6*65.81~LQ*HE*N77~LQ*HE*N381~LQ*HE*N381~CLP*000100031196*1*134*95.11*2*MC*2020084047437~NM1*QC*1*WILLIS*DIANE****MR*D774337~NM1*82*1*GRONEMEYER*LEANNE*R***XX*1659521045~REF*EA*E4F7865F5DB348B390F9BB0537D27886~DTM*232*20200309~DTM*233*20200309~SVC*HC:99214*134*95.11**1~DTM*472*20200309~CAS*PR*3*2~CAS*CO*45*36.89~REF*6R*CP6YUAZPDCZA~AMT*B6*97.11~LQ*HE*N381~LQ*HE*N381~CLP*000100031263*1*80*71.25**MC*2020084047438~NM1*QC*1*WILLIS*DIANE****MR*D774337~NM1*82*1*LEWIS*HOLLY*G***XX*1295234128~REF*EA*9DE178E568FF42FA84AEF3E92FF38FE2~DTM*232*20200310~DTM*233*20200310~SVC*HC:90834*80*71.25**1~DTM*472*20200310~CAS*CO*45*8.75~REF*6R*CP6Y4M1SKRZJ~AMT*B6*71.25~LQ*HE*N77~LQ*HE*N381~CLP*000100031196*1*70*40.2*1*MC*2020086048521~NM1*QC*1*WILLIS*DIANE****MR*D774337~NM1*82*1*GRONEMEYER*LEANNE*R***XX*1659521045~REF*EA*6DCF563BDD664B14B4A1DCD0B31614C6~DTM*232*20200309~DTM*233*20200309~SVC*HC:90471*35*19.46**1~DTM*472*20200309~CAS*CO*45*15.54~REF*6R*CP6IEHW5JGMB~AMT*B6*19.46~LQ*HE*N381~SVC*HC:90674*35*20.74**1~DTM*472*20200309~CAS*PR*3*1~CAS*CO*45*13.26~REF*6R*CP6I80FU3UOV~AMT*B6*21.74~LQ*HE*N381~LQ*HE*N381~CLP*000100031211*1*149*105.53**MC*2020084047448~NM1*QC*1*WINEGARD*ERIN*E***MR*U514872~NM1*82*1*LUCAS*PEGGI*S***XX*1366419582~REF*EA*B57168101F2E44ABA9487ACCE833AF9E~DTM*232*20200309~DTM*233*20200309~SVC*HC:99214:25*134*97.11**1~DTM*472*20200309~CAS*CO*45*36.89~REF*6R*CP6YU2YRI5WD~AMT*B6*97.11~LQ*HE*N77~LQ*HE*N381~SVC*HC:81025*15*8.42**1~DTM*472*20200309~CAS*CO*45*6.58~REF*6R*CP6YCGCQME0H~AMT*B6*8.42~LQ*HE*N77~LQ*HE*N381~CLP*000100031280*1*134*97.11**MC*2020084047449~NM1*QC*1*WINEGARD*ERIN*E***MR*U514872~NM1*82*1*LUCAS*PEGGI*S***XX*1366419582~REF*EA*164CCA0E5E3144A08A4D9CE7D621AFF9~DTM*232*20200310~DTM*233*20200310~SVC*HC:99214*134*97.11**1~DTM*472*20200310~CAS*CO*45*36.89~REF*6R*CP6YO75TBF19~AMT*B6*97.11~LQ*HE*N381~CLP*000100031356*1*90*65.81**MC*2020084047458~NM1*QC*1*WYATT*NADINE*D***MR*O816818~NM1*82*1*CADDALI*ESTRELLA*A***XX*1164974580~REF*EA*568DF678572B4BA993DACE3E760AA139~DTM*232*20200311~DTM*233*20200311~SVC*HC:99213*90*65.81**1~DTM*472*20200311~CAS*CO*45*24.19~REF*6R*CP6YDCOXOUGD~AMT*B6*65.81~LQ*HE*N381~CLP*000100031038*1*105*74.23**MC*2020083045240~NM1*QC*1*YENGICH*CARA*A***MR*O767371~NM1*82*1*ROBERTS*BRAD*A***XX*1538435698~REF*EA*FB47B2861EAC48CC96FA86568265B009~DTM*232*20200305~DTM*233*20200305~SVC*HC:99213:25*90*65.81**1~DTM*472*20200305~CAS*CO*45*24.19~REF*6R*CP66D2XDFU0V~AMT*B6*65.81~LQ*HE*N77~LQ*HE*N381~SVC*HC:81025*15*8.42**1~DTM*472*20200305~CAS*CO*45*6.58~REF*6R*CP66VJFNDHHP~AMT*B6*8.42~LQ*HE*N77~LQ*HE*N381~CLP*000100030785*4*88.54*0**MC*2020083045216~NM1*QC*1*BOISVERT*ORIEN*K***MR*O244414~NM1*82*2*HEALTH SOLUTIONS*****XX*1033165527~REF*EA*F3A5E6FB43E843B6AA4E95D1E8BE3F8D~DTM*232*20200302~DTM*233*20200302~SVC*HC:H0002*88.54*0**0**1~DTM*472*20200302~CAS*PI*185*88.54~REF*6R*CP66SGTPO9RL~LQ*HE*N77~LQ*HE*N290~LQ*HE*N198~CLP*000100030590*4*88.54*0**MC*2020083045231~NM1*QC*1*CARBAJAL*MELISSA****MR*A287390~NM1*82*2*HEALTH SOLUTIONS*****XX*1033165527~REF*EA*20054B1CA65E429791462DB5F3ACF2DA~DTM*232*20200226~DTM*233*20200226~SVC*HC:H0002*88.54*0**0**1~DTM*472*20200226~CAS*PI*185*88.54~REF*6R*CP665INSQRGE~LQ*HE*N77~LQ*HE*N290~LQ*HE*N198~CLP*000100030589*4*88.54*0**MC*2020083045239~NM1*QC*1*FAINE*JOSHUA*D***MR*P867816~NM1*82*2*HEALTH SOLUTIONS*****XX*1033165527~REF*EA*4974D8690BC6434B88CE0133D8B626C7~DTM*232*20200226~DTM*233*20200226~SVC*HC:H0002*88.54*0**0**1~DTM*472*20200226~CAS*PI*185*88.54~REF*6R*CP6664VYFXLS~LQ*HE*N77~LQ*HE*N290~LQ*HE*N198~CLP*000100030666*4*88.54*0**MC*2020083045208~NM1*QC*1*FLORES*AMBER****MR*S559509~NM1*82*2*HEALTH SOLUTIONS*****XX*1033165527~REF*EA*DE16F60BFD474088B57813E525268371~DTM*232*20200227~DTM*233*20200227~SVC*HC:H0002*88.54*0**0**1~DTM*472*20200227~CAS*PI*185*88.54~REF*6R*CP66SJG3CDWL~LQ*HE*N77~LQ*HE*N290~LQ*HE*N198~CLP*000100030667*4*88.54*0**MC*2020083045200~NM1*QC*1*FLORES*KEITH*L***MR*W751068~NM1*82*2*HEALTH SOLUTIONS*****XX*1033165527~REF*EA*50E49320F89B41818C0D66D67C703D72~DTM*232*20200227~DTM*233*20200227~SVC*HC:H0002*88.54*0**0**1~DTM*472*20200227~CAS*PI*185*88.54~REF*6R*CP66A9B78M32~LQ*HE*N77~LQ*HE*N290~LQ*HE*N198~CLP*000100030999*4*88.54*0**MC*2020083045212~NM1*QC*1*GOGARTY*NATASHA*B***MR*V071476~NM1*82*1*SANCHEZ*LEANN*V***XX*1508990961~REF*EA*DABF5180617948C6A72721B77FBFF8ED~DTM*232*20200305~DTM*233*20200305~SVC*HC:H0002*88.54*0**0**1~DTM*472*20200305~CAS*PI*16*88.54~REF*6R*CP66989R44NS~LQ*HE*N77~LQ*HE*MA70~CLP*000100030784*4*88.54*0**MC*2020083045222~NM1*QC*1*GUERRA-DELACRUZ MARTINEZ*HERLINDA*M***MR*R965343~NM1*74*1*GUERRADELACRUZ~NM1*82*2*HEALTH SOLUTIONS*****XX*1033165527~REF*EA*F6B19CD5B628406FB46045B14F86BBA6~DTM*232*20200302~DTM*233*20200302~SVC*HC:H0002*88.54*0**0**1~DTM*472*20200302~CAS*PI*185*88.54~REF*6R*CP66G9AVQ7AJ~LQ*HE*N77~LQ*HE*N290~LQ*HE*N198~CLP*000100030465*4*86.08*0**MC*2020083045236~NM1*QC*1*HELVEY*RYAN*J***MR*N690416~NM1*82*2*HEALTH SOLUTIONS*****XX*1033165527~REF*EA*99893CADB54945B792D104DB8645B18F~DTM*232*20200225~DTM*233*20200225~SVC*HC:H0032*86.08*0**0**1~DTM*472*20200225~CAS*PI*185*86.08~REF*6R*CP66ITQXC3ZY~LQ*HE*N77~LQ*HE*N290~LQ*HE*N198~CLP*000100031124*4*149*0**MC*2020084047418~NM1*QC*1*MITCHELL*JORDAN*K***MR*P498565~NM1*82*1*SEARLES*DENISE*A***XX*1396971230~REF*EA*4D88B528806B49DF8D62E9D083C86172~DTM*232*20200306~DTM*233*20200306~DTM*036*20200229~SVC*HC:99214:25*134*0**0**1~DTM*472*20200306~CAS*CO*26*134~REF*6R*CP6Y15PPPXKY~LQ*HE*N77~LQ*HE*N30~SVC*HC:81025*15*0**0**1~DTM*472*20200306~CAS*CO*26*15~REF*6R*CP6YVKUYKWR5~LQ*HE*N77~LQ*HE*N30~CLP*000100031312*4*134*0**MC*2020084047461~NM1*QC*1*RAEL*JODI****MR*B166494~NM1*82*1*CADDALI*ESTRELLA*A***XX*1164974580~REF*EA*1C9F1120640E4B01A8BDBC144491ECF6~DTM*232*20200311~DTM*233*20200311~SVC*HC:99214*134*0**0**1~DTM*472*20200311~CAS*PI*16*134~REF*6R*CP6YXD6CVSNO~LQ*HE*MA64~LQ*HE*MA64~LQ*HE*N56~CLP*000100030910*4*88.54*0**MC*2020083045204~NM1*QC*1*SAWYER*TOMMIE****MR*G887130~NM1*82*2*HEALTH SOLUTIONS*****XX*1033165527~REF*EA*7192F96C03B044869F8724893290AF51~DTM*232*20200304~DTM*233*20200304~SVC*HC:H0002*88.54*0**0**1~DTM*472*20200304~CAS*PI*185*88.54~REF*6R*CP66YN372X3Z~LQ*HE*N77~LQ*HE*N290~LQ*HE*N198~CLP*000100030052*4*134*0**MC*2020086048507~NM1*QC*1*TANKSLEY*DAYSHA*A***MR*O203621~NM1*82*1*LUCAS*PEGGI*S***XX*1366419582~REF*EA*E11D2B2A3A73497B99EDC0FB617E7B15~DTM*232*20200218~DTM*233*20200218~SVC*HC:99214:25*134*0**0**1~DTM*472*20200218~CAS*PI*16*134~REF*6R*CP6Q0M9MSZQG~LQ*HE*N77~LQ*HE*N56~LQ*HE*N381~CLP*000100031457*4*134*0**MC*2020086048460~NM1*QC*1*THOMAS*SIDNEY*J***MR*B976371~NM1*82*1*HOOSHMAND-PARSI*KAYHOSROW****XX*1447291851~REF*EA*16BA3E2A26074EEABB3BB1E88D1968C3~DTM*232*20200312~DTM*233*20200312~SVC*HC:99214*134*0**0**1~DTM*472*20200312~CAS*PI*96*134~REF*6R*CP6IVTX7P5ZM~LQ*HE*N30~LQ*HE*MA92~CLP*000100029874*4*120*0**MC*2020083045226~NM1*QC*1*WILLIS*DIANE****MR*D774337~NM1*82*1*SANCHEZ*LEANN*V***XX*1508990961~REF*EA*EDDEE6E63DCC4F83B1263C413F012E37~DTM*232*20200213~DTM*233*20200213~SVC*HC:90791:HE*120*0**0**1~DTM*472*20200213~CAS*PI*16*120~REF*6R*CP667JALGVZS~LQ*HE*N77~LQ*HE*MA70~CLP*000100030397*22*-1971*-1286.51**MC*2020069057246~NM1*QC*1*GOIN*JOSHUA****MR*G127292~NM1*82*1*LUCAS*PEGGI*S***XX*1366419582~REF*EA*DD28FA1FAF10417EBD5F8629E4663DD2~DTM*232*20200224~DTM*233*20200224~SVC*HC:99214:25*-134*-97.11**1~DTM*472*20200224~CAS*CO*45*-36.89~REF*6R*CP4USW4ZY1Q0~AMT*B6*97.11~LQ*HE*N77~LQ*HE*N381~SVC*HC:96372*-32*0**0**1~DTM*472*20200224~CAS*CO*109*-32~REF*6R*CP4U0IWEQ6SU~LQ*HE*N77~LQ*HE*N381~SVC*HC:J2315*-1805*-1189.4**380~DTM*472*20200224~CAS*CO*45*-615.6~REF*6R*CP4UCF3PBFNN~AMT*B6*1189.4~LQ*HE*N77~LQ*HE*N381~CLP*000100030397*1*1971*1302.18**MC*5220086002269~NM1*QC*1*GOIN*JOSHUA****MR*G127292~NM1*82*1*LUCAS*PEGGI*S***XX*1366419582~REF*EA*DD28FA1FAF10417EBD5F8629E4663DD2~DTM*232*20200224~DTM*233*20200224~SVC*HC:99214:25*134*97.11**1~DTM*472*20200224~CAS*CO*45*36.89~REF*6R*CP4USW4ZY1Q0~AMT*B6*97.11~LQ*HE*N77~LQ*HE*N381~SVC*HC:96372*32*15.67**1~DTM*472*20200224~CAS*CO*45*16.33~REF*6R*CP4U0IWEQ6SU~AMT*B6*15.67~LQ*HE*N77~LQ*HE*N381~SVC*HC:J2315*1805*1189.4**380~DTM*472*20200224~CAS*CO*45*615.6~REF*6R*CP4UCF3PBFNN~AMT*B6*1189.4~LQ*HE*N77~LQ*HE*N381~CLP*000100030026*22*-176*-97.11**MC*2020073041113~NM1*QC*1*SIERRA*LISA*G***MR*J386597~NM1*82*1*LUCAS*PEGGI*S***XX*1366419582~REF*EA*F8BF6974C77E46B78074372A51E92D0B~DTM*232*20200218~DTM*233*20200218~SVC*HC:99214:25*-134*-97.11**1~DTM*472*20200218~CAS*CO*45*-36.89~REF*6R*CP56MUZDB3D3~AMT*B6*97.11~LQ*HE*N381~SVC*HC:96372*-32*0**0**1~DTM*472*20200218~CAS*CO*109*-32~REF*6R*CP56HU81UUHV~LQ*HE*N381~SVC*HC:J1885*-10*0**0**4~DTM*472*20200218~CAS*PI*16*-10~REF*6R*CP56ZQDAAJQR~LQ*HE*M119~LQ*HE*N381~CLP*000100030026*1*176*112.78**MC*5220086002988~NM1*QC*1*SIERRA*LISA*G***MR*J386597~NM1*82*1*LUCAS*PEGGI*S***XX*1366419582~REF*EA*F8BF6974C77E46B78074372A51E92D0B~DTM*232*20200218~DTM*233*20200218~SVC*HC:99214:25*134*97.11**1~DTM*472*20200218~CAS*CO*45*36.89~REF*6R*CP56MUZDB3D3~AMT*B6*97.11~LQ*HE*N381~SVC*HC:96372*32*15.67**1~DTM*472*20200218~CAS*CO*45*16.33~REF*6R*CP56HU81UUHV~AMT*B6*15.67~LQ*HE*N381~SVC*HC:J1885*10*0**0**4~DTM*472*20200218~CAS*PI*16*10~REF*6R*CP56ZQDAAJQR~LQ*HE*M119~LQ*HE*N381~CLP*000100030241*22*-316*-128.07**MC*2020073041076~NM1*QC*1*TAYLOR*JASMINE*A***MR*P163937~NM1*82*1*GRONEMEYER*LEANNE*R***XX*1659521045~REF*EA*A0FED1DEF01D43049696A5BF0B73554A~DTM*232*20200220~DTM*233*20200220~SVC*HC:99214:25:FP*-134*-119.65**1~DTM*472*20200220~CAS*CO*45*-14.35~REF*6R*CP56CIPVNFHO~AMT*B6*119.65~LQ*HE*N381~SVC*HC:96372:FP*-32*0**0**1~DTM*472*20200220~CAS*CO*109*-32~REF*6R*CP56H1L9D8O8~LQ*HE*N381~SVC*HC:J1050:FP*-135*0**0**150~DTM*472*20200220~CAS*PI*16*-135~REF*6R*CP564R9VLJOX~LQ*HE*M119~LQ*HE*N381~SVC*HC:81025:FP*-15*-8.42**1~DTM*472*20200220~CAS*CO*45*-6.58~REF*6R*CP56IF3WG9JQ~AMT*B6*8.42~LQ*HE*N381~CLP*000100030241*1*316*143.74**MC*5220086002987~NM1*QC*1*TAYLOR*JASMINE*A***MR*P163937~NM1*82*1*GRONEMEYER*LEANNE*R***XX*1659521045~REF*EA*A0FED1DEF01D43049696A5BF0B73554A~DTM*232*20200220~DTM*233*20200220~SVC*HC:99214:25:FP*134*119.65**1~DTM*472*20200220~CAS*CO*45*14.35~REF*6R*CP56CIPVNFHO~AMT*B6*119.65~LQ*HE*N381~SVC*HC:96372:FP*32*15.67**1~DTM*472*20200220~CAS*CO*45*16.33~REF*6R*CP56H1L9D8O8~AMT*B6*15.67~LQ*HE*N381~SVC*HC:J1050:FP*135*0**0**150~DTM*472*20200220~CAS*PI*16*135~REF*6R*CP564R9VLJOX~LQ*HE*M119~LQ*HE*N381~SVC*HC:81025:FP*15*8.42**1~DTM*472*20200220~CAS*CO*45*6.58~REF*6R*CP56IF3WG9JQ~AMT*B6*8.42~LQ*HE*N381~PLB*1508250911*20201231*CS:0000375402992*-1286.51*CS:0000375402992*1286.51*CS:0000375403972*-128.07*CS:0000375403972*128.07*CS:0000375403981*-97.11*CS:0000375403981*97.11~SE*2489*000010012~GE*1*100000909~IEA*1*100000909~