ISA*00*          *00*          *ZZ*COMEDASSISTPROG*ZZ*6769489        *200608*0228*^*00501*100019145*0*P*:~GS*HP*COMEDASSISTPROG*6769489*20200608*022838*100019145*X*005010X221A1~ST*835*000010012~BPR*I*8125.9*C*ACH*CCP*01*075911603*DA*00000004556640373*1811725341**01*102106569*DA*2200002989138*20200608~TRN*1*000997029*1811725341~REF*EV*1508250911~DTM*405*20200605~N1*PR*CO_TXIX*XV*7912900843~N3*P.O. BOX 30~N4*DENVER*CO*80201~PER*CX*MEDICAID PROVIDER SERVICES*TE*8442352387~PER*BL*MEDICAID PROVIDER SERVICES*TE*8442352387~N1*PE*HEALTH SOLUTIONS MED CENTER*XX*1508250911~REF*TJ*841158933~LX*1~CLP*21623*2*157*0**MC*2220157008204~NM1*QC*1*BILEK*CHRISTINA****MR*W046857~DTM*232*20190827~DTM*233*20190827~SVC*HC:99213:GS*90*0**1~DTM*472*20190827~CAS*CO*45*90~REF*HPI*1447291851~LQ*HE*N381~SVC*HC:96127*8*0**1~DTM*472*20190827~CAS*CO*45*3.76~CAS*OA*23*4.24~REF*HPI*1447291851~LQ*HE*N381~LQ*HE*N381~SVC*HC:99408*44*0**0**1~DTM*472*20190827~CAS*PI*96*44~REF*HPI*1447291851~LQ*HE*N30~LQ*HE*N30~LQ*HE*N381~LQ*HE*N381~SVC*HC:81025*15*0**1~DTM*472*20190827~CAS*CO*45*15~REF*HPI*1447291851~LQ*HE*N381~CLP*23299*2*265*54.88**MC*2220157010874~NM1*QC*1*DAVID*CASSANDRA*M***MR*R733683~DTM*232*20191007~DTM*233*20191007~SVC*HC:99204:25*205*28.64**1~DTM*472*20191007~CAS*CO*45*176.36~REF*HPI*1366419582~AMT*B6*28.64~LQ*HE*N381~LQ*HE*N381~SVC*HC:G0444*20*20**1~DTM*472*20191007~REF*HPI*1366419582~AMT*B6*20~SVC*HC:G0396*40*6.24**1~DTM*472*20191007~CAS*OA*P22*33.76~REF*HPI*1366419582~AMT*B6*6.24~LQ*HE*MA125~CLP*000100034579*2*22*2.28**MC*2020155002910~NM1*QC*1*ZARATE*JOHN****MR*I805862~NM1*82*1*SEARLES*DENISE*A***XX*1396971230~REF*EA*7A613001F9E7462EB8DF4642375CF93B~DTM*232*20200512~DTM*233*20200512~SVC*HC:G2012*22*2.28**1~DTM*472*20200512~CAS*OA*P22*19.72~REF*6R*CPPQP3UUOI5W~AMT*B6*2.28~LQ*HE*MA125~LQ*HE*MA125~CLP*000100034107*2*22*2.28**MC*2020155002914~NM1*QC*1*ZARATE*JOHN****MR*I805862~NM1*82*1*SEARLES*DENISE*A***XX*1396971230~REF*EA*D54C6B19D4AE4FF782A508ACB62878B0~DTM*232*20200501~DTM*233*20200501~SVC*HC:G2012*22*2.28**1~DTM*472*20200501~CAS*OA*P22*19.72~REF*6R*CPPQFKP64HOO~AMT*B6*2.28~LQ*HE*MA125~LQ*HE*MA125~CLP*000100034479*2*22*2.28**MC*2020155002915~NM1*QC*1*ZARATE*JOHN****MR*I805862~NM1*82*1*SEARLES*DENISE*A***XX*1396971230~REF*EA*0370EBA626DF477FBB90274255474338~DTM*232*20200508~DTM*233*20200508~SVC*HC:G2012*22*2.28**1~DTM*472*20200508~CAS*OA*P22*19.72~REF*6R*CPPQCGOJ7W8L~AMT*B6*2.28~LQ*HE*MA125~LQ*HE*MA125~CLP*000100034897*1*893.24*169.51*2*MC*2020156070033~NM1*QC*1*ARCHULETA*JACOB****MR*Q078064~NM1*82*1*HOOSHMAND-PARSI*KAYHOSROW****XX*1447291851~REF*EA*4A43732EB09B4C48A219E1EEBB73739B~DTM*232*20200518~DTM*233*20200518~SVC*HC:99204:25*450.07*147.59**1~DTM*472*20200518~CAS*PR*3*2~CAS*CO*45*300.48~REF*6R*CPYYALNLPSN0~AMT*B6*149.59~LQ*HE*N381~LQ*HE*N381~SVC*HC:H0049*403.17*10.92**1~DTM*472*20200518~CAS*CO*45*392.25~REF*6R*CPYYHF520I4M~AMT*B6*10.92~LQ*HE*N381~SVC*HC:G8510*40*11**1~DTM*472*20200518~CAS*CO*45*29~REF*6R*CPYYBI01Y8LE~AMT*B6*11~LQ*HE*N381~CLP*000100034987*1*178.3*63.81*2*MC*2020156070167~NM1*QC*1*AVILA*SHANNA****MR*K598901~NM1*82*1*GRONEMEYER*LEANNE*R***XX*1659521045~REF*EA*F27655D97A9742178EF49324D70E3C3B~DTM*232*20200519~DTM*233*20200519~SVC*HC:99213:25*178.3*63.81**1~DTM*472*20200519~CAS*PR*3*2~CAS*CO*45*112.49~REF*6R*CPYY3QPOEM7D~AMT*B6*65.81~LQ*HE*N381~LQ*HE*N381~CLP*000100034987*1*15*7.42*1*MC*2020156070170~NM1*QC*1*AVILA*SHANNA****MR*K598901~NM1*82*1*GRONEMEYER*LEANNE*R***XX*1659521045~REF*EA*8B7AE01C6EDB4B7F855901DE80B8A86E~DTM*232*20200519~DTM*233*20200519~SVC*HC:81025*15*7.42**1~DTM*472*20200519~CAS*PR*3*1~CAS*CO*45*6.58~REF*6R*CPYYMVBCTY3Y~AMT*B6*8.42~LQ*HE*N381~LQ*HE*N381~CLP*000100035230*1*897.24*191.03**MC*2020156070082~NM1*QC*1*BALDERAS*SAMANTHA*J***MR*G790804~NM1*82*1*CADDALI*ESTRELLA*A***XX*1164974580~REF*EA*0C57A55B73E54E00BC966C56AE8FDAE7~DTM*232*20200526~DTM*233*20200526~SVC*HC:99204:25*450.07*149.59**1~DTM*472*20200526~CAS*CO*45*300.48~REF*6R*CPYYB14ETUGT~AMT*B6*149.59~LQ*HE*N381~SVC*HC:H0049*403.17*10.92**1~DTM*472*20200526~CAS*CO*45*392.25~REF*6R*CPYYN5UN92SY~AMT*B6*10.92~LQ*HE*N381~SVC*HC:G8431*40*30.52**1~DTM*472*20200526~CAS*CO*45*9.48~REF*6R*CPYYCERMRZNU~AMT*B6*30.52~LQ*HE*N381~SVC*HC:81002*4*0**0**1~DTM*472*20200526~CAS*PI*5*4~REF*6R*CPYY25L51ORH~LQ*HE*M77~CLP*000100034982*1*178.3*65.81**MC*2020156070050~NM1*QC*1*BOISVERT*ORIEN*K***MR*O244414~NM1*82*1*HOOSHMAND-PARSI*KAYHOSROW****XX*1447291851~REF*EA*50DC0D9A0A3A484B85DE48D5830F0798~DTM*232*20200519~DTM*233*20200519~SVC*HC:99213*178.3*65.81**1~DTM*472*20200519~CAS*CO*45*112.49~REF*6R*CPYY3GI6FM7U~AMT*B6*65.81~LQ*HE*N381~CLP*000100034185*1*178.3*65.81**MC*2020156070053~NM1*QC*1*BOISVERT*ORIEN*K***MR*O244414~NM1*82*1*HOOSHMAND-PARSI*KAYHOSROW****XX*1447291851~REF*EA*89A79CC59CC74E4C9BA5C1CBE623604E~DTM*232*20200505~DTM*233*20200505~SVC*HC:99213*178.3*65.81**1~DTM*472*20200505~CAS*CO*45*112.49~REF*6R*CPYYEM6XNVS2~AMT*B6*65.81~LQ*HE*N381~CLP*000100034601*1*178.3*81.55**MC*2020156070194~NM1*QC*1*COLEBURN*JENNIFER*M***MR*P379930~NM1*82*1*CADDALI*ESTRELLA*A***XX*1164974580~REF*EA*56DC2FC5729C4FEDAE99739B00025CB8~DTM*232*20200512~DTM*233*20200512~SVC*HC:99213:FP*178.3*81.55**1~DTM*472*20200512~CAS*CO*45*96.75~REF*6R*CPYYN6NPE9MS~AMT*B6*81.55~LQ*HE*N381~CLP*000100035270*1*178.3*65.81**MC*2020156070178~NM1*QC*1*COOK*DOUGLAS*J***MR*Y539973~NM1*82*1*CADDALI*ESTRELLA*A***XX*1164974580~REF*EA*7E9F56DBD567492F9C26C56AEE3E71FB~DTM*232*20200526~DTM*233*20200526~SVC*HC:99213*178.3*65.81**1~DTM*472*20200526~CAS*CO*45*112.49~REF*6R*CPYYD4MBDP5K~AMT*B6*65.81~LQ*HE*N381~CLP*33172*1*178.3*36.62*2*MC*2220157004892~NM1*QC*1*CORDOVA*WILLIAM*D***MR*G439008~DTM*232*20200414~DTM*233*20200414~SVC*HC:99213*178.3*36.62**1~DTM*472*20200414~CAS*PR*3*2~CAS*CO*45*112.49~CAS*OA*23*27.19~REF*HPI*1659521045~AMT*B6*65.81~LQ*HE*N381~LQ*HE*MA125~LQ*HE*N381~CLP*000100035465*1*272.99*97.11**MC*2020156069938~NM1*QC*1*DIMENT*LINDA****MR*D564001~NM1*82*1*CADDALI*ESTRELLA*A***XX*1164974580~REF*EA*76B6C286D5434E6D9AA7B338DF634A9F~DTM*232*20200529~DTM*233*20200529~SVC*HC:99214*272.99*97.11**1~DTM*472*20200529~CAS*CO*45*175.88~REF*6R*CPYYES7IP3QY~AMT*B6*97.11~LQ*HE*N381~CLP*000100034886*1*15*8.42**MC*2020156070157~NM1*QC*1*EARP*SAMANTHA*J***MR*G171512~NM1*82*1*HOOSHMAND-PARSI*KAYHOSROW****XX*1447291851~REF*EA*20F9A1D246AE4A0B953490656CBB8C13~DTM*232*20200518~DTM*233*20200518~SVC*HC:81025*15*8.42**1~DTM*472*20200518~CAS*CO*45*6.58~REF*6R*CPYYVK0LIX9F~AMT*B6*8.42~LQ*HE*N381~CLP*000100034886*1*178.3*65.81**MC*2020156070158~NM1*QC*1*EARP*SAMANTHA*J***MR*G171512~NM1*82*1*HOOSHMAND-PARSI*KAYHOSROW****XX*1447291851~REF*EA*88354018ED004E8F9D1DC139FF5CB78F~DTM*232*20200518~DTM*233*20200518~SVC*HC:99213:25*178.3*65.81**1~DTM*472*20200518~CAS*CO*45*112.49~REF*6R*CPYYAMA62CZ8~AMT*B6*65.81~LQ*HE*N381~CLP*000100034991*1*15*7.42*1*MC*2020156069966~NM1*QC*1*EHLERS*DESIREE*F***MR*P131523~NM1*82*1*HOOSHMAND-PARSI*KAYHOSROW****XX*1447291851~REF*EA*82406485BF7445DF8391B0671D5EC850~DTM*232*20200519~DTM*233*20200519~SVC*HC:81025*15*7.42**1~DTM*472*20200519~CAS*PR*3*1~CAS*CO*45*6.58~REF*6R*CPYYFINFH6MS~AMT*B6*8.42~LQ*HE*N381~LQ*HE*N381~CLP*000100034991*1*178.3*63.81*2*MC*2020156069973~NM1*QC*1*EHLERS*DESIREE*F***MR*P131523~NM1*82*1*HOOSHMAND-PARSI*KAYHOSROW****XX*1447291851~REF*EA*7DF2527393CB4684AC82F36B32492036~DTM*232*20200519~DTM*233*20200519~SVC*HC:99213:25*178.3*63.81**1~DTM*472*20200519~CAS*PR*3*2~CAS*CO*45*112.49~REF*6R*CPYYCHZJFRXT~AMT*B6*65.81~LQ*HE*N381~LQ*HE*N381~CLP*000100035364*1*178.3*65.81**MC*2020156070183~NM1*QC*1*FERNANDEZ*RICO*J***MR*P485087~NM1*82*1*CADDALI*ESTRELLA*A***XX*1164974580~REF*EA*1BDE75418FED4C3294575C2657120EB8~DTM*232*20200527~DTM*233*20200527~SVC*HC:99213*178.3*65.81**1~DTM*472*20200527~CAS*CO*45*112.49~REF*6R*CPYYJ6Z46VL8~AMT*B6*65.81~LQ*HE*N381~CLP*000100032554*1*217.66*55.35**MC*2020156069862~NM1*QC*1*FIORINI*CHRISTENA*E***MR*Y109693~NM1*82*1*SANCHEZ*LEANN*V***XX*1508990961~REF*EA*ECBDEC5AE7FA46368BBF6BA39C40E122~DTM*232*20200401~DTM*233*20200401~SVC*HC:90832*217.66*55.35**1~DTM*472*20200401~CAS*CO*45*162.31~REF*6R*CPYYF1Z1ZQD7~AMT*B6*55.35~LQ*HE*N381~CLP*000100033462*1*436.54*104.26**MC*2020156069882~NM1*QC*1*FIORINI*CHRISTENA*E***MR*Y109693~NM1*82*1*SANCHEZ*LEANN*V***XX*1508990961~REF*EA*98434E09B38F4B8686B7996F395F5D63~DTM*232*20200420~DTM*233*20200420~SVC*HC:90837*436.54*104.26**1~DTM*472*20200420~CAS*CO*45*332.28~REF*6R*CPYY2023VNEQ~AMT*B6*104.26~LQ*HE*N381~CLP*000100034970*1*312.99*97.11**MC*2020156070162~NM1*QC*1*GOIN*JOSHUA****MR*G127292~NM1*82*1*HOOSHMAND-PARSI*KAYHOSROW****XX*1447291851~REF*EA*089C7A62F9954433A25A3E2BB87306F3~DTM*232*20200519~DTM*233*20200519~SVC*HC:99214:25*272.99*97.11**1~DTM*472*20200519~CAS*CO*45*175.88~REF*6R*CPYY23O12FUJ~AMT*B6*97.11~LQ*HE*N381~SVC*HC:G8431*40*0**0**1~DTM*472*20200519~CAS*PI*119*40~REF*6R*CPYYBCV2RO4X~LQ*HE*N362~LQ*HE*N381~CLP*000100034970*1*1888.99*1269.67**MC*2020156070165~NM1*QC*1*GOIN*JOSHUA****MR*G127292~NM1*82*1*HOOSHMAND-PARSI*KAYHOSROW****XX*1447291851~REF*EA*A31F9A085D4C4CDDAE0E78D01DB20AA3~DTM*232*20200519~DTM*233*20200519~SVC*HC:96372*83.99*15.67**1~DTM*472*20200519~CAS*CO*45*68.32~REF*6R*CPYY6YZ2Q040~AMT*B6*15.67~LQ*HE*N381~SVC*HC:J2315*1805*1254**380~DTM*472*20200519~CAS*CO*45*551~REF*6R*CPYYO7XRI8LU~AMT*B6*1254~LQ*HE*N381~CLP*000100035370*1*272.99*97.11**MC*2020156070069~NM1*QC*1*GONZALES*DESTINEY*M***MR*Y786132~NM1*82*1*CADDALI*ESTRELLA*A***XX*1164974580~REF*EA*110C3C0E2C924C91908E2A4E4347C05D~DTM*232*20200527~DTM*233*20200527~SVC*HC:99214*272.99*97.11**1~DTM*472*20200527~CAS*CO*45*175.88~REF*6R*CPYYVPQZ9WGI~AMT*B6*97.11~LQ*HE*N381~CLP*000100034309*1*1888.99*1254**MC*2020156069913~NM1*QC*1*GRAY*JAMES****MR*J248474~NM1*82*1*GRONEMEYER*LEANNE*R***XX*1659521045~REF*EA*5DA22FAA5297451BA18B9637AE658546~DTM*232*20200506~DTM*233*20200506~SVC*HC:96372*83.99*0**0**1~DTM*472*20200506~CAS*CO*109*83.99~REF*6R*CPYYRZH3Y9OQ~LQ*HE*N381~SVC*HC:J2315*1805*1254**380~DTM*472*20200506~CAS*CO*45*551~REF*6R*CPYYXXY8ITEQ~AMT*B6*1254~LQ*HE*N381~CLP*000100035003*1*88.54*39.39**MC*2020156070093~NM1*QC*1*GUERRA-DELACRUZ MARTINEZ*HERLINDA*M***MR*R965343~NM1*74*1*GUERRADELACRUZ~NM1*82*1*HOOSHMAND-PARSI*KAYHOSROW****XX*1447291851~REF*EA*EB376D7101CA4DC1A62A6FEECD6E3870~DTM*232*20200519~DTM*233*20200519~SVC*HC:99212*88.54*39.39**1~DTM*472*20200519~CAS*CO*45*49.15~REF*6R*CPYYRVIMLIM7~AMT*B6*39.39~LQ*HE*N381~CLP*000100034927*1*178.3*63.81*2*MC*2020156070192~NM1*QC*1*GUERRERO*SONYA*M***MR*S127505~NM1*82*1*HOOSHMAND-PARSI*KAYHOSROW****XX*1447291851~REF*EA*5E29EA58C4404EBA93BDE1A8F5E7718C~DTM*232*20200518~DTM*233*20200518~SVC*HC:99213*178.3*63.81**1~DTM*472*20200518~CAS*PR*3*2~CAS*CO*45*112.49~REF*6R*CPYY6J5JHXBB~AMT*B6*65.81~LQ*HE*N381~LQ*HE*N381~CLP*000100034953*1*15*8.42**MC*2020156069947~NM1*QC*1*HALL*KRISTINA*K***MR*S324169~NM1*82*1*HOOSHMAND-PARSI*KAYHOSROW****XX*1447291851~REF*EA*EBBE321256374F0285AA9B8C2EAAD019~DTM*232*20200519~DTM*233*20200519~SVC*HC:81025*15*8.42**1~DTM*472*20200519~CAS*CO*45*6.58~REF*6R*CPYYURP2GZIO~AMT*B6*8.42~LQ*HE*N381~CLP*000100034953*1*178.3*65.81**MC*2020156069960~NM1*QC*1*HALL*KRISTINA*K***MR*S324169~NM1*82*1*HOOSHMAND-PARSI*KAYHOSROW****XX*1447291851~REF*EA*84208CC126384FC792CF29F187FF5C20~DTM*232*20200519~DTM*233*20200519~SVC*HC:99213:25*178.3*65.81**1~DTM*472*20200519~CAS*CO*45*112.49~REF*6R*CPYYJ8D6BC9C~AMT*B6*65.81~LQ*HE*N381~CLP*000100033546*1*178.3*65.81**MC*2020156070188~NM1*QC*1*HELVEY*RYAN*J***MR*N690416~NM1*82*1*SEARLES*DENISE*A***XX*1396971230~REF*EA*6C01384A549F46AEA60889F590F915B1~DTM*232*20200421~DTM*233*20200421~SVC*HC:99213:25*178.3*65.81**1~DTM*472*20200421~CAS*CO*45*112.49~REF*6R*CPYYDT8CWAU4~AMT*B6*65.81~LQ*HE*N381~CLP*000100033546*1*1888.99*1254**MC*2020156070191~NM1*QC*1*HELVEY*RYAN*J***MR*N690416~NM1*82*1*SEARLES*DENISE*A***XX*1396971230~REF*EA*2C3EFB2647F84EBFAF9301D4E99698D5~DTM*232*20200421~DTM*233*20200421~SVC*HC:96372*83.99*0**0**1~DTM*472*20200421~CAS*CO*109*83.99~REF*6R*CPYYMRCB1UR7~LQ*HE*N381~SVC*HC:J2315*1805*1254**380~DTM*472*20200421~CAS*CO*45*551~REF*6R*CPYYII55PRFF~AMT*B6*1254~LQ*HE*N381~CLP*000100034907*1*178.3*65.81**MC*2020156069978~NM1*QC*1*HEREDIA*NEISHA****MR*M350525~NM1*82*1*HOOSHMAND-PARSI*KAYHOSROW****XX*1447291851~REF*EA*989F912FABBF49599C58D9EABF81EFC2~DTM*232*20200518~DTM*233*20200518~SVC*HC:99213:25*178.3*65.81**1~DTM*472*20200518~CAS*CO*45*112.49~REF*6R*CPYYANPFCEUV~AMT*B6*65.81~LQ*HE*N381~CLP*000100034907*1*15*8.42**MC*2020156069993~NM1*QC*1*HEREDIA*NEISHA****MR*M350525~NM1*82*1*HOOSHMAND-PARSI*KAYHOSROW****XX*1447291851~REF*EA*1C69B8816B9E4744A79F0088115F23FC~DTM*232*20200518~DTM*233*20200518~SVC*HC:81025*15*8.42**1~DTM*472*20200518~CAS*CO*45*6.58~REF*6R*CPYYY8572WLG~AMT*B6*8.42~LQ*HE*N381~CLP*000100035380*1*178.3*65.81**MC*2020156070055~NM1*QC*1*HERRERA*ALICIA*M***MR*K789658~NM1*82*1*CADDALI*ESTRELLA*A***XX*1164974580~REF*EA*DF69480EF3AB440480D9BAB64E3BC315~DTM*232*20200527~DTM*233*20200527~SVC*HC:99213*178.3*65.81**1~DTM*472*20200527~CAS*CO*45*112.49~REF*6R*CPYYCLDVODXW~AMT*B6*65.81~LQ*HE*N381~CLP*000100035009*1*88.54*39.39**MC*2020156070020~NM1*QC*1*JIRON*ROMAN****MR*G679343~NM1*82*1*HOOSHMAND-PARSI*KAYHOSROW****XX*1447291851~REF*EA*12DC9CCFAEA1422199B61964409FB7F5~DTM*232*20200519~DTM*233*20200519~SVC*HC:99212*88.54*39.39**1~DTM*472*20200519~CAS*CO*45*49.15~REF*6R*CPYY0QGQN5FT~AMT*B6*39.39~LQ*HE*N381~CLP*000100035316*1*178.3*65.81**MC*2020156070155~NM1*QC*1*LAIRD*AMY*J***MR*T813895~NM1*82*1*CADDALI*ESTRELLA*A***XX*1164974580~REF*EA*5959546FAD8C4C20B5201D7B2D803E19~DTM*232*20200527~DTM*233*20200527~SVC*HC:99213*178.3*65.81**1~DTM*472*20200527~CAS*CO*45*112.49~REF*6R*CPYYEV8634L7~AMT*B6*65.81~LQ*HE*N381~CLP*000100033978*1*443.17*41.44**MC*2020156070161~NM1*QC*1*LOBATO*DAVINA****MR*H882144~NM1*82*1*CADDALI*ESTRELLA*A***XX*1164974580~REF*EA*CB822BAC4A7E4C99857B3D61C2B6B662~DTM*232*20200429~DTM*233*20200429~SVC*HC:H0049*403.17*10.92**1~DTM*472*20200429~CAS*CO*45*392.25~REF*6R*CPYYZ068CT8R~AMT*B6*10.92~LQ*HE*N381~SVC*HC:G8431*40*30.52**1~DTM*472*20200429~CAS*CO*45*9.48~REF*6R*CPYYHJD23VR6~AMT*B6*30.52~LQ*HE*N381~CLP*000100035478*1*272.99*95.11*2*MC*2020156070061~NM1*QC*1*LOPEZ*SHERRY****MR*L192498~NM1*82*1*CADDALI*ESTRELLA*A***XX*1164974580~REF*EA*D9389B64A0B74FDD905E2D18DBEC6541~DTM*232*20200529~DTM*233*20200529~SVC*HC:99214*272.99*95.11**1~DTM*472*20200529~CAS*PR*3*2~CAS*CO*45*175.88~REF*6R*CPYYI3APV9GY~AMT*B6*97.11~LQ*HE*N381~LQ*HE*N381~CLP*000100034985*1*178.3*65.81**MC*2020156070205~NM1*QC*1*MAGANA*CARLA*R***MR*M671813~NM1*82*1*HOOSHMAND-PARSI*KAYHOSROW****XX*1447291851~REF*EA*1F567130CFAB480AB1A22533175B7D34~DTM*232*20200519~DTM*233*20200519~SVC*HC:99213:25*178.3*65.81**1~DTM*472*20200519~CAS*CO*45*112.49~REF*6R*CPYY9R0IAV4D~AMT*B6*65.81~LQ*HE*N381~CLP*000100035511*1*178.3*65.81**MC*2020156070208~NM1*QC*1*MAGANA*CARLA*R***MR*M671813~NM1*82*1*CADDALI*ESTRELLA*A***XX*1164974580~REF*EA*94D08197DA46488D9D8D3C62AE7340E4~DTM*232*20200529~DTM*233*20200529~SVC*HC:99213*178.3*65.81**1~DTM*472*20200529~CAS*CO*45*112.49~REF*6R*CPYYG8A1CAO2~AMT*B6*65.81~LQ*HE*N381~CLP*000100034985*1*15*8.42**MC*2020156070210~NM1*QC*1*MAGANA*CARLA*R***MR*M671813~NM1*82*1*HOOSHMAND-PARSI*KAYHOSROW****XX*1447291851~REF*EA*983F57D96D2349A9B759C4C58A078704~DTM*232*20200519~DTM*233*20200519~SVC*HC:81025*15*8.42**1~DTM*472*20200519~CAS*CO*45*6.58~REF*6R*CPYYE38KBFWA~AMT*B6*8.42~LQ*HE*N381~CLP*000100035301*1*178.3*65.81**MC*2020156070129~NM1*QC*1*MCCLURE*THOMAS*M***MR*K853447~NM1*82*1*CADDALI*ESTRELLA*A***XX*1164974580~REF*EA*B3C0099EB8F24F1E8743D1C0C0BBE4B9~DTM*232*20200527~DTM*233*20200527~SVC*HC:99213*178.3*65.81**1~DTM*472*20200527~CAS*CO*45*112.49~REF*6R*CPYYKEE5VN5M~AMT*B6*65.81~LQ*HE*N381~CLP*000100035480*1*54.67*21.5**MC*2020156070134~NM1*QC*1*MCCLURE*THOMAS*M***MR*K853447~NM1*82*1*CADDALI*ESTRELLA*A***XX*1164974580~REF*EA*AE7D0366100341ED99BCF118A03A35E2~DTM*232*20200529~DTM*233*20200529~SVC*HC:93000*54.67*21.5**1~DTM*472*20200529~CAS*CO*45*33.17~REF*6R*CPYYG2T3T5Q2~AMT*B6*21.5~LQ*HE*N381~CLP*000100035480*1*178.3*65.81**MC*2020156070135~NM1*QC*1*MCCLURE*THOMAS*M***MR*K853447~NM1*82*1*CADDALI*ESTRELLA*A***XX*1164974580~REF*EA*4F73246574254301904DFB0DCC10956B~DTM*232*20200529~DTM*233*20200529~SVC*HC:99213:25*178.3*65.81**1~DTM*472*20200529~CAS*CO*45*112.49~REF*6R*CPYYWQN9OBNP~AMT*B6*65.81~LQ*HE*N381~CLP*000100034910*1*178.3*65.81**MC*2020156070128~NM1*QC*1*MEDINA*EDWARD*R***MR*O654584~NM1*82*1*HOOSHMAND-PARSI*KAYHOSROW****XX*1447291851~REF*EA*B0398963D433448A919A30BE7E301567~DTM*232*20200518~DTM*233*20200518~SVC*HC:99213*178.3*65.81**1~DTM*472*20200518~CAS*CO*45*112.49~REF*6R*CPYYSB1QB14D~AMT*B6*65.81~LQ*HE*N381~CLP*000100034060*1*178.3*65.81**MC*2020156070185~NM1*QC*1*MONTEZ*JOHN*A***MR*K005394~NM1*82*1*HOOSHMAND-PARSI*KAYHOSROW****XX*1447291851~REF*EA*4393935DB4D549AEA0A0EC85E8C440EB~DTM*232*20200430~DTM*233*20200430~SVC*HC:99213*178.3*65.81**1~DTM*472*20200430~CAS*CO*45*112.49~REF*6R*CPYYA68N14DA~AMT*B6*65.81~LQ*HE*N381~CLP*000100035308*1*178.3*65.81**MC*2020156070075~NM1*QC*1*MOORE*MELISSA****MR*O302777~NM1*82*1*CADDALI*ESTRELLA*A***XX*1164974580~REF*EA*5131C61FAE504D4B8794A6A86C14DCBE~DTM*232*20200527~DTM*233*20200527~SVC*HC:99213*178.3*65.81**1~DTM*472*20200527~CAS*CO*45*112.49~REF*6R*CPYY0ECQ9663~AMT*B6*65.81~LQ*HE*N381~CLP*000100032168*1*15*8.42**MC*2020156070144~NM1*QC*1*MORALES*ISABEL*L***MR*G492603~NM1*82*1*GRONEMEYER*LEANNE*R***XX*1659521045~REF*EA*D171852F4BB44508AED5A698C15CE916~DTM*232*20200325~DTM*233*20200325~SVC*HC:81025*15*8.42**1~DTM*472*20200325~CAS*CO*45*6.58~REF*6R*CPYY84YSB8VG~AMT*B6*8.42~LQ*HE*N381~CLP*000100032168*1*178.3*65.81**MC*2020156070147~NM1*QC*1*MORALES*ISABEL*L***MR*G492603~NM1*82*1*GRONEMEYER*LEANNE*R***XX*1659521045~REF*EA*83A391A30E2A4D3CA5001ABE828B500A~DTM*232*20200325~DTM*233*20200325~SVC*HC:99213:25*178.3*65.81**1~DTM*472*20200325~CAS*CO*45*112.49~REF*6R*CPYY27B3JBMW~AMT*B6*65.81~LQ*HE*N381~CLP*000100031710*1*663.17*179.93**MC*2020156070150~NM1*QC*1*MORALES*ISABEL*L***MR*G492603~NM1*82*1*GRONEMEYER*LEANNE*R***XX*1659521045~REF*EA*1ADD5C8F47FE465D95A86C6BD1841A35~DTM*232*20200318~DTM*233*20200318~SVC*HC:99204:25*205*149.59**1~DTM*472*20200318~CAS*CO*45*55.41~REF*6R*CPYYPQP5Q3GR~AMT*B6*149.59~LQ*HE*N381~SVC*HC:81025*15*8.42**1~DTM*472*20200318~CAS*CO*45*6.58~REF*6R*CPYYI4YXSY9M~AMT*B6*8.42~LQ*HE*N381~SVC*HC:H0049*403.17*10.92**1~DTM*472*20200318~CAS*CO*45*392.25~REF*6R*CPYYWWY2NJNR~AMT*B6*10.92~LQ*HE*N381~SVC*HC:G8510*40*11**1~DTM*472*20200318~CAS*CO*45*29~REF*6R*CPYY1LOQ2DWX~AMT*B6*11~LQ*HE*N381~CLP*000100035338*1*178.3*65.81**MC*2020156070181~NM1*QC*1*PAULSEN*STACY****MR*W216187~NM1*82*1*CADDALI*ESTRELLA*A***XX*1164974580~REF*EA*19B2DDC3DA4846339CA8D30FE3696CAB~DTM*232*20200527~DTM*233*20200527~SVC*HC:99213*178.3*65.81**1~DTM*472*20200527~CAS*CO*45*112.49~REF*6R*CPYYPVQLX2L8~AMT*B6*65.81~LQ*HE*N381~CLP*000100035290*1*178.3*63.81*2*MC*2020156070142~NM1*QC*1*PRIGGE*MATTHEW*R***MR*P683674~NM1*82*1*CADDALI*ESTRELLA*A***XX*1164974580~REF*EA*4F17C3EEEF36449384D1DE11E00A5531~DTM*232*20200526~DTM*233*20200526~SVC*HC:99213*178.3*63.81**1~DTM*472*20200526~CAS*PR*3*2~CAS*CO*45*112.49~REF*6R*CPYY9SMLBL8K~AMT*B6*65.81~LQ*HE*N381~LQ*HE*N381~CLP*000100034999*1*178.3*65.81**MC*2020156070199~NM1*QC*1*RATHBUN*AARON*W***MR*P304001~NM1*82*1*HOOSHMAND-PARSI*KAYHOSROW****XX*1447291851~REF*EA*7C301387F0374C55ABF293BC369DCF30~DTM*232*20200519~DTM*233*20200519~SVC*HC:99213*178.3*65.81**1~DTM*472*20200519~CAS*CO*45*112.49~REF*6R*CPYYVKKP3VQW~AMT*B6*65.81~LQ*HE*N381~CLP*000100034191*1*443.17*41.44**MC*2020156070201~NM1*QC*1*RATHBUN*AARON*W***MR*P304001~NM1*82*1*HOOSHMAND-PARSI*KAYHOSROW****XX*1447291851~REF*EA*49D71567187D498996A5EA3F9FB150A0~DTM*232*20200505~DTM*233*20200505~SVC*HC:H0049*403.17*10.92**1~DTM*472*20200505~CAS*CO*45*392.25~REF*6R*CPYYAOU5FXFK~AMT*B6*10.92~LQ*HE*N381~SVC*HC:G8431*40*30.52**1~DTM*472*20200505~CAS*CO*45*9.48~REF*6R*CPYYBKXFALV0~AMT*B6*30.52~LQ*HE*N381~CLP*000100034924*1*88.54*39.39**MC*2020156070211~NM1*QC*1*SAIS*MICHAEL*E***MR*N765754~NM1*82*1*HOOSHMAND-PARSI*KAYHOSROW****XX*1447291851~REF*EA*6EAD4D56032945138DBA0D8F111DBBEE~DTM*232*20200518~DTM*233*20200518~SVC*HC:99212*88.54*39.39**1~DTM*472*20200518~CAS*CO*45*49.15~REF*6R*CPYYQMB6E14J~AMT*B6*39.39~LQ*HE*N381~CLP*000100033552*1*217.66*55.35**MC*2020156070122~NM1*QC*1*SALAZAR*FELICIA*H***MR*G554326~NM1*82*1*SANCHEZ*LEANN*V***XX*1508990961~REF*EA*AC5109DC841C44EE92704F09907D9CEA~DTM*232*20200421~DTM*233*20200421~SVC*HC:90832*217.66*55.35**1~DTM*472*20200421~CAS*CO*45*162.31~REF*6R*CPYYINI7767T~AMT*B6*55.35~LQ*HE*N381~CLP*000100034975*1*178.3*65.81**MC*2020156070004~NM1*QC*1*SANCHEZ*YVONNE*A***MR*J289148~NM1*82*1*HOOSHMAND-PARSI*KAYHOSROW****XX*1447291851~REF*EA*C459372EE96A416198A2DCC6ADF2C59D~DTM*232*20200519~DTM*233*20200519~SVC*HC:99213*178.3*65.81**1~DTM*472*20200519~CAS*CO*45*112.49~REF*6R*CPYYTB266VJC~AMT*B6*65.81~LQ*HE*N381~CLP*000100035383*1*178.3*63.81*2*MC*2020156069901~NM1*QC*1*SANDERS*JERMYN*B***MR*P711797~NM1*82*1*CADDALI*ESTRELLA*A***XX*1164974580~REF*EA*7232B50DA9384C5AB0B89F22FBD82E99~DTM*232*20200527~DTM*233*20200527~SVC*HC:99213*178.3*63.81**1~DTM*472*20200527~CAS*PR*3*2~CAS*CO*45*112.49~REF*6R*CPYYSM6PD3LQ~AMT*B6*65.81~LQ*HE*N381~LQ*HE*N381~CLP*000100034921*1*88.54*39.39**MC*2020156070109~NM1*QC*1*SANDOVAL*JULIA*L***MR*K495017~NM1*82*1*HOOSHMAND-PARSI*KAYHOSROW****XX*1447291851~REF*EA*1B1826C6B2CA4639B2CD3B680736FF5D~DTM*232*20200518~DTM*233*20200518~SVC*HC:99212*88.54*39.39**1~DTM*472*20200518~CAS*CO*45*49.15~REF*6R*CPYY7IGZ11PX~AMT*B6*39.39~LQ*HE*N381~CLP*000100035320*1*272.99*97.11**MC*2020156070171~NM1*QC*1*SCHRINER*JACOB*E***MR*Y893432~NM1*82*1*CADDALI*ESTRELLA*A***XX*1164974580~REF*EA*4ABB30DEB6CC4714858D2B6D979C7F13~DTM*232*20200527~DTM*233*20200527~SVC*HC:99214*272.99*97.11**1~DTM*472*20200527~CAS*CO*45*175.88~REF*6R*CPYYH7EQKMXA~AMT*B6*97.11~LQ*HE*N381~CLP*000100034960*1*178.3*65.81**MC*2020156070116~NM1*QC*1*TANKSLEY*DAYSHA*A***MR*O203621~NM1*82*1*HOOSHMAND-PARSI*KAYHOSROW****XX*1447291851~REF*EA*A35257C3AD2B4EEBAFD5656F42467048~DTM*232*20200519~DTM*233*20200519~SVC*HC:99213:25*178.3*65.81**1~DTM*472*20200519~CAS*CO*45*112.49~REF*6R*CPYYQ5411YD3~AMT*B6*65.81~LQ*HE*N381~CLP*000100034378*1*178.3*65.81**MC*2020156070118~NM1*QC*1*TANKSLEY*DAYSHA*A***MR*O203621~NM1*82*1*HOOSHMAND-PARSI*KAYHOSROW****XX*1447291851~REF*EA*6F464F0B36B34CB5903703FD2C0B5F65~DTM*232*20200507~DTM*233*20200507~SVC*HC:99213*178.3*65.81**1~DTM*472*20200507~CAS*CO*45*112.49~REF*6R*CPYYNSBM6GIJ~AMT*B6*65.81~LQ*HE*N381~CLP*000100034960*1*15*8.42**MC*2020156070121~NM1*QC*1*TANKSLEY*DAYSHA*A***MR*O203621~NM1*82*1*HOOSHMAND-PARSI*KAYHOSROW****XX*1447291851~REF*EA*114116195D4D41E8906CB894256564B0~DTM*232*20200519~DTM*233*20200519~SVC*HC:81025*15*8.42**1~DTM*472*20200519~CAS*CO*45*6.58~REF*6R*CPYY3EGWKZDX~AMT*B6*8.42~LQ*HE*N381~CLP*000100031713*1*217.66*55.35**MC*2020156070202~NM1*QC*1*TORBETT*JERRY*R***MR*N890040~NM1*82*1*LEWIS*HOLLY*G***XX*1295234128~REF*EA*16A5A27884BA4BB8A92A0EF781C8F6A2~DTM*232*20200318~DTM*233*20200318~SVC*HC:90832*217.66*55.35**1~DTM*472*20200318~CAS*CO*45*162.31~REF*6R*CPYY4U91PZMK~AMT*B6*55.35~LQ*HE*N381~CLP*000100035348*1*272.99*97.11**MC*2020156070102~NM1*QC*1*ULIBARRI*STEPHANIE*R***MR*W341555~NM1*82*1*CADDALI*ESTRELLA*A***XX*1164974580~REF*EA*63A912F0FA3E4E1997B6053BDEF18BE0~DTM*232*20200527~DTM*233*20200527~SVC*HC:99214*272.99*97.11**1~DTM*472*20200527~CAS*CO*45*175.88~REF*6R*CPYYZWA6PLIF~AMT*B6*97.11~LQ*HE*N381~CLP*000100034705*1*619.02*108.57**MC*2020156070046~NM1*QC*1*VELARDE*JUSTIN****MR*Y451369~NM1*82*1*SEARLES*DENISE*A***XX*1396971230~REF*EA*2AE1163EF48643E8B71210B612528261~DTM*232*20200513~DTM*233*20200513~SVC*HC:99202:25*175.85*67.13**1~DTM*472*20200513~CAS*CO*45*108.72~REF*6R*CPYYGK3IS1OD~AMT*B6*67.13~LQ*HE*N381~SVC*HC:H0049*403.17*10.92**1~DTM*472*20200513~CAS*CO*45*392.25~REF*6R*CPYYZRTD1EUH~AMT*B6*10.92~LQ*HE*N381~SVC*HC:G8431*40*30.52**1~DTM*472*20200513~CAS*CO*45*9.48~REF*6R*CPYYWR37EZDM~AMT*B6*30.52~LQ*HE*N381~CLP*000100034986*1*178.3*65.81**MC*2020156070030~NM1*QC*1*VIGIL*FABIAN****MR*J187623~NM1*82*1*HOOSHMAND-PARSI*KAYHOSROW****XX*1447291851~REF*EA*6291F354961040EAAB44EF2ED4AB40F1~DTM*232*20200519~DTM*233*20200519~SVC*HC:99213*178.3*65.81**1~DTM*472*20200519~CAS*CO*45*112.49~REF*6R*CPYYLU9DKN7P~AMT*B6*65.81~LQ*HE*N381~CLP*000100035414*1*178.3*63.81*2*MC*2020156070197~NM1*QC*1*WILLIAMS*KRYSTAL****MR*P744738~NM1*82*1*CADDALI*ESTRELLA*A***XX*1164974580~REF*EA*12CD3A4B2512483AB04D63F57C7CEA80~DTM*232*20200528~DTM*233*20200528~SVC*HC:99213*178.3*63.81**1~DTM*472*20200528~CAS*PR*3*2~CAS*CO*45*112.49~REF*6R*CPYYF93W6KBR~AMT*B6*65.81~LQ*HE*N381~LQ*HE*N381~CLP*000100035261*1*178.3*63.81*2*MC*2020156070198~NM1*QC*1*WILLIAMS*KRYSTAL****MR*P744738~NM1*82*1*CADDALI*ESTRELLA*A***XX*1164974580~REF*EA*4FABA9D15F0C4D76A1265DF789A6A052~DTM*232*20200526~DTM*233*20200526~SVC*HC:99213*178.3*63.81**1~DTM*472*20200526~CAS*PR*3*2~CAS*CO*45*112.49~REF*6R*CPYYHVHY44KY~AMT*B6*65.81~LQ*HE*N381~LQ*HE*N381~CLP*000100034928*1*178.3*65.81**MC*2020156070137~NM1*QC*1*WILLIS*DIANE****MR*D774337~NM1*82*1*HOOSHMAND-PARSI*KAYHOSROW****XX*1447291851~REF*EA*E090D73C395746F68D7E0A6E67772D18~DTM*232*20200518~DTM*233*20200518~SVC*HC:99213*178.3*65.81**1~DTM*472*20200518~CAS*CO*45*112.49~REF*6R*CPYYGKJ4A3W6~AMT*B6*65.81~LQ*HE*N381~CLP*000100034609*1*272.99*97.11**MC*2020156069997~NM1*QC*1*WYATT*MARK*A***MR*O690192~NM1*82*1*HOOSHMAND-PARSI*KAYHOSROW****XX*1447291851~REF*EA*F4F5B460617D4B1B8CE533116EEA6B34~DTM*232*20200512~DTM*233*20200512~SVC*HC:99214*272.99*97.11**1~DTM*472*20200512~CAS*CO*45*175.88~REF*6R*CPYYNNLBGMKL~AMT*B6*97.11~LQ*HE*N381~CLP*000100035272*1*272.99*97.11**MC*2020156069926~NM1*QC*1*ZAMORA*DAVID*E***MR*C225604~NM1*82*1*CADDALI*ESTRELLA*A***XX*1164974580~REF*EA*AB218DEBB982444F821924A152AA737E~DTM*232*20200526~DTM*233*20200526~SVC*HC:99214*272.99*97.11**1~DTM*472*20200526~CAS*CO*45*175.88~REF*6R*CPYYDJTWFYXF~AMT*B6*97.11~LQ*HE*N381~CLP*000100035406*1*178.3*65.81**MC*2020156069932~NM1*QC*1*ZAMORA*DAVID*E***MR*C225604~NM1*82*1*CADDALI*ESTRELLA*A***XX*1164974580~REF*EA*745275764BBC4169A84073ABC583C800~DTM*232*20200528~DTM*233*20200528~SVC*HC:99213*178.3*65.81**1~DTM*472*20200528~CAS*CO*45*112.49~REF*6R*CPYYP6ADMHHP~AMT*B6*65.81~LQ*HE*N381~CLP*000100029978*4*71.32*0**MC*2020156070177~NM1*QC*1*AYERS*ALEXANDER*D***MR*P040866~NM1*82*1*LEWIS*HOLLY*G***XX*1295234128~REF*EA*63493809031D483BAAF0E7C7BA8811A0~DTM*232*20200214~DTM*233*20200214~SVC*HC:H0006*71.32*0**0**1~DTM*472*20200214~CAS*CO*109*71.32~REF*6R*CPYYFFUYD3RJ~LQ*HE*N293~LQ*HE*N381~CLP*000100032552*4*88.54*0**MC*2020156070049~NM1*QC*1*BOISVERT*ORIEN*K***MR*O244414~NM1*82*1*SANCHEZ*LEANN*V***XX*1508990961~REF*EA*AA040F1FBDAE41EF87AB1AA300078B76~DTM*232*20200401~DTM*233*20200401~SVC*HC:H0002*88.54*0**0**1~DTM*472*20200401~CAS*PI*5*88.54~REF*6R*CPYYYHO0O8NX~LQ*HE*M77~LQ*HE*M77~LQ*HE*N519~LQ*HE*N519~CLP*000100034218*4*88.54*0**MC*2020156069858~NM1*QC*1*EHLERS*DESIREE*F***MR*P131523~NM1*82*1*LEWIS*HOLLY*G***XX*1295234128~REF*EA*04D0604C7DE24D52921AF1934BDCF70E~DTM*232*20200505~DTM*233*20200505~SVC*HC:H0002*88.54*0**0**1~DTM*472*20200505~CAS*PI*5*88.54~REF*6R*CPYYKS0I0686~LQ*HE*M77~LQ*HE*M77~LQ*HE*N519~LQ*HE*N519~CLP*000100033166*4*67.63*0**MC*2020156069909~NM1*QC*1*ELZY*BETHANY****MR*U829312~NM1*82*1*SANCHEZ*LEANN*V***XX*1508990961~REF*EA*2C72B8A87A2548F7BB6CBE3356B693CA~DTM*232*20200414~DTM*233*20200414~SVC*HC:H0023*67.63*0**0**1~DTM*472*20200414~CAS*PI*5*67.63~REF*6R*CPYYNSIX8XN2~LQ*HE*M77~LQ*HE*M77~LQ*HE*N519~LQ*HE*N519~CLP*000100032491*4*108.83*0**MC*2020156069859~NM1*QC*1*FERNANDEZ*CHARLES****MR*I154949~NM1*82*1*LEWIS*HOLLY*G***XX*1295234128~REF*EA*C17E719ABDC1449ABF92F7FD43D32A6C~DTM*232*20200331~DTM*233*20200331~SVC*HC:H0004*108.83*0**0**1~DTM*472*20200331~CAS*CO*109*108.83~REF*6R*CPYYQFUL87XZ~LQ*HE*N381~CLP*000100031341*4*88.54*0**MC*2020156069923~NM1*QC*1*GRAY*JAMES****MR*J248474~NM1*82*1*SANCHEZ*LEANN*V***XX*1508990961~REF*EA*73ED6D91D6884C39B3E6002A702D5F8A~DTM*232*20200311~DTM*233*20200311~SVC*HC:H0002*88.54*0**0**1~DTM*472*20200311~CAS*PI*5*88.54~REF*6R*CPYYP0YKOTOG~LQ*HE*M77~LQ*HE*M77~LQ*HE*N519~LQ*HE*N519~CLP*000100030557*4*88.54*0**MC*2020156070174~NM1*QC*1*JEX*LOUISE*E***MR*B117513~NM1*82*1*LEWIS*HOLLY*G***XX*1295234128~REF*EA*988D6F7A694647E8A35A1D89DC7CA9C5~DTM*232*20200226~DTM*233*20200226~SVC*HC:H0002*88.54*0**0**1~DTM*472*20200226~CAS*PI*5*88.54~REF*6R*CPYYA06Y0KAH~LQ*HE*M77~LQ*HE*N519~CLP*000100028865*4*88.54*0**MC*2020156070214~NM1*QC*1*MARTINEZ*PEGGY*Y***MR*Y894999~NM1*82*1*LEWIS*HOLLY*G***XX*1295234128~REF*EA*19B5AABDBE8542B783A246BEC0528199~DTM*232*20200127~DTM*233*20200127~SVC*HC:H0002*88.54*0**0**1~DTM*472*20200127~CAS*PI*5*88.54~REF*6R*CPYYKUFW43LJ~LQ*HE*M77~LQ*HE*M77~LQ*HE*N519~LQ*HE*N519~CLP*000100031169*4*88.54*0**MC*2020156070018~NM1*QC*1*ROPER*RACHEL*L***MR*U744941~NM1*82*1*SANCHEZ*LEANN*V***XX*1508990961~REF*EA*B3E427A4AFEA43E9AB1F6FFB5C7EB857~DTM*232*20200309~DTM*233*20200309~SVC*HC:H0002*88.54*0**0**1~DTM*472*20200309~CAS*PI*5*88.54~REF*6R*CPYYUAY3AMYU~LQ*HE*M77~LQ*HE*N519~CLP*000100030047*4*71.32*0**MC*2020156070176~NM1*QC*1*STIEFEL*LEVI*S***MR*L732996~NM1*82*1*LEWIS*HOLLY*G***XX*1295234128~REF*EA*1766FD4E72C6405FB70E6E2498D67DCC~DTM*232*20200218~DTM*233*20200218~SVC*HC:H0006*71.32*0**0**1~DTM*472*20200218~CAS*CO*109*71.32~REF*6R*CPYYMOB5SKSM~LQ*HE*N293~LQ*HE*N381~CLP*000100031871*4*134*0**MC*2020156070111~NM1*QC*1*TORRES*MIGUEL*L***MR*M887971~NM1*82*1*SEARLES*DENISE*A***XX*1396971230~REF*EA*F1983FD81DFF4C909E333B0D5010645D~DTM*232*20200320~DTM*233*20200320~SVC*HC:99214*134*0**0**1~DTM*472*20200320~CAS*PI*96*134~REF*6R*CPYYQNVO3EP6~LQ*HE*N30~LQ*HE*MA92~CLP*000100031474*4*134*0**MC*2020156070114~NM1*QC*1*TORRES*MIGUEL*L***MR*M887971~NM1*82*1*SEARLES*DENISE*A***XX*1396971230~REF*EA*E0E5C6B8FE2242478D5017B640412841~DTM*232*20200313~DTM*233*20200313~SVC*HC:99214*134*0**0**1~DTM*472*20200313~CAS*PI*96*134~REF*6R*CPYY9VCAZS2Q~LQ*HE*N30~LQ*HE*MA92~CLP*000100031014*4*180*0**MC*2020156070115~NM1*QC*1*TORRES*MIGUEL*L***MR*M887971~NM1*82*1*SEARLES*DENISE*A***XX*1396971230~REF*EA*E32AFD06298649D9BF66628C50237FE6~DTM*232*20200305~DTM*233*20200305~SVC*HC:99215*180*0**0**1~DTM*472*20200305~CAS*PI*96*180~REF*6R*CPYYQL1HZPJQ~LQ*HE*N30~LQ*HE*MA92~CLP*000100029738*4*142.64*0**MC*2020156069996~NM1*QC*1*TRUJILLO*LALONNIE*S***MR*A496702~NM1*82*1*LEWIS*HOLLY*G***XX*1295234128~REF*EA*9ED0675076E74AD29CB808E2645842A4~DTM*232*20200211~DTM*233*20200211~SVC*HC:H0006*142.64*0**0**2~DTM*472*20200211~CAS*CO*109*142.64~REF*6R*CPYYYQ13C3TW~LQ*HE*N293~LQ*HE*N381~CLP*000100031484*4*88.54*0**MC*2020156070213~NM1*QC*1*ZUPANCIC*CARLOS*A***MR*K226313~NM1*82*1*SANCHEZ*LEANN*V***XX*1508990961~REF*EA*EF4161433A054797857846AC330A6C91~DTM*232*20200313~DTM*233*20200313~SVC*HC:H0002*88.54*0**0**1~DTM*472*20200313~CAS*PI*5*88.54~REF*6R*CPYY7TGF45F2~LQ*HE*M77~LQ*HE*M77~LQ*HE*N519~LQ*HE*N519~CLP*000100023299*22*-76*-10.92**MC*5820106036991~NM1*QC*1*DAVID*CASSANDRA****MR*R733683~NM1*82*1*LUCAS*PEGGI*S***XX*1366419582~REF*EA*BFDCDB3F4F104467A7C76EE1EBFB3AFA~DTM*232*20191007~DTM*233*20191007~SVC*HC:H0049*-36*-10.92**1~DTM*472*20191007~CAS*CO*45*-25.08~REF*6R*CP3TXV0TSP6F~AMT*B6*10.92~LQ*HE*N377~LQ*HE*N381~SVC*HC:G8431*-40*0**0**1~DTM*472*20191007~CAS*PI*16*-40~REF*6R*CP3TR2OZWFJW~LQ*HE*N377~LQ*HE*MA92~CLP*000100023299*4*76*0**MC*5920157010869~NM1*QC*1*DAVID*CASSANDRA****MR*R733683~NM1*82*1*LUCAS*PEGGI*S***XX*1366419582~REF*EA*BFDCDB3F4F104467A7C76EE1EBFB3AFA~DTM*232*20191007~DTM*233*20191007~SVC*HC:H0049*36*0**1~DTM*472*20191007~CAS*CO*129*36~REF*6R*CP3TXV0TSP6F~LQ*HE*N59~SVC*HC:G8431*40*0**0**1~DTM*472*20191007~CAS*CO*129*40~REF*6R*CP3TR2OZWFJW~LQ*HE*N59~PLB*1508250911*20201231*CS:0000376128265*-10.92*CS:0000376128265*10.92~SE*1276*000010012~GE*1*100019145~IEA*1*100019145~