ISA*00*          *00*          *ZZ*COMEDASSISTPROG*ZZ*6769489        *200504*0231*^*00501*100011858*0*P*:~GS*HP*COMEDASSISTPROG*6769489*20200504*023137*100011858*X*005010X221A1~ST*835*000010012~BPR*I*12338.34*C*ACH*CCP*01*075911603*DA*00000004556640373*1811725341**01*102106569*DA*2200002989138*20200504~TRN*1*000966500*1811725341~REF*EV*1508250911~DTM*405*20200501~N1*PR*CO_TXIX*XV*7912900843~N3*P.O. BOX 30~N4*DENVER*CO*80201~PER*CX*MEDICAID PROVIDER SERVICES*TE*8442352387~PER*BL*MEDICAID PROVIDER SERVICES*TE*8442352387~N1*PE*HEALTH SOLUTIONS MED CENTER*XX*1508250911~REF*TJ*841158933~LX*1~CLP*000100029568*2*134*19**MC*2020120007576~NM1*QC*1*DALTON*JASON*P***MR*G296744~NM1*82*1*GRONEMEYER*LEANNE*R***XX*1659521045~REF*EA*3CD05A1D152947BB932C240756A23844~DTM*232*20200206~DTM*233*20200206~SVC*HC:99214*134*19**1~DTM*472*20200206~CAS*CO*45*115~REF*6R*CPE2LQ67LQIJ~AMT*B6*19~LQ*HE*N381~LQ*HE*N381~CLP*000100028340*2*265*34.97**MC*2020120007578~NM1*QC*1*DALTON*JASON*P***MR*G296744~NM1*82*1*GRONEMEYER*LEANNE*R***XX*1659521045~REF*EA*3FE99E71E2094D3484B0525A74D174C2~DTM*232*20200116~DTM*233*20200116~SVC*HC:99204:25*205*28.68**1~DTM*472*20200116~CAS*CO*45*176.32~REF*6R*CPE2TSKP0NJ2~AMT*B6*28.68~LQ*HE*N381~LQ*HE*N381~SVC*HC:G0444*20*0**1~DTM*472*20200116~CAS*CO*45*20~REF*6R*CPE2JPHG381G~SVC*HC:G0396*40*6.29**1~DTM*472*20200116~CAS*OA*P22*33.71~REF*6R*CPE2VSM3QXFU~AMT*B6*6.29~LQ*HE*MA125~CLP*000100032868*2*178.3*8.93**MC*2020120007581~NM1*QC*1*GALLEGOS*CARLOS*L***MR*P497529~NM1*82*1*GRONEMEYER*LEANNE*R***XX*1659521045~REF*EA*FB2A01AC9DE94FA38F1A4B1D57348889~DTM*232*20200407~DTM*233*20200407~SVC*HC:99213*178.3*8.93**1~DTM*472*20200407~CAS*CO*45*169.37~REF*6R*CPFURBXT04HO~AMT*B6*8.93~LQ*HE*N381~LQ*HE*N381~CLP*000100030581*1*65*55.35**MC*2020122049455~NM1*QC*1*AHRING*GAGE*R***MR*P911955~NM1*82*1*SANCHEZ*LEANN*V***XX*1508990961~REF*EA*70BB81989DDA43D79BAE5BD80A56F99B~DTM*232*20200226~DTM*233*20200226~SVC*HC:90832*65*55.35**1~DTM*472*20200226~CAS*CO*45*9.65~REF*6R*CPOMJ0VNJMNZ~AMT*B6*55.35~LQ*HE*N293~LQ*HE*N381~CLP*000100029830*1*120*109.71**MC*2020122049456~NM1*QC*1*AHRING*GAGE*R***MR*P911955~NM1*82*1*SANCHEZ*LEANN*V***XX*1508990961~REF*EA*56B711AB13334B2DBCC9FC5E287F6543~DTM*232*20200212~DTM*233*20200212~SVC*HC:90791:HE*120*109.71**1~DTM*472*20200212~CAS*CO*45*10.29~REF*6R*CPOM1X8YY7T6~AMT*B6*109.71~LQ*HE*N293~LQ*HE*N381~CLP*000100033572*1*272.99*97.11**MC*2020122049392~NM1*QC*1*ALDAZ*BRANDON*D***MR*Q959560~NM1*82*1*CADDALI*ESTRELLA*A***XX*1164974580~REF*EA*F68E211086D2451BAAE5ED7632BD0E20~DTM*232*20200422~DTM*233*20200422~SVC*HC:99214*272.99*97.11**1~DTM*472*20200422~CAS*CO*45*175.88~REF*6R*CPOMXVTOXYV9~AMT*B6*97.11~LQ*HE*N381~CLP*000100033733*1*178.3*65.81**MC*2020122049393~NM1*QC*1*ALDAZ*BRANDON*D***MR*Q959560~NM1*82*1*CADDALI*ESTRELLA*A***XX*1164974580~REF*EA*2C04DFD97C18481883D5B817E879B117~DTM*232*20200424~DTM*233*20200424~SVC*HC:99213*178.3*65.81**1~DTM*472*20200424~CAS*CO*45*112.49~REF*6R*CPOM66HDBZAD~AMT*B6*65.81~LQ*HE*N381~CLP*000100033694*1*272.99*97.11**MC*2020122049453~NM1*QC*1*AMES*STACY*L***MR*K978061~NM1*82*1*CADDALI*ESTRELLA*A***XX*1164974580~REF*EA*64E323C59FFE47C3B608128F441AFE7F~DTM*232*20200423~DTM*233*20200423~SVC*HC:99214*272.99*97.11**1~DTM*472*20200423~CAS*CO*45*175.88~REF*6R*CPOM2WWOCNVY~AMT*B6*97.11~LQ*HE*N381~CLP*000100034002*1*178.3*65.81**MC*2020122049441~NM1*QC*1*AMORIN*KALIZMA****MR*P525380~NM1*82*1*CADDALI*ESTRELLA*A***XX*1164974580~REF*EA*75293E807E2C4AB596688A962B6D936A~DTM*232*20200429~DTM*233*20200429~SVC*HC:99213*178.3*65.81**1~DTM*472*20200429~CAS*CO*45*112.49~REF*6R*CPOMTVVV8GW8~AMT*B6*65.81~LQ*HE*N381~CLP*000100033210*1*178.3*65.81**MC*2020122049442~NM1*QC*1*AMORIN*KALIZMA****MR*P525380~NM1*82*1*CADDALI*ESTRELLA*A***XX*1164974580~REF*EA*5DAC815768CE482AAF9E641EDAA4CA94~DTM*232*20200414~DTM*233*20200414~SVC*HC:99213*178.3*65.81**1~DTM*472*20200414~CAS*CO*45*112.49~REF*6R*CPOMADNGCVDB~AMT*B6*65.81~LQ*HE*N381~CLP*000100033942*1*272.99*97.11**MC*2020122049443~NM1*QC*1*AMORIN*KALIZMA****MR*P525380~NM1*82*1*CADDALI*ESTRELLA*A***XX*1164974580~REF*EA*F19DC9330AD04F95BCB2B9BEBBFD24D9~DTM*232*20200428~DTM*233*20200428~SVC*HC:99214*272.99*97.11**1~DTM*472*20200428~CAS*CO*45*175.88~REF*6R*CPOMBUOUM2VL~AMT*B6*97.11~LQ*HE*N381~CLP*000100033542*1*178.3*65.81**MC*2020122049372~NM1*QC*1*ARCHULETA*DAVID*M***MR*D940730~NM1*82*1*SEARLES*DENISE*A***XX*1396971230~REF*EA*68CED5C07ECD43B9A52D7F88059F4A2D~DTM*232*20200421~DTM*233*20200421~SVC*HC:99213*178.3*65.81**1~DTM*472*20200421~CAS*CO*45*112.49~REF*6R*CPOMYUD7OVDX~AMT*B6*65.81~LQ*HE*N381~CLP*000100033725*1*178.3*65.81**MC*2020122049432~NM1*QC*1*ARELLANO*STEFAN*G***MR*T457503~NM1*82*1*SEARLES*DENISE*A***XX*1396971230~REF*EA*59C05D7FA3894A8CA09DEEB1C45A0ACF~DTM*232*20200423~DTM*233*20200423~SVC*HC:99213*178.3*65.81**1~DTM*472*20200423~CAS*CO*45*112.49~REF*6R*CPOML2E44S7Q~AMT*B6*65.81~LQ*HE*N381~CLP*000100033232*1*178.3*65.81**MC*2020122049433~NM1*QC*1*ARELLANO*STEFAN*G***MR*T457503~NM1*82*1*SEARLES*DENISE*A***XX*1396971230~REF*EA*6A39925A83924CEB8FC93338050F28B3~DTM*232*20200415~DTM*233*20200415~SVC*HC:99213*178.3*65.81**1~DTM*472*20200415~CAS*CO*45*112.49~REF*6R*CPOMQ2DVHJWF~AMT*B6*65.81~LQ*HE*N381~CLP*000100033305*1*178.3*65.81**MC*2020122049434~NM1*QC*1*ARELLANO*STEFAN*G***MR*T457503~NM1*82*1*SEARLES*DENISE*A***XX*1396971230~REF*EA*AA09D2671BCD4B5B981706A93F673812~DTM*232*20200416~DTM*233*20200416~SVC*HC:99213*178.3*65.81**1~DTM*472*20200416~CAS*CO*45*112.49~REF*6R*CPOMQ0YK0BJP~AMT*B6*65.81~LQ*HE*N381~CLP*000100033527*1*178.3*63.81*2*MC*2020122049409~NM1*QC*1*AVILA*SHANNA****MR*K598901~NM1*82*1*GRONEMEYER*LEANNE*R***XX*1659521045~REF*EA*2593B03680C84179A3786CF8EF6E4C0F~DTM*232*20200421~DTM*233*20200421~SVC*HC:99213*178.3*63.81**1~DTM*472*20200421~CAS*PR*3*2~CAS*CO*45*112.49~REF*6R*CPOM4404IIAC~AMT*B6*65.81~LQ*HE*N381~LQ*HE*N381~CLP*000100033707*1*178.3*65.81**MC*2020122049382~NM1*QC*1*BARELA*JOSEPH****MR*D521993~NM1*82*1*CADDALI*ESTRELLA*A***XX*1164974580~REF*EA*1D291A2FA5D84CF6AC7B565FA937BE9D~DTM*232*20200423~DTM*233*20200423~SVC*HC:99213*178.3*65.81**1~DTM*472*20200423~CAS*CO*45*112.49~REF*6R*CPOMQ4COK2OZ~AMT*B6*65.81~LQ*HE*N381~CLP*000100033625*1*272.99*97.11**MC*2020122049376~NM1*QC*1*BONNICI*MARCUS*J***MR*O629261~NM1*82*1*CADDALI*ESTRELLA*A***XX*1164974580~REF*EA*B30CD6DAB0EE41BF9F08357E7E39A7E8~DTM*232*20200422~DTM*233*20200422~SVC*HC:99214*272.99*97.11**1~DTM*472*20200422~CAS*CO*45*175.88~REF*6R*CPOMKQ6I2059~AMT*B6*97.11~LQ*HE*N381~CLP*000100032641*1*178.3*65.81**MC*2020122049367~NM1*QC*1*BOULIER*JEWEL*R***MR*W913486~NM1*82*1*SEARLES*DENISE*A***XX*1396971230~REF*EA*F2BFEE6CE06C42979B93FF3E2C29C8CD~DTM*232*20200402~DTM*233*20200402~SVC*HC:99213:25*178.3*65.81**1~DTM*472*20200402~CAS*CO*45*112.49~REF*6R*CPOMNU33S2H9~AMT*B6*65.81~LQ*HE*N381~CLP*000100033252*1*178.3*63.81*2*MC*2020122049371~NM1*QC*1*PORTER*ASHLEY*C***MR*G299091~NM1*74*1*BURCH~NM1*82*1*GRONEMEYER*LEANNE*R***XX*1659521045~REF*EA*D0C8416E35E346B1825D036DF553979C~DTM*232*20200415~DTM*233*20200415~SVC*HC:99213*178.3*63.81**1~DTM*472*20200415~CAS*PR*3*2~CAS*CO*45*112.49~REF*6R*CPOMLA88T8FV~AMT*B6*65.81~LQ*HE*N381~LQ*HE*N381~CLP*000100033735*1*178.3*65.81**MC*2020122049428~NM1*QC*1*CABELLO*ANNE*L***MR*J047769~NM1*82*1*CADDALI*ESTRELLA*A***XX*1164974580~REF*EA*7F0BBFAE11F6474CB8E740DAF6794137~DTM*232*20200424~DTM*233*20200424~SVC*HC:99213*178.3*65.81**1~DTM*472*20200424~CAS*CO*45*112.49~REF*6R*CPOMCOHJQ3O8~AMT*B6*65.81~LQ*HE*N381~CLP*000100033728*1*178.3*65.81**MC*2020122049449~NM1*QC*1*CABRERA*ALIVIA*C***MR*P268214~NM1*82*1*GRONEMEYER*LEANNE*R***XX*1659521045~REF*EA*2D14754ACE3B42DB8F55C1BC731D40BD~DTM*232*20200423~DTM*233*20200423~SVC*HC:99213*178.3*65.81**1~DTM*472*20200423~CAS*CO*45*112.49~REF*6R*CPOMAR7OBXAI~AMT*B6*65.81~LQ*HE*N381~CLP*000100033506*1*178.3*65.81**MC*2020122049408~NM1*QC*1*CARBAJAL*MELISSA****MR*A287390~NM1*82*1*CADDALI*ESTRELLA*A***XX*1164974580~REF*EA*34B2DEF6CF7A4009B6B5239A523E15D3~DTM*232*20200421~DTM*233*20200421~SVC*HC:99213*178.3*65.81**1~DTM*472*20200421~CAS*CO*45*112.49~REF*6R*CPOMBHMG10AI~AMT*B6*65.81~LQ*HE*N381~CLP*000100033318*1*178.3*65.81**MC*2020122049401~NM1*QC*1*CASADOS*ADAM*N***MR*P210395~NM1*82*1*SEARLES*DENISE*A***XX*1396971230~REF*EA*DB619BC8349345759693FEC4A676F7D3~DTM*232*20200416~DTM*233*20200416~SVC*HC:99213*178.3*65.81**1~DTM*472*20200416~CAS*CO*45*112.49~REF*6R*CPOMZYL7PBZK~AMT*B6*65.81~LQ*HE*N381~CLP*000100033551*1*178.3*65.81**MC*2020122049425~NM1*QC*1*COBERLY*DOUGLAS*D***MR*R899013~NM1*82*1*GRONEMEYER*LEANNE*R***XX*1659521045~REF*EA*612BD871389E4712A79883D6954717F8~DTM*232*20200421~DTM*233*20200421~SVC*HC:99213*178.3*65.81**1~DTM*472*20200421~CAS*CO*45*112.49~REF*6R*CPOMF7HCZHR6~AMT*B6*65.81~LQ*HE*N381~CLP*000100033449*1*178.3*65.81**MC*2020122049386~NM1*QC*1*COLEMAN*ZOEI*J***MR*P176370~NM1*82*1*GRONEMEYER*LEANNE*R***XX*1659521045~REF*EA*5D6FD0F0B5714497AEE2DB632B7BD570~DTM*232*20200420~DTM*233*20200420~SVC*HC:99213*178.3*65.81**1~DTM*472*20200420~CAS*CO*45*112.49~REF*6R*CPOMR9HU5EZX~AMT*B6*65.81~LQ*HE*N381~CLP*000100033640*1*178.3*65.81**MC*2020122049346~NM1*QC*1*CRAMER*CHELSEA*C***MR*G314138~NM1*82*1*GRONEMEYER*LEANNE*R***XX*1659521045~REF*EA*12771FF33499408D961F098A7D72BB1C~DTM*232*20200422~DTM*233*20200422~SVC*HC:99213*178.3*65.81**1~DTM*472*20200422~CAS*CO*45*112.49~REF*6R*CPOMKDKWBHSN~AMT*B6*65.81~LQ*HE*N381~CLP*000100032436*1*178.3*63.81*2*MC*2020122049348~NM1*QC*1*CRAMER*CHELSEA*C***MR*G314138~NM1*82*1*HOOSHMAND-PARSI*KAYHOSROW****XX*1447291851~REF*EA*B7EF22FB2E3545928A368FC99C6B5421~DTM*232*20200330~DTM*233*20200330~SVC*HC:99213:25*178.3*63.81**1~DTM*472*20200330~CAS*PR*3*2~CAS*CO*45*112.49~REF*6R*CPOMZWI7PN2U~AMT*B6*65.81~LQ*HE*N381~LQ*HE*N381~CLP*000100033392*1*178.3*65.81**MC*2020122049388~NM1*QC*1*CRUZ*RICARDO****MR*O537368~NM1*82*1*SEARLES*DENISE*A***XX*1396971230~REF*EA*9F062F85971A42768552D33FD2F63BC5~DTM*232*20200417~DTM*233*20200417~SVC*HC:99213*178.3*65.81**1~DTM*472*20200417~CAS*CO*45*112.49~REF*6R*CPOMM61I9BIA~AMT*B6*65.81~LQ*HE*N381~CLP*000100033621*1*178.3*65.81**MC*2020122049451~NM1*QC*1*DIAZ*DOMINIC*M***MR*U857412~NM1*82*1*GRONEMEYER*LEANNE*R***XX*1659521045~REF*EA*50BFBBBB9D7546928BE2768814C1C577~DTM*232*20200422~DTM*233*20200422~SVC*HC:99213*178.3*65.81**1~DTM*472*20200422~CAS*CO*45*112.49~REF*6R*CPOMOKS9WDU1~AMT*B6*65.81~LQ*HE*N381~CLP*000100033676*1*437.77*109.71**MC*2020122049330~NM1*QC*1*EARP*SAMANTHA*J***MR*G171512~NM1*82*1*LEWIS*HOLLY*G***XX*1295234128~REF*EA*B558D67D111C45E9A0178B22E26E5C64~DTM*232*20200423~DTM*233*20200423~SVC*HC:90791*437.77*109.71**1~DTM*472*20200423~CAS*CO*45*328.06~REF*6R*CPOMO135CM7H~AMT*B6*109.71~LQ*HE*N381~CLP*000100032406*1*88.54*39.39**MC*2020122049399~NM1*QC*1*EARP*SAMANTHA*J***MR*G171512~NM1*82*1*HOOSHMAND-PARSI*KAYHOSROW****XX*1447291851~REF*EA*C5149F98FBC64D9FB55F0DF8D69AE2D9~DTM*232*20200330~DTM*233*20200330~SVC*HC:99212*88.54*39.39**1~DTM*472*20200330~CAS*CO*45*49.15~REF*6R*CPOM6J00YYAQ~AMT*B6*39.39~LQ*HE*N381~CLP*000100032213*1*178.3*65.81**MC*2020122049368~NM1*QC*1*EDMONDS*CHAD*W***MR*O652133~NM1*82*1*HOOSHMAND-PARSI*KAYHOSROW****XX*1447291851~REF*EA*715E6C5478C1453E9F0F33579BE94D4B~DTM*232*20200325~DTM*233*20200325~SVC*HC:99213*178.3*65.81**1~DTM*472*20200325~CAS*CO*45*112.49~REF*6R*CPOMAFSB4JYR~AMT*B6*65.81~LQ*HE*N381~CLP*000100033137*1*272.99*97.11**MC*2020122049369~NM1*QC*1*EDMONDS*CHAD*W***MR*O652133~NM1*82*1*HOOSHMAND-PARSI*KAYHOSROW****XX*1447291851~REF*EA*EA7428B9E1E9415982A199675B35293F~DTM*232*20200413~DTM*233*20200413~SVC*HC:99214*272.99*97.11**1~DTM*472*20200413~CAS*CO*45*175.88~REF*6R*CPOM34GF0HRG~AMT*B6*97.11~LQ*HE*N381~CLP*000100033124*1*88.54*39.39**MC*2020122049339~NM1*QC*1*ELZY*BETHANY****MR*U829312~NM1*82*1*HOOSHMAND-PARSI*KAYHOSROW****XX*1447291851~REF*EA*5EE47701308D45FA8ABE66505DAF9F01~DTM*232*20200413~DTM*233*20200413~SVC*HC:99212*88.54*39.39**1~DTM*472*20200413~CAS*CO*45*49.15~REF*6R*CPOMGVX7ON8F~AMT*B6*39.39~LQ*HE*N381~CLP*000100032758*1*272.99*97.11**MC*2020122049340~NM1*QC*1*ELZY*BETHANY****MR*U829312~NM1*82*1*HOOSHMAND-PARSI*KAYHOSROW****XX*1447291851~REF*EA*CC28DFCE1B4B43CB86F4BF7B5389FBE9~DTM*232*20200406~DTM*233*20200406~SVC*HC:99214*272.99*97.11**1~DTM*472*20200406~CAS*CO*45*175.88~REF*6R*CPOMDICSHZ9P~AMT*B6*97.11~LQ*HE*N381~CLP*000100033908*1*217.66*55.35**MC*2020122049325~NM1*QC*1*ESQUIBEL*SANTINO****MR*Y798815~NM1*82*1*LEWIS*HOLLY*G***XX*1295234128~REF*EA*16CFC4450C744C5599D761FA04C08711~DTM*232*20200428~DTM*233*20200428~SVC*HC:90832*217.66*55.35**1~DTM*472*20200428~CAS*CO*45*162.31~REF*6R*CPOM1ZMREUUA~AMT*B6*55.35~LQ*HE*N381~CLP*000100033349*1*272.99*97.11**MC*2020122049383~NM1*QC*1*FIERRO*VIRGINIA****MR*B600385~NM1*82*1*SEARLES*DENISE*A***XX*1396971230~REF*EA*81B0A6403E44496782C79D66D42B3237~DTM*232*20200416~DTM*233*20200416~SVC*HC:99214*272.99*97.11**1~DTM*472*20200416~CAS*CO*45*175.88~REF*6R*CPOMVG5TC3LS~AMT*B6*97.11~LQ*HE*N381~CLP*000100033246*1*178.3*65.81**MC*2020122049335~NM1*QC*1*FIORINI*CHRISTENA*E***MR*Y109693~NM1*82*1*GRONEMEYER*LEANNE*R***XX*1659521045~REF*EA*6900D2C88AF74B38A0EBA6AAFB7C072C~DTM*232*20200415~DTM*233*20200415~SVC*HC:99213*178.3*65.81**1~DTM*472*20200415~CAS*CO*45*112.49~REF*6R*CPOMXYZBHGUE~AMT*B6*65.81~LQ*HE*N381~CLP*000100032588*1*178.3*65.81**MC*2020122049336~NM1*QC*1*FIORINI*CHRISTENA*E***MR*Y109693~NM1*82*1*GRONEMEYER*LEANNE*R***XX*1659521045~REF*EA*A22060E23B5B45FE854FD6C45FBBB837~DTM*232*20200401~DTM*233*20200401~SVC*HC:99213*178.3*65.81**1~DTM*472*20200401~CAS*CO*45*112.49~REF*6R*CPOMGSIUOFNU~AMT*B6*65.81~LQ*HE*N381~CLP*000100033339*1*178.3*63.81*2*MC*2020122049354~NM1*QC*1*FLORES*AMBER****MR*S559509~NM1*82*1*SEARLES*DENISE*A***XX*1396971230~REF*EA*959E534E30E74D819A181359FD2FD918~DTM*232*20200416~DTM*233*20200416~SVC*HC:99213*178.3*63.81**1~DTM*472*20200416~CAS*PR*3*2~CAS*CO*45*112.49~REF*6R*CPOM6Q1ZK06M~AMT*B6*65.81~LQ*HE*N381~LQ*HE*N381~CLP*000100033340*1*178.3*65.81**MC*2020122049334~NM1*QC*1*FLORES*KEITH*L***MR*W751068~NM1*82*1*SEARLES*DENISE*A***XX*1396971230~REF*EA*F570E0807CCB4B6DB3A94E7548CFF6E9~DTM*232*20200416~DTM*233*20200416~SVC*HC:99213*178.3*65.81**1~DTM*472*20200416~CAS*CO*45*112.49~REF*6R*CPOMSZTNDNF0~AMT*B6*65.81~LQ*HE*N381~CLP*000100033522*1*178.3*65.81**MC*2020122049403~NM1*QC*1*GALLEGOS*MARIA****MR*Y417816~NM1*82*1*GRONEMEYER*LEANNE*R***XX*1659521045~REF*EA*A600BE05281A4969B3FA2F6C1CAB0818~DTM*232*20200421~DTM*233*20200421~SVC*HC:99213*178.3*65.81**1~DTM*472*20200421~CAS*CO*45*112.49~REF*6R*CPOMY6HWVIHS~AMT*B6*65.81~LQ*HE*N381~CLP*000100033198*1*178.3*65.81**MC*2020122049404~NM1*QC*1*GALLEGOS*MARIA****MR*Y417816~NM1*82*1*GRONEMEYER*LEANNE*R***XX*1659521045~REF*EA*0146CD71AF1349F4AE0B7391EF3F27EC~DTM*232*20200414~DTM*233*20200414~SVC*HC:99213*178.3*65.81**1~DTM*472*20200414~CAS*CO*45*112.49~REF*6R*CPOMUZPJIEZB~AMT*B6*65.81~LQ*HE*N381~CLP*000100032944*1*178.3*65.81**MC*2020122049343~NM1*QC*1*GARCIA*MARIO****MR*D425963~NM1*82*1*HOOSHMAND-PARSI*KAYHOSROW****XX*1447291851~REF*EA*C4D21EEF50CF41619A4B9F8173E10072~DTM*232*20200408~DTM*233*20200408~SVC*HC:99213*178.3*65.81**1~DTM*472*20200408~CAS*CO*45*112.49~REF*6R*CPOM2CSUZVUZ~AMT*B6*65.81~LQ*HE*N381~CLP*000100032043*1*88.54*39.39**MC*2020122049344~NM1*QC*1*GARCIA*MARIO****MR*D425963~NM1*82*1*HOOSHMAND-PARSI*KAYHOSROW****XX*1447291851~REF*EA*363CC0798B0446C7A286853CC478A865~DTM*232*20200324~DTM*233*20200324~SVC*HC:99212*88.54*39.39**1~DTM*472*20200324~CAS*CO*45*49.15~REF*6R*CPOMSQV97H4I~AMT*B6*39.39~LQ*HE*N381~CLP*000100032547*1*88.54*39.39**MC*2020122049345~NM1*QC*1*GARCIA*MARIO****MR*D425963~NM1*82*1*HOOSHMAND-PARSI*KAYHOSROW****XX*1447291851~REF*EA*617707DEE7734539AEF80BB836A836A3~DTM*232*20200401~DTM*233*20200401~SVC*HC:99212*88.54*39.39**1~DTM*472*20200401~CAS*CO*45*49.15~REF*6R*CPOM1AX519TZ~AMT*B6*39.39~LQ*HE*N381~CLP*000100033273*1*178.3*63.81*2*MC*2020122049437~NM1*QC*1*GIERHART*JAMES*T***MR*G669412~NM1*82*1*GRONEMEYER*LEANNE*R***XX*1659521045~REF*EA*84D25A03863747A185C00824A504D029~DTM*232*20200415~DTM*233*20200415~SVC*HC:99213*178.3*63.81**1~DTM*472*20200415~CAS*PR*3*2~CAS*CO*45*112.49~REF*6R*CPOMV9Q4QW0M~AMT*B6*65.81~LQ*HE*N381~LQ*HE*N381~CLP*000100032766*1*272.99*97.11**MC*2020122049419~NM1*QC*1*GILLICK*SHANNON*L***MR*O183500~NM1*82*1*HOOSHMAND-PARSI*KAYHOSROW****XX*1447291851~REF*EA*C6444A8A48D4411EA3B2A449A1913C3E~DTM*232*20200406~DTM*233*20200406~SVC*HC:99214*272.99*97.11**1~DTM*472*20200406~CAS*CO*45*175.88~REF*6R*CPOMUPE2A7WE~AMT*B6*97.11~LQ*HE*N381~CLP*000100031981*1*272.99*97.11**MC*2020122049420~NM1*QC*1*GILLICK*SHANNON*L***MR*O183500~NM1*82*1*HOOSHMAND-PARSI*KAYHOSROW****XX*1447291851~REF*EA*2BC9691E52544270A6D8B2EE392C779A~DTM*232*20200323~DTM*233*20200323~SVC*HC:99214*272.99*97.11**1~DTM*472*20200323~CAS*CO*45*175.88~REF*6R*CPOM5TM8FNSX~AMT*B6*97.11~LQ*HE*N381~CLP*000100033111*1*272.99*97.11**MC*2020122049421~NM1*QC*1*GILLICK*SHANNON*L***MR*O183500~NM1*82*1*HOOSHMAND-PARSI*KAYHOSROW****XX*1447291851~REF*EA*935137C4934044969580AE6B1F10F410~DTM*232*20200413~DTM*233*20200413~SVC*HC:99214*272.99*97.11**1~DTM*472*20200413~CAS*CO*45*175.88~REF*6R*CPOMU6FK7UPO~AMT*B6*97.11~LQ*HE*N381~CLP*000100033287*1*178.3*65.81**MC*2020122049445~NM1*QC*1*GOW*LAYLA*A***MR*O314223~NM1*82*1*GRONEMEYER*LEANNE*R***XX*1659521045~REF*EA*1CBD5A0E243446629C4B24AA2B85BF40~DTM*232*20200415~DTM*233*20200415~SVC*HC:99213:25*178.3*65.81**1~DTM*472*20200415~CAS*CO*45*112.49~REF*6R*CPOMKI8L8G7Q~AMT*B6*65.81~LQ*HE*N381~CLP*000100033126*1*178.3*65.81**MC*2020122049373~NM1*QC*1*GUERRA-DELACRUZ MARTINEZ*HERLINDA*M***MR*R965343~NM1*74*1*GUERRADELACRUZ~NM1*82*1*HOOSHMAND-PARSI*KAYHOSROW****XX*1447291851~REF*EA*271A4E7AD7BF4834B65073FBF832D4FB~DTM*232*20200413~DTM*233*20200413~SVC*HC:99213*178.3*65.81**1~DTM*472*20200413~CAS*CO*45*112.49~REF*6R*CPOMCS7ES167~AMT*B6*65.81~LQ*HE*N381~CLP*000100032528*1*178.3*63.81*2*MC*2020122049435~NM1*QC*1*GUERRERO*SONYA*M***MR*S127505~NM1*82*1*HOOSHMAND-PARSI*KAYHOSROW****XX*1447291851~REF*EA*A54E7B997F124B0CA9C247EE3444D397~DTM*232*20200331~DTM*233*20200331~SVC*HC:99213:25*178.3*63.81**1~DTM*472*20200331~CAS*PR*3*2~CAS*CO*45*112.49~REF*6R*CPOM4NOJ27BX~AMT*B6*65.81~LQ*HE*N381~LQ*HE*N381~CLP*000100033372*1*178.3*65.81**MC*2020122049398~NM1*QC*1*GURULE*TRAVIS*L***MR*O382860~NM1*82*1*SEARLES*DENISE*A***XX*1396971230~REF*EA*ADD5A6CB6258461986874B9A0BAC88B9~DTM*232*20200417~DTM*233*20200417~SVC*HC:99213*178.3*65.81**1~DTM*472*20200417~CAS*CO*45*112.49~REF*6R*CPOMXNH2MIMK~AMT*B6*65.81~LQ*HE*N381~CLP*000100032021*1*178.3*65.52*.29*MC*2020122049349~NM1*QC*1*HALL*KRISTINA*K***MR*S324169~NM1*82*1*HOOSHMAND-PARSI*KAYHOSROW****XX*1447291851~REF*EA*845FF5A7DAD946B381A27EF2823AB22B~DTM*232*20200324~DTM*233*20200324~SVC*HC:99213:25*178.3*65.52**1~DTM*472*20200324~CAS*PR*3*.29~CAS*CO*45*112.49~REF*6R*CPOM9FRT8UVV~AMT*B6*65.81~LQ*HE*N381~LQ*HE*N381~CLP*000100032021*1*15*8.42**MC*2020122049350~NM1*QC*1*HALL*KRISTINA*K***MR*S324169~NM1*82*1*HOOSHMAND-PARSI*KAYHOSROW****XX*1447291851~REF*EA*90C86D9F8A7D45F2899D4A94071425F1~DTM*232*20200324~DTM*233*20200324~SVC*HC:81025*15*8.42**1~DTM*472*20200324~CAS*CO*45*6.58~REF*6R*CPOM80JMQW5D~AMT*B6*8.42~LQ*HE*N381~CLP*000100033981*1*178.3*63.81*2*MC*2020122049351~NM1*QC*1*HALL*KRISTINA*K***MR*S324169~NM1*82*1*CADDALI*ESTRELLA*A***XX*1164974580~REF*EA*B40EC30489A84C47BEDF2DA2BCFF18C1~DTM*232*20200429~DTM*233*20200429~SVC*HC:99213*178.3*63.81**1~DTM*472*20200429~CAS*PR*3*2~CAS*CO*45*112.49~REF*6R*CPOMYY772BJ0~AMT*B6*65.81~LQ*HE*N381~LQ*HE*N381~CLP*000100033673*1*178.3*65.81**MC*2020122049359~NM1*QC*1*HANSON*CYNTHIA****MR*W412067~NM1*82*1*HOOSHMAND-PARSI*KAYHOSROW****XX*1447291851~REF*EA*4DD3FEC4A07543A1BF7B4ACC2F14AB71~DTM*232*20200423~DTM*233*20200423~SVC*HC:99213*178.3*65.81**1~DTM*472*20200423~CAS*CO*45*112.49~REF*6R*CPOMCG1M8JOJ~AMT*B6*65.81~LQ*HE*N381~CLP*000100033891*1*178.3*63.81*2*MC*2020122049377~NM1*QC*1*HERNANDEZ*PATRICIA****MR*N926539~NM1*82*1*CADDALI*ESTRELLA*A***XX*1164974580~REF*EA*66B1C8466BD24CA2B25679EFFB542EE2~DTM*232*20200428~DTM*233*20200428~SVC*HC:99213*178.3*63.81**1~DTM*472*20200428~CAS*PR*3*2~CAS*CO*45*112.49~REF*6R*CPOM625U4QQS~AMT*B6*65.81~LQ*HE*N381~LQ*HE*N381~CLP*000100033585*1*178.3*63.81*2*MC*2020122049378~NM1*QC*1*HERNANDEZ*PATRICIA****MR*N926539~NM1*82*1*CADDALI*ESTRELLA*A***XX*1164974580~REF*EA*6BAA2612D0294F9C83C6F28B3F4D2C87~DTM*232*20200422~DTM*233*20200422~SVC*HC:99213*178.3*63.81**1~DTM*472*20200422~CAS*PR*3*2~CAS*CO*45*112.49~REF*6R*CPOM26AT3556~AMT*B6*65.81~LQ*HE*N381~LQ*HE*N381~CLP*000100033538*1*178.3*65.81**MC*2020122049360~NM1*QC*1*HERRERA*CLAUDIA****MR*K156429~NM1*82*1*SEARLES*DENISE*A***XX*1396971230~REF*EA*BB83C7219FF04A4EB27D0CD150890316~DTM*232*20200421~DTM*233*20200421~SVC*HC:99213*178.3*65.81**1~DTM*472*20200421~CAS*CO*45*112.49~REF*6R*CPOMCZ5X86V8~AMT*B6*65.81~LQ*HE*N381~CLP*000100033024*1*290.21*71.25**MC*2020122049331~NM1*QC*1*JEX*LOUISE*E***MR*B117513~NM1*82*1*LEWIS*HOLLY*G***XX*1295234128~REF*EA*CDC7ADC9AEF045BC9C4224CE75D46B8C~DTM*232*20200409~DTM*233*20200409~SVC*HC:90834*290.21*71.25**1~DTM*472*20200409~CAS*CO*45*218.96~REF*6R*CPOMLYT169CT~AMT*B6*71.25~LQ*HE*N381~CLP*000100033609*1*178.3*63.81*2*MC*2020122049414~NM1*QC*1*JEX*LOUISE*E***MR*B117513~NM1*82*1*GRONEMEYER*LEANNE*R***XX*1659521045~REF*EA*7DABC5B2D9C74895BB0DBAD9D711CD19~DTM*232*20200422~DTM*233*20200422~SVC*HC:99213*178.3*63.81**1~DTM*472*20200422~CAS*PR*3*2~CAS*CO*45*112.49~REF*6R*CPOMWX3NPA40~AMT*B6*65.81~LQ*HE*N381~LQ*HE*N381~CLP*000100032967*1*1888.99*1185.6**MC*2020122049361~NM1*QC*1*JIRON*ROMAN****MR*G679343~NM1*82*1*HOOSHMAND-PARSI*KAYHOSROW****XX*1447291851~REF*EA*5DF473090E3749DA9C01C46D652792BF~DTM*232*20200408~DTM*233*20200408~SVC*HC:96372*83.99*0**0**1~DTM*472*20200408~CAS*CO*109*83.99~REF*6R*CPOMJLEDYPHB~LQ*HE*N381~SVC*HC:J2315*1805*1185.6**380~DTM*472*20200408~CAS*CO*45*619.4~REF*6R*CPOM360RUKPP~AMT*B6*1185.6~LQ*HE*N381~CLP*000100032967*1*272.99*97.11**MC*2020122049362~NM1*QC*1*JIRON*ROMAN****MR*G679343~NM1*82*1*HOOSHMAND-PARSI*KAYHOSROW****XX*1447291851~REF*EA*16C7FB4DC25149A284F4BE2B2420D38E~DTM*232*20200408~DTM*233*20200408~SVC*HC:99214:25*272.99*97.11**1~DTM*472*20200408~CAS*CO*45*175.88~REF*6R*CPOMFY5C53IT~AMT*B6*97.11~LQ*HE*N381~CLP*000100033351*1*218.3*74.81*2*MC*2020122049438~NM1*QC*1*JOHNSON*GRANT*O***MR*P126521~NM1*82*1*SEARLES*DENISE*A***XX*1396971230~REF*EA*08D8AA6382E04DA6A34E0B3424DD66E9~DTM*232*20200417~DTM*233*20200417~SVC*HC:99213:25*178.3*63.81**1~DTM*472*20200417~CAS*PR*3*2~CAS*CO*45*112.49~REF*6R*CPOMCD475WTK~AMT*B6*65.81~LQ*HE*N381~LQ*HE*N381~SVC*HC:G8510*40*11**1~DTM*472*20200417~CAS*CO*45*29~REF*6R*CPOMBQ86QUPS~AMT*B6*11~LQ*HE*N381~CLP*000100033351*1*1888.99*1185.6**MC*2020122049439~NM1*QC*1*JOHNSON*GRANT*O***MR*P126521~NM1*82*1*SEARLES*DENISE*A***XX*1396971230~REF*EA*9039AE0850F444F680F57AAC7FC0B12D~DTM*232*20200417~DTM*233*20200417~SVC*HC:96372*83.99*0**0**1~DTM*472*20200417~CAS*CO*109*83.99~REF*6R*CPOMT7HRV7UA~LQ*HE*N381~SVC*HC:J2315*1805*1185.6**380~DTM*472*20200417~CAS*CO*45*619.4~REF*6R*CPOMADCZPBUL~AMT*B6*1185.6~LQ*HE*N381~CLP*000100033770*1*178.3*63.81*2*MC*2020122049389~NM1*QC*1*JOHNSON*LASHAWN*J***MR*J148245~NM1*82*1*SEARLES*DENISE*A***XX*1396971230~REF*EA*72F729C112AA4F9D8D8A125B871663A2~DTM*232*20200424~DTM*233*20200424~SVC*HC:99213*178.3*63.81**1~DTM*472*20200424~CAS*PR*3*2~CAS*CO*45*112.49~REF*6R*CPOMSG3DZY1T~AMT*B6*65.81~LQ*HE*N381~LQ*HE*N381~CLP*000100033906*1*217.66*55.35**MC*2020122049332~NM1*QC*1*LEYVA*JORDAN****MR*Q083353~NM1*82*1*LEWIS*HOLLY*G***XX*1295234128~REF*EA*2E4C760D901B4C208CCEFDCC479D91A1~DTM*232*20200428~DTM*233*20200428~SVC*HC:90832*217.66*55.35**1~DTM*472*20200428~CAS*CO*45*162.31~REF*6R*CPOM7WDKGRJ0~AMT*B6*55.35~LQ*HE*N381~CLP*000100033338*1*1903.99*1185.6**MC*2020122049337~NM1*QC*1*LINDSAY SANDERS*SHABREA*D***MR*Q818873~NM1*74*1*LINDSAYSANDERS~NM1*82*1*SEARLES*DENISE*A***XX*1396971230~REF*EA*6D3CF1979E9A45F6AF90F0AE8EB0D874~DTM*232*20200416~DTM*233*20200416~SVC*HC:96372*83.99*0**0**1~DTM*472*20200416~CAS*CO*109*83.99~REF*6R*CPOMVO9832Z5~LQ*HE*N381~SVC*HC:J2315*1805*1185.6**380~DTM*472*20200416~CAS*CO*45*619.4~REF*6R*CPOM49AG5RN6~AMT*B6*1185.6~LQ*HE*N381~SVC*HC:81025*15*0**0**1~DTM*472*20200416~CAS*PI*5*15~REF*6R*CPOMS4OSPL7H~LQ*HE*M77~LQ*HE*M77~CLP*000100033338*1*218.3*76.81**MC*2020122049338~NM1*QC*1*LINDSAY SANDERS*SHABREA*D***MR*Q818873~NM1*74*1*LINDSAYSANDERS~NM1*82*1*SEARLES*DENISE*A***XX*1396971230~REF*EA*37843595973849899E7CAC08C70DD40E~DTM*232*20200416~DTM*233*20200416~SVC*HC:99213:25*178.3*65.81**1~DTM*472*20200416~CAS*CO*45*112.49~REF*6R*CPOMNQHWXEC4~AMT*B6*65.81~LQ*HE*N381~SVC*HC:G8510*40*11**1~DTM*472*20200416~CAS*CO*45*29~REF*6R*CPOM1M9LGUWA~AMT*B6*11~LQ*HE*N381~CLP*000100033978*1*178.3*65.81**MC*2020122049405~NM1*QC*1*LOBATO*DAVINA****MR*H882144~NM1*82*1*CADDALI*ESTRELLA*A***XX*1164974580~REF*EA*FEECCBE241774E5CA1BC29363FB21987~DTM*232*20200429~DTM*233*20200429~SVC*HC:99213*178.3*65.81**1~DTM*472*20200429~CAS*CO*45*112.49~REF*6R*CPOMAI2UYMQH~AMT*B6*65.81~LQ*HE*N381~CLP*000100033647*1*178.3*65.81**MC*2020122049411~NM1*QC*1*LOPEZ*ERNESTO*A***MR*O049438~NM1*82*1*GRONEMEYER*LEANNE*R***XX*1659521045~REF*EA*7B4295ED9E214762A3AF822CFF01C984~DTM*232*20200423~DTM*233*20200423~SVC*HC:99213*178.3*65.81**1~DTM*472*20200423~CAS*CO*45*112.49~REF*6R*CPOMGA377HC6~AMT*B6*65.81~LQ*HE*N381~CLP*000100033163*1*272.99*97.11**MC*2020122049412~NM1*QC*1*LOPEZ*ERNESTO*A***MR*O049438~NM1*82*1*GRONEMEYER*LEANNE*R***XX*1659521045~REF*EA*D22B124E5C794C318DC88256C390F879~DTM*232*20200414~DTM*233*20200414~SVC*HC:99214*272.99*97.11**1~DTM*472*20200414~CAS*CO*45*175.88~REF*6R*CPOM2XTZJQSM~AMT*B6*97.11~LQ*HE*N381~CLP*000100033255*1*178.3*65.81**MC*2020122049413~NM1*QC*1*LOPEZ*ERNESTO*A***MR*O049438~NM1*82*1*GRONEMEYER*LEANNE*R***XX*1659521045~REF*EA*BE60077ED00F4A86917606FC01214835~DTM*232*20200415~DTM*233*20200415~SVC*HC:99213*178.3*65.81**1~DTM*472*20200415~CAS*CO*45*112.49~REF*6R*CPOM51JPUKOQ~AMT*B6*65.81~LQ*HE*N381~CLP*000100033128*1*272.99*97.11**MC*2020122049440~NM1*QC*1*MAGANA*CARLA*R***MR*M671813~NM1*82*1*HOOSHMAND-PARSI*KAYHOSROW****XX*1447291851~REF*EA*C97DADB475C04867B203AD20399C0BF2~DTM*232*20200413~DTM*233*20200413~SVC*HC:99214*272.99*97.11**1~DTM*472*20200413~CAS*CO*45*175.88~REF*6R*CPOM8LJI41NI~AMT*B6*97.11~LQ*HE*N381~CLP*000100033628*1*178.3*65.81**MC*2020122049396~NM1*QC*1*MAITLAND*MATTHEW****MR*P947985~NM1*82*1*GRONEMEYER*LEANNE*R***XX*1659521045~REF*EA*3450C0F711294842A88C8B45D7BDF224~DTM*232*20200422~DTM*233*20200422~SVC*HC:99213*178.3*65.81**1~DTM*472*20200422~CAS*CO*45*112.49~REF*6R*CPOM12JO3N6K~AMT*B6*65.81~LQ*HE*N381~CLP*000100033667*1*272.99*95.11*2*MC*2020122049406~NM1*QC*1*MARTINEZ*JOANNA*L***MR*D997532~NM1*82*1*CADDALI*ESTRELLA*A***XX*1164974580~REF*EA*952ABE4606A1440EBC739AC2B6F98F6A~DTM*232*20200423~DTM*233*20200423~SVC*HC:99214*272.99*95.11**1~DTM*472*20200423~CAS*PR*3*2~CAS*CO*45*175.88~REF*6R*CPOME1ZWTXIV~AMT*B6*97.11~LQ*HE*N381~LQ*HE*N381~CLP*000100033719*1*178.3*65.81**MC*2020122049395~NM1*QC*1*MATAMOROS*RICHARD****MR*D789780~NM1*82*1*GRONEMEYER*LEANNE*R***XX*1659521045~REF*EA*1FCADE301B534C66B9C6DC7565956087~DTM*232*20200423~DTM*233*20200423~SVC*HC:99213*178.3*65.81**1~DTM*472*20200423~CAS*CO*45*112.49~REF*6R*CPOMCTQABTN3~AMT*B6*65.81~LQ*HE*N381~CLP*000100033067*1*178.3*65.81**MC*2020122049459~NM1*QC*1*MEDINA*TAMMY*A***MR*F616296~NM1*82*1*SEARLES*DENISE*A***XX*1396971230~REF*EA*86E123257A8B42B3BB7CC206DB7B5986~DTM*232*20200410~DTM*233*20200410~SVC*HC:99213*178.3*65.81**1~DTM*472*20200410~CAS*CO*45*112.49~REF*6R*CPOMMNR3JOBC~AMT*B6*65.81~LQ*HE*N381~CLP*000100032538*1*272.99*97.11**MC*2020122049429~NM1*QC*1*MENGES*AMY*J***MR*Q984196~NM1*82*1*HOOSHMAND-PARSI*KAYHOSROW****XX*1447291851~REF*EA*428B4E4B2C5446C5B6432DCDCC9C8C1B~DTM*232*20200401~DTM*233*20200401~SVC*HC:99214*272.99*97.11**1~DTM*472*20200401~CAS*CO*45*175.88~REF*6R*CPOM70FFMSLS~AMT*B6*97.11~LQ*HE*N381~CLP*000100033118*1*178.3*65.81**MC*2020122049430~NM1*QC*1*MENGES*AMY*J***MR*Q984196~NM1*82*1*HOOSHMAND-PARSI*KAYHOSROW****XX*1447291851~REF*EA*385B5F43220B4F039060CD90FF1CE87A~DTM*232*20200413~DTM*233*20200413~SVC*HC:99213*178.3*65.81**1~DTM*472*20200413~CAS*CO*45*112.49~REF*6R*CPOMJR7QE3XN~AMT*B6*65.81~LQ*HE*N381~CLP*000100033722*1*178.3*65.81**MC*2020122049375~NM1*QC*1*MITCHELL*SHERRY****MR*I873951~NM1*82*1*CADDALI*ESTRELLA*A***XX*1164974580~REF*EA*515132B6473346B587C90F66E0854B76~DTM*232*20200423~DTM*233*20200423~SVC*HC:99213*178.3*65.81**1~DTM*472*20200423~CAS*CO*45*112.49~REF*6R*CPOMQKI425TS~AMT*B6*65.81~LQ*HE*N381~CLP*000100033248*1*178.3*65.81**MC*2020122049402~NM1*QC*1*MONSON*SAVANNAH*R***MR*U391305~NM1*82*1*GRONEMEYER*LEANNE*R***XX*1659521045~REF*EA*1230D8874BC344A2A611C76E1B064ED5~DTM*232*20200415~DTM*233*20200415~SVC*HC:99213*178.3*65.81**1~DTM*472*20200415~CAS*CO*45*112.49~REF*6R*CPOM0Z2DGMIK~AMT*B6*65.81~LQ*HE*N381~CLP*000100034008*1*88.54*39.39**MC*2020122049416~NM1*QC*1*MONTEZ*JASMINE*R***MR*Y365117~NM1*82*1*CADDALI*ESTRELLA*A***XX*1164974580~REF*EA*10DB1ED8E3794AC2BD920F41CB1DC544~DTM*232*20200429~DTM*233*20200429~SVC*HC:99212*88.54*39.39**1~DTM*472*20200429~CAS*CO*45*49.15~REF*6R*CPOM1Z2QA7UQ~AMT*B6*39.39~LQ*HE*N381~CLP*000100033295*1*178.3*63.81*2*MC*2020122049415~NM1*QC*1*NELSON*WILLIAM*L***MR*C654639~NM1*82*1*GRONEMEYER*LEANNE*R***XX*1659521045~REF*EA*AB2A71908CEC4999AF7D3A0BA01EC96C~DTM*232*20200415~DTM*233*20200415~SVC*HC:99213*178.3*63.81**1~DTM*472*20200415~CAS*PR*3*2~CAS*CO*45*112.49~REF*6R*CPOMQTLUCX3D~AMT*B6*65.81~LQ*HE*N381~LQ*HE*N381~CLP*000100033929*1*178.3*65.81**MC*2020122049422~NM1*QC*1*PAULSEN*STACY****MR*W216187~NM1*82*1*CADDALI*ESTRELLA*A***XX*1164974580~REF*EA*3AEF67809288409CB6CC668A5DD028AA~DTM*232*20200428~DTM*233*20200428~SVC*HC:99213*178.3*65.81**1~DTM*472*20200428~CAS*CO*45*112.49~REF*6R*CPOM3L14J8RV~AMT*B6*65.81~LQ*HE*N381~CLP*000100034016*1*272.99*97.11**MC*2020122049423~NM1*QC*1*PAULSEN*STACY****MR*W216187~NM1*82*1*CADDALI*ESTRELLA*A***XX*1164974580~REF*EA*9C50977288604DA298BB421B9FFB559D~DTM*232*20200429~DTM*233*20200429~SVC*HC:99214*272.99*97.11**1~DTM*472*20200429~CAS*CO*45*175.88~REF*6R*CPOMX8MDKXVM~AMT*B6*97.11~LQ*HE*N381~CLP*000100033760*1*272.99*97.11**MC*2020122049424~NM1*QC*1*PAULSEN*STACY****MR*W216187~NM1*82*1*CADDALI*ESTRELLA*A***XX*1164974580~REF*EA*A4AC901953574C5885F4F11D34D980E9~DTM*232*20200424~DTM*233*20200424~SVC*HC:99214*272.99*97.11**1~DTM*472*20200424~CAS*CO*45*175.88~REF*6R*CPOMJM6KXPKK~AMT*B6*97.11~LQ*HE*N381~CLP*000100033521*1*272.99*97.11**MC*2020122049418~NM1*QC*1*PEARCE*HOPE*E***MR*Y742739~NM1*82*1*CADDALI*ESTRELLA*A***XX*1164974580~REF*EA*8613EB9A7D214B4E9D9D1DBCF28F21D4~DTM*232*20200421~DTM*233*20200421~SVC*HC:99214*272.99*97.11**1~DTM*472*20200421~CAS*CO*45*175.88~REF*6R*CPOMPPACNOG0~AMT*B6*97.11~LQ*HE*N381~CLP*000100033553*1*178.3*63.81*2*MC*2020122049355~NM1*QC*1*PLY*GARY****MR*P789657~NM1*82*1*CADDALI*ESTRELLA*A***XX*1164974580~REF*EA*0A43FCA7168B4280A2F54AC5F0AF5639~DTM*232*20200421~DTM*233*20200421~SVC*HC:99213*178.3*63.81**1~DTM*472*20200421~CAS*PR*3*2~CAS*CO*45*112.49~REF*6R*CPOMSIGOAQ2H~AMT*B6*65.81~LQ*HE*N381~LQ*HE*N381~CLP*000100033550*1*178.3*65.81**MC*2020122049370~NM1*QC*1*ROMERO*MARGARITO*L***MR*I929050~NM1*82*1*CADDALI*ESTRELLA*A***XX*1164974580~REF*EA*5F22F962B3514E7BB13682C0D391D01A~DTM*232*20200421~DTM*233*20200421~SVC*HC:99213*178.3*65.81**1~DTM*472*20200421~CAS*CO*45*112.49~REF*6R*CPOMIUQFZOTF~AMT*B6*65.81~LQ*HE*N381~CLP*000100033337*1*178.3*65.81**MC*2020122049356~NM1*QC*1*ROPER*PAISLEY*J***MR*P628184~NM1*82*1*SEARLES*DENISE*A***XX*1396971230~REF*EA*AF55849B9964405C9412B2FBA7BC22E9~DTM*232*20200416~DTM*233*20200416~SVC*HC:99213*178.3*65.81**1~DTM*472*20200416~CAS*CO*45*112.49~REF*6R*CPOMQESVZ05B~AMT*B6*65.81~LQ*HE*N381~CLP*000100033711*1*217.66*55.35**MC*2020122049323~NM1*QC*1*ROYBAL*CELESTINA*A***MR*I238627~NM1*82*1*LEWIS*HOLLY*G***XX*1295234128~REF*EA*7CE57915C25C40B6A0782AD91867E0CD~DTM*232*20200423~DTM*233*20200423~SVC*HC:90832*217.66*55.35**1~DTM*472*20200423~CAS*CO*45*162.31~REF*6R*CPOMY6M104N7~AMT*B6*55.35~LQ*HE*N381~CLP*000100033672*1*272.99*97.11**MC*2020122049353~NM1*QC*1*ROYBAL*CELESTINA*A***MR*I238627~NM1*82*1*CADDALI*ESTRELLA*A***XX*1164974580~REF*EA*61197179CCE24073B8016F4469254D5A~DTM*232*20200423~DTM*233*20200423~SVC*HC:99214*272.99*97.11**1~DTM*472*20200423~CAS*CO*45*175.88~REF*6R*CPOM7H4W8JUR~AMT*B6*97.11~LQ*HE*N381~CLP*000100033838*1*178.3*65.81**MC*2020122049454~NM1*QC*1*RUIZ*RACHEL*M***MR*S803725~NM1*82*1*GRONEMEYER*LEANNE*R***XX*1659521045~REF*EA*AE47FDFE33F848C28E7C9ADDE6595B16~DTM*232*20200427~DTM*233*20200427~SVC*HC:99213*178.3*65.81**1~DTM*472*20200427~CAS*CO*45*112.49~REF*6R*CPOM9RTZRBI2~AMT*B6*65.81~LQ*HE*N381~CLP*000100031982*1*178.3*65.81**MC*2020122049446~NM1*QC*1*SAIS*MICHAEL*E***MR*N765754~NM1*82*1*HOOSHMAND-PARSI*KAYHOSROW****XX*1447291851~REF*EA*775E25C6EEE84BBAA9BFE546EDA06A18~DTM*232*20200323~DTM*233*20200323~SVC*HC:99213*178.3*65.81**1~DTM*472*20200323~CAS*CO*45*112.49~REF*6R*CPOM4K395SWV~AMT*B6*65.81~LQ*HE*N381~CLP*000100033834*1*178.3*65.81**MC*2020122049427~NM1*QC*1*SANCHEZ*AMBER****MR*J869881~NM1*82*1*GRONEMEYER*LEANNE*R***XX*1659521045~REF*EA*8498EF9235D14B728399A01E485BE134~DTM*232*20200427~DTM*233*20200427~SVC*HC:99213*178.3*65.81**1~DTM*472*20200427~CAS*CO*45*112.49~REF*6R*CPOMKFMZ3TSC~AMT*B6*65.81~LQ*HE*N381~CLP*000100033003*1*272.99*97.11**MC*2020122049387~NM1*QC*1*SANCHEZ*MARIO****MR*L108247~NM1*82*1*HOOSHMAND-PARSI*KAYHOSROW****XX*1447291851~REF*EA*535C0A60A988477EB2B9E96AD31E4201~DTM*232*20200409~DTM*233*20200409~SVC*HC:99214*272.99*97.11**1~DTM*472*20200409~CAS*CO*45*175.88~REF*6R*CPOMYVUTUILK~AMT*B6*97.11~LQ*HE*N381~CLP*000100033545*1*178.3*63.81*2*MC*2020122049394~NM1*QC*1*SANDOVAL*JULIA*A***MR*Y177297~NM1*82*1*CADDALI*ESTRELLA*A***XX*1164974580~REF*EA*E6013C2666194561BE7BC96E2169A4C7~DTM*232*20200421~DTM*233*20200421~SVC*HC:99213*178.3*63.81**1~DTM*472*20200421~CAS*PR*3*2~CAS*CO*45*112.49~REF*6R*CPOMY0WKAVRF~AMT*B6*65.81~LQ*HE*N381~LQ*HE*N381~CLP*000100032960*1*272.99*97.11**MC*2020122049431~NM1*QC*1*SANTISTEVAN*MARILYN****MR*J932671~NM1*82*1*HOOSHMAND-PARSI*KAYHOSROW****XX*1447291851~REF*EA*10981DE7B4B044F39E70F397C92864D9~DTM*232*20200408~DTM*233*20200408~SVC*HC:99214*272.99*97.11**1~DTM*472*20200408~CAS*CO*45*175.88~REF*6R*CPOM77TGRATY~AMT*B6*97.11~LQ*HE*N381~CLP*000100033937*1*272.99*97.11**MC*2020122049410~NM1*QC*1*SCHRINER*JACOB*E***MR*Y893432~NM1*82*1*CADDALI*ESTRELLA*A***XX*1164974580~REF*EA*DB8B468CD0B84062833BD71C567D74E0~DTM*232*20200428~DTM*233*20200428~SVC*HC:99214*272.99*97.11**1~DTM*472*20200428~CAS*CO*45*175.88~REF*6R*CPOMT5MOO1CF~AMT*B6*97.11~LQ*HE*N381~CLP*000100032741*1*178.3*63.81*2*MC*2020122049358~NM1*QC*1*SCHUDAR*JOHN*R***MR*Y988342~NM1*82*1*HOOSHMAND-PARSI*KAYHOSROW****XX*1447291851~REF*EA*8404E6B0CA6047EFB4DD8BAEC2191DD1~DTM*232*20200406~DTM*233*20200406~SVC*HC:99213*178.3*63.81**1~DTM*472*20200406~CAS*PR*3*2~CAS*CO*45*112.49~REF*6R*CPOMPHI2CCUZ~AMT*B6*65.81~LQ*HE*N381~LQ*HE*N381~CLP*000100033456*1*178.3*63.81*2*MC*2020122049452~NM1*QC*1*SMITH*DESTINY*L***MR*Q240284~NM1*82*1*GRONEMEYER*LEANNE*R***XX*1659521045~REF*EA*541C228760FD4C3C96E7DE7098FD1A46~DTM*232*20200420~DTM*233*20200420~SVC*HC:99213*178.3*63.81**1~DTM*472*20200420~CAS*PR*3*2~CAS*CO*45*112.49~REF*6R*CPOM6F3G63CK~AMT*B6*65.81~LQ*HE*N381~LQ*HE*N381~CLP*000100033729*1*178.3*63.81*2*MC*2020122049400~NM1*QC*1*SMITH*ROBIN*L***MR*P136864~NM1*82*1*GRONEMEYER*LEANNE*R***XX*1659521045~REF*EA*9DA4CA147ABF4747B56CBEE534954F6C~DTM*232*20200423~DTM*233*20200423~SVC*HC:99213*178.3*63.81**1~DTM*472*20200423~CAS*PR*3*2~CAS*CO*45*112.49~REF*6R*CPOMK3WTDCMZ~AMT*B6*65.81~LQ*HE*N381~LQ*HE*N381~CLP*000100033679*1*178.3*65.81**MC*2020122049426~NM1*QC*1*STRAIT*LORRAINE*A***MR*Y360507~NM1*82*1*GRONEMEYER*LEANNE*R***XX*1659521045~REF*EA*368F743E2BC64A3592404FB2347773AE~DTM*232*20200423~DTM*233*20200423~SVC*HC:99213*178.3*65.81**1~DTM*472*20200423~CAS*CO*45*112.49~REF*6R*CPOMLQQEAS1P~AMT*B6*65.81~LQ*HE*N381~CLP*000100033772*1*178.3*65.81**MC*2020122049385~NM1*QC*1*TANKSLEY*DAYSHA*A***MR*O203621~NM1*82*1*SEARLES*DENISE*A***XX*1396971230~REF*EA*8BBC19B5AFFD493E92096C85A7569C07~DTM*232*20200424~DTM*233*20200424~SVC*HC:99213*178.3*65.81**1~DTM*472*20200424~CAS*CO*45*112.49~REF*6R*CPOMUXC0JY4K~AMT*B6*65.81~LQ*HE*N381~CLP*000100033613*1*217.66*55.35**MC*2020122049333~NM1*QC*1*TORRES*HAVEN*D***MR*L088241~NM1*82*1*LEWIS*HOLLY*G***XX*1295234128~REF*EA*0C7A6DAB20964335B963D4FA042298FC~DTM*232*20200422~DTM*233*20200422~SVC*HC:90832*217.66*55.35**1~DTM*472*20200422~CAS*CO*45*162.31~REF*6R*CPOMEDBN1YHR~AMT*B6*55.35~LQ*HE*N381~CLP*000100033602*1*178.3*65.81**MC*2020122049391~NM1*QC*1*TUCKER*JUDY*L***MR*W894116~NM1*82*1*GRONEMEYER*LEANNE*R***XX*1659521045~REF*EA*C1136B62BF9D4D50A9EE08074FC804E7~DTM*232*20200422~DTM*233*20200422~SVC*HC:99213*178.3*65.81**1~DTM*472*20200422~CAS*CO*45*112.49~REF*6R*CPOMWIRRI1FN~AMT*B6*65.81~LQ*HE*N381~CLP*000100033996*1*272.99*97.11**MC*2020122049381~NM1*QC*1*ULIBARRI*STEPHANIE*R***MR*W341555~NM1*82*1*CADDALI*ESTRELLA*A***XX*1164974580~REF*EA*025C1D7F8FA341AF9EAF675C1E6997E4~DTM*232*20200429~DTM*233*20200429~SVC*HC:99214*272.99*97.11**1~DTM*472*20200429~CAS*CO*45*175.88~REF*6R*CPOMI7D8TRLB~AMT*B6*97.11~LQ*HE*N381~CLP*000100033177*1*178.3*65.81**MC*2020122049341~NM1*QC*1*VARGAS*ERIKA*A***MR*L114609~NM1*82*1*GRONEMEYER*LEANNE*R***XX*1659521045~REF*EA*729030F7D6084418BBE3071A17DA4BC2~DTM*232*20200414~DTM*233*20200414~SVC*HC:99213*178.3*65.81**1~DTM*472*20200414~CAS*CO*45*112.49~REF*6R*CPOMCCI5DMQ7~AMT*B6*65.81~LQ*HE*N381~CLP*000100032828*1*178.3*65.81**MC*2020122049457~NM1*QC*1*VARGAS*MAX****MR*S695147~NM1*82*1*GRONEMEYER*LEANNE*R***XX*1659521045~REF*EA*5BE9D1992C754B5E8D1EAE74ADAAA3F9~DTM*232*20200407~DTM*233*20200407~SVC*HC:99213*178.3*65.81**1~DTM*472*20200407~CAS*CO*45*112.49~REF*6R*CPOMHFQKGB1A~AMT*B6*65.81~LQ*HE*N381~CLP*000100033182*1*178.3*65.81**MC*2020122049458~NM1*QC*1*VARGAS*MAX****MR*S695147~NM1*82*1*GRONEMEYER*LEANNE*R***XX*1659521045~REF*EA*75390DC961764DA0ABDE86F654AA52E7~DTM*232*20200414~DTM*233*20200414~SVC*HC:99213*178.3*65.81**1~DTM*472*20200414~CAS*CO*45*112.49~REF*6R*CPOM545W7WI4~AMT*B6*65.81~LQ*HE*N381~CLP*000100033284*1*217.66*55.35**MC*2020122049329~NM1*QC*1*VELIZ*VENESSA*M***MR*M617287~NM1*82*1*LEWIS*HOLLY*G***XX*1295234128~REF*EA*145C3BC2FB1648DA9A898B84F5BEF7DC~DTM*232*20200415~DTM*233*20200415~SVC*HC:90832*217.66*55.35**1~DTM*472*20200415~CAS*CO*45*162.31~REF*6R*CPOMH6KRSZHP~AMT*B6*55.35~LQ*HE*N381~CLP*000100033278*1*621.47*107.25**MC*2020122049384~NM1*QC*1*VELIZ*VENESSA*M***MR*M617287~NM1*82*1*CADDALI*ESTRELLA*A***XX*1164974580~REF*EA*57B48919AD2F4D8A8FA12CFDFC3D3A94~DTM*232*20200415~DTM*233*20200415~SVC*HC:99213:25*178.3*65.81**1~DTM*472*20200415~CAS*CO*45*112.49~REF*6R*CPOM3IU5ERDE~AMT*B6*65.81~LQ*HE*N381~SVC*HC:H0049*403.17*10.92**1~DTM*472*20200415~CAS*CO*45*392.25~REF*6R*CPOMT44MPDHP~AMT*B6*10.92~LQ*HE*N381~SVC*HC:G8431*40*30.52**1~DTM*472*20200415~CAS*CO*45*9.48~REF*6R*CPOM1SPY7THT~AMT*B6*30.52~LQ*HE*N381~CLP*000100033598*1*272.99*97.11**MC*2020122049397~NM1*QC*1*VIGIL*ALBERT****MR*Y910988~NM1*82*1*HOOSHMAND-PARSI*KAYHOSROW****XX*1447291851~REF*EA*BECD37E4AC984953A16A483AB34513CC~DTM*232*20200422~DTM*233*20200422~SVC*HC:99214*272.99*97.11**1~DTM*472*20200422~CAS*CO*45*175.88~REF*6R*CPOMUF3L75TT~AMT*B6*97.11~LQ*HE*N381~CLP*000100033069*1*178.3*65.81**MC*2020122049379~NM1*QC*1*VIGIL*BOBBY*L***MR*V085872~NM1*82*1*SEARLES*DENISE*A***XX*1396971230~REF*EA*3824F5320A4E49AEBF9EFB8E08514F03~DTM*232*20200410~DTM*233*20200410~SVC*HC:99213*178.3*65.81**1~DTM*472*20200410~CAS*CO*45*112.49~REF*6R*CPOMV5AEY387~AMT*B6*65.81~LQ*HE*N381~CLP*000100033507*1*272.99*97.11**MC*2020122049380~NM1*QC*1*VIGIL*BOBBY*L***MR*V085872~NM1*82*1*GRONEMEYER*LEANNE*R***XX*1659521045~REF*EA*FB7DBAA1D9A84CE48E5C3789A8227C4E~DTM*232*20200421~DTM*233*20200421~SVC*HC:99214*272.99*97.11**1~DTM*472*20200421~CAS*CO*45*175.88~REF*6R*CPOMYCE9GPZG~AMT*B6*97.11~LQ*HE*N381~CLP*000100033594*1*272.99*97.11**MC*2020122049363~NM1*QC*1*VIGIL*FABIAN****MR*J187623~NM1*82*1*HOOSHMAND-PARSI*KAYHOSROW****XX*1447291851~REF*EA*994E02D511354DA786AE336973EF1087~DTM*232*20200422~DTM*233*20200422~SVC*HC:99214*272.99*97.11**1~DTM*472*20200422~CAS*CO*45*175.88~REF*6R*CPOMMS2XSLJB~AMT*B6*97.11~LQ*HE*N381~CLP*000100031938*1*130*76.81**MC*2020122049364~NM1*QC*1*VIGIL*FABIAN****MR*J187623~NM1*82*1*HOOSHMAND-PARSI*KAYHOSROW****XX*1447291851~REF*EA*897B36BEE8CC4C15ADF099386E817C36~DTM*232*20200323~DTM*233*20200323~SVC*HC:99213:25*90*65.81**1~DTM*472*20200323~CAS*CO*45*24.19~REF*6R*CPOMNDBA0E62~AMT*B6*65.81~LQ*HE*N381~SVC*HC:G8510*40*11**1~DTM*472*20200323~CAS*CO*45*29~REF*6R*CPOMKK857946~AMT*B6*11~LQ*HE*N381~CLP*000100033191*1*178.3*65.81**MC*2020122049417~NM1*QC*1*VOBACH*PAUL****MR*P235680~NM1*82*1*GRONEMEYER*LEANNE*R***XX*1659521045~REF*EA*7903E81ADFB24FF2A3958B9C168035A8~DTM*232*20200414~DTM*233*20200414~SVC*HC:99213*178.3*65.81**1~DTM*472*20200414~CAS*CO*45*112.49~REF*6R*CPOMHSXNL90W~AMT*B6*65.81~LQ*HE*N381~CLP*000100033601*1*272.99*97.11**MC*2020122049357~NM1*QC*1*WALKER*CHANTEL*R***MR*P824583~NM1*82*1*CADDALI*ESTRELLA*A***XX*1164974580~REF*EA*C3CA3BD687EB47F3ABC9B785DF70D4F0~DTM*232*20200422~DTM*233*20200422~SVC*HC:99214*272.99*97.11**1~DTM*472*20200422~CAS*CO*45*175.88~REF*6R*CPOMKTF680M8~AMT*B6*97.11~LQ*HE*N381~CLP*000100032026*1*178.3*63.81*2*MC*2020122049390~NM1*QC*1*WILLIS*DIANE****MR*D774337~NM1*82*1*HOOSHMAND-PARSI*KAYHOSROW****XX*1447291851~REF*EA*A56C2714FC274BDF91B4FE8F05B657B1~DTM*232*20200324~DTM*233*20200324~SVC*HC:99213*178.3*63.81**1~DTM*472*20200324~CAS*PR*3*2~CAS*CO*45*112.49~REF*6R*CPOMG6M71QWN~AMT*B6*65.81~LQ*HE*N381~LQ*HE*N381~CLP*000100031943*1*88.54*37.39*2*MC*2020122049374~NM1*QC*1*ARMSTRONG YOUNGBLOOD*CASSIDY****MR*Y096253~NM1*74*1*YOUNGBLOOD**R~NM1*82*1*HOOSHMAND-PARSI*KAYHOSROW****XX*1447291851~REF*EA*5D397D6067494832B87FC4E0E96AF21E~DTM*232*20200323~DTM*233*20200323~SVC*HC:99212*88.54*37.39**1~DTM*472*20200323~CAS*PR*3*2~CAS*CO*45*49.15~REF*6R*CPOM1D6B8V0C~AMT*B6*39.39~LQ*HE*N381~LQ*HE*N381~CLP*000100033868*1*178.3*63.81*2*MC*2020122049365~NM1*QC*1*YOUNGBLOOD*CHARLE*J***MR*Y146809~NM1*82*1*CADDALI*ESTRELLA*A***XX*1164974580~REF*EA*CED5F668717C460CA22A44305B3CF6F4~DTM*232*20200428~DTM*233*20200428~SVC*HC:99213*178.3*63.81**1~DTM*472*20200428~CAS*PR*3*2~CAS*CO*45*112.49~REF*6R*CPOMZNT5T6PC~AMT*B6*65.81~LQ*HE*N381~LQ*HE*N381~CLP*000100033536*1*178.3*65.81**MC*2020122049342~NM1*QC*1*ZAMORA*DAVID*E***MR*C225604~NM1*82*1*CADDALI*ESTRELLA*A***XX*1164974580~REF*EA*E1F8222572C24B0FAA0BB09892AA6955~DTM*232*20200421~DTM*233*20200421~SVC*HC:99213*178.3*65.81**1~DTM*472*20200421~CAS*CO*45*112.49~REF*6R*CPOM204GC5I7~AMT*B6*65.81~LQ*HE*N381~CLP*000100033064*1*178.3*65.81**MC*2020122049448~NM1*QC*1*ZUPANCIC*CARLOS*A***MR*K226313~NM1*82*1*SEARLES*DENISE*A***XX*1396971230~REF*EA*BF4669297E2F4AF590A855C956F55DB7~DTM*232*20200410~DTM*233*20200410~SVC*HC:99213*178.3*65.81**1~DTM*472*20200410~CAS*CO*45*112.49~REF*6R*CPOMY1MB54F3~AMT*B6*65.81~LQ*HE*N381~CLP*000100032641*4*15*0**MC*2020122049366~NM1*QC*1*BOULIER*JEWEL*R***MR*W913486~NM1*82*1*SEARLES*DENISE*A***XX*1396971230~REF*EA*BB87C30E1D4140AEBABE37C7D099CD3D~DTM*232*20200402~DTM*233*20200402~SVC*HC:81025*15*0**0**1~DTM*472*20200402~CAS*PI*5*15~REF*6R*CPOM66CC5R2L~LQ*HE*M77~LQ*HE*M77~CLP*000100032436*4*15*0**MC*2020122049347~NM1*QC*1*CRAMER*CHELSEA*C***MR*G314138~NM1*82*1*HOOSHMAND-PARSI*KAYHOSROW****XX*1447291851~REF*EA*144918E5A89C437F9E3A3EF1D542B7E4~DTM*232*20200330~DTM*233*20200330~SVC*HC:81025*15*0**0**1~DTM*472*20200330~CAS*PI*5*15~REF*6R*CPOMRU78Z1YT~LQ*HE*M77~LQ*HE*M77~CLP*000100032418*4*83.99*0**MC*2020122049447~NM1*QC*1*FLUETT*SARAH****MR*O578292~NM1*82*1*HOOSHMAND-PARSI*KAYHOSROW****XX*1447291851~REF*EA*70F6258717B64C1B84DD2F804D1E1E0F~DTM*232*20200330~DTM*233*20200330~SVC*HC:96372*83.99*0**0**1~DTM*472*20200330~CAS*CO*109*83.99~REF*6R*CPOM73TRY22C~LQ*HE*N381~CLP*000100033287*4*15*0**MC*2020122049444~NM1*QC*1*GOW*LAYLA*A***MR*O314223~NM1*82*1*GRONEMEYER*LEANNE*R***XX*1659521045~REF*EA*EEF286F6449A43C89972694D59C690D1~DTM*232*20200415~DTM*233*20200415~SVC*HC:81025*15*0**0**1~DTM*472*20200415~CAS*PI*5*15~REF*6R*CPOM9KDSDBBE~LQ*HE*M77~CLP*000100032528*4*15*0**MC*2020122049436~NM1*QC*1*GUERRERO*SONYA*M***MR*S127505~NM1*82*1*HOOSHMAND-PARSI*KAYHOSROW****XX*1447291851~REF*EA*50259C4CC93A4201AC24BC7CAA0B727E~DTM*232*20200331~DTM*233*20200331~SVC*HC:81025*15*0**0**1~DTM*472*20200331~CAS*PI*5*15~REF*6R*CPOML4BB2MPX~LQ*HE*M77~CLP*000100033699*4*178.3*0**MC*2020122049352~NM1*QC*1*MCCUMBER*ROBERT*S***MR*P542796~NM1*82*1*GRONEMEYER*LEANNE*R***XX*1659521045~REF*EA*631D4BF8BBE145C78B963E13B8C6D14C~DTM*232*20200423~DTM*233*20200423~SVC*HC:99213*178.3*0**0**1~DTM*472*20200423~CAS*PI*167*178.3~REF*6R*CPOMA1M1CS61~LQ*HE*MA63~LQ*HE*MA92~LQ*HE*N56~CLP*000100034054*4*217.66*0**MC*2020122049326~NM1*QC*1*QUINTANA*DANIELLE*A***MR*N559116~NM1*82*1*LEWIS*HOLLY*G***XX*1295234128~REF*EA*ABD0FFC74BCC40F29A5B3DE49D4B3E77~DTM*232*20200430~DTM*233*20200430~SVC*HC:90832*217.66*0**0**1~DTM*472*20200430~CAS*PI*119*217.66~REF*6R*CPOME66EE6RD~LQ*HE*N381~CLP*000100033880*4*178.3*0**MC*2020122049450~NM1*QC*1*SANCHEZ*LEANNA*A***MR*L179099~NM1*82*1*CADDALI*ESTRELLA*A***XX*1164974580~REF*EA*0FC98695405D4DABA0BB74971153C0EC~DTM*232*20200428~DTM*233*20200428~SVC*HC:99213*178.3*0**0**1~DTM*472*20200428~CAS*PI*16*178.3~REF*6R*CPOM1R0M8OXB~LQ*HE*MA64~SE*1759*000010012~GE*1*100011858~IEA*1*100011858~