ISA*00*          *00*          *ZZ*COMEDASSISTPROG*ZZ*6769489        *200302*0231*^*00501*100025362*0*P*:~GS*HP*COMEDASSISTPROG*6769489*20200302*023126*100025362*X*005010X221A1~ST*835*000010012~BPR*I*21143.22*C*ACH*CCP*01*075911603*DA*00000004556640373*1811725341**01*102106569*DA*2200002989138*20200302~TRN*1*000910862*1811725341~REF*EV*1508250911~DTM*405*20200228~N1*PR*CO_TXIX*XV*7912900843~N3*P.O. BOX 30~N4*DENVER*CO*80201~PER*CX*MEDICAID PROVIDER SERVICES*TE*8442352387~PER*BL*MEDICAID PROVIDER SERVICES*TE*8442352387~N1*PE*HEALTH SOLUTIONS MED CENTER*XX*1508250911~REF*TJ*841158933~LX*1~CLP*000100029020*2*90*13.11**MC*2020059001927~NM1*QC*1*AVILA*ROBERT*B***MR*F251953~NM1*82*1*CADDALI*ESTRELLA*A***XX*1164974580~REF*EA*84E47484DB544A498A4D75C039C60398~DTM*232*20200129~DTM*233*20200129~SVC*HC:99213*90*13.11**1~DTM*472*20200129~CAS*CO*45*76.89~REF*6R*CPVEFZTNQ7JQ~AMT*B6*13.11~LQ*HE*N381~LQ*HE*N381~CLP*000100029132*2*194*126.48**MC*2020059001931~NM1*QC*1*CANNON*RICHARD****MR*D825410~NM1*82*1*GRONEMEYER*LEANNE*R***XX*1659521045~REF*EA*AC734605A05A42A9BF1DE1119D5D3892~DTM*232*20200130~DTM*233*20200130~SVC*HC:99214:25*134*95.01**1~DTM*472*20200130~CAS*CO*45*38.99~REF*6R*CPVEIFY1BGSO~AMT*B6*95.01~LQ*HE*N381~LQ*HE*N381~SVC*HC:G0444*20*0**1~DTM*472*20200130~CAS*CO*45*20~REF*6R*CPVEDV6ZWFM9~SVC*HC:G0396*40*31.47**1~DTM*472*20200130~CAS*OA*P22*8.53~REF*6R*CPVEOB3TEYC2~AMT*B6*31.47~LQ*HE*MA125~CLP*000100028798*2*90*65.57**MC*2020055060963~NM1*QC*1*FENWICK*SUSAN****MR*I982356~NM1*82*1*SEARLES*DENISE*A***XX*1396971230~REF*EA*B18BE6BC57954439AAAB587A3908013F~DTM*232*20200124~DTM*233*20200124~SVC*HC:99213*90*65.57**1~DTM*472*20200124~CAS*CO*45*24.43~REF*6R*CPVYPHDULFQX~AMT*B6*65.57~LQ*HE*N381~LQ*HE*N381~CLP*000100029122*2*134*9.48**MC*2020059001923~NM1*QC*1*FORTUNE*CATHERINE*M***MR*O812250~NM1*82*1*HOOSHMAND-PARSI*KAYHOSROW****XX*1447291851~REF*EA*996CC7484DC24F4DB6E49C5B6929CE5F~DTM*232*20200130~DTM*233*20200130~SVC*HC:99214*134*9.48**1~DTM*472*20200130~CAS*CO*45*124.52~REF*6R*CPVE0BDKE4D3~AMT*B6*9.48~LQ*HE*N381~LQ*HE*N381~CLP*000100029281*2*134*19**MC*2020059001921~NM1*QC*1*SWETKY*VICTOR****MR*N729768~NM1*82*1*GRONEMEYER*LEANNE*R***XX*1659521045~REF*EA*A563DCCB66E641359F952E1DF8F5B870~DTM*232*20200203~DTM*233*20200203~SVC*HC:99214*134*19**1~DTM*472*20200203~CAS*CO*45*115~REF*6R*CPVEJQDRTF5L~AMT*B6*19~LQ*HE*N381~LQ*HE*N381~CLP*000100029296*2*134*19**MC*2020059001934~NM1*QC*1*TAVAREZ*BALBINAQ****MR*O311216~NM1*82*1*GRONEMEYER*LEANNE*R***XX*1659521045~REF*EA*1AE3D9F559414AE19279150136B02245~DTM*232*20200203~DTM*233*20200203~SVC*HC:99214*134*19**1~DTM*472*20200203~CAS*CO*45*115~REF*6R*CPVE8YTHNL6S~AMT*B6*19~LQ*HE*N381~LQ*HE*N381~CLP*000100029246*2*134*19**MC*2020059001922~NM1*QC*1*TRUJILLO*YVONNE*D***MR*C027869~NM1*82*1*SEARLES*DENISE*A***XX*1396971230~REF*EA*B09E03A89E0844379E37A275EAF52D40~DTM*232*20200131~DTM*233*20200131~SVC*HC:99214*134*19**1~DTM*472*20200131~CAS*CO*45*115~REF*6R*CPVEY08SNXY9~AMT*B6*19~LQ*HE*N381~LQ*HE*N381~CLP*000100028814*2*158*79.96**MC*2020059001939~NM1*QC*1*TUTTLE*CHRISTOPH*D***MR*W102437~NM1*82*1*CADDALI*ESTRELLA*A***XX*1164974580~REF*EA*5156FE15018047C3B2628A426F3601DA~DTM*232*20200124~DTM*233*20200124~SVC*HC:99214:25*134*76.97**1~DTM*472*20200124~CAS*CO*45*57.03~REF*6R*CPVE1BOSKVOH~AMT*B6*76.97~LQ*HE*N381~LQ*HE*N381~SVC*HC:93000*24*2.99**1~DTM*472*20200124~CAS*CO*45*21.01~REF*6R*CPVE3DB5DCOE~AMT*B6*2.99~LQ*HE*N381~LQ*HE*N381~CLP*000100023078*4*295*0**MC*2020057036128~NM1*QC*1*SMITHLING*TIMOTHY****MR*P388470~NM1*82*1*LUCAS*PEGGI*S***XX*1366419582~REF*EA*A89C6E8CCEB74416930C8D790D688658~DTM*232*20191002~DTM*233*20191002~SVC*HC:99205:25*255*0**0**1~DTM*472*20191002~CAS*PI*96*255~REF*6R*CPWIKJ8H141C~LQ*HE*N56~SVC*HC:G0396*40*0**0**1~DTM*472*20191002~CAS*CO*56*40~REF*6R*CPWI2P8LLNOA~LQ*HE*N130~CLP*000100028548*2*145*22.12**MC*2020057036727~NM1*QC*1*ANGLIN*RAVEN*A***MR*U590534~NM1*82*1*CADDALI*ESTRELLA*A***XX*1164974580~REF*EA*F83F889A0BB9480ABDFAD655E0D5ABDF~DTM*232*20200121~DTM*233*20200121~SVC*HC:99203:25*145*22.12**1~DTM*472*20200121~CAS*CO*45*47.57~CAS*OA*23*75.31~REF*6R*CPWIAKQBJ6UN~AMT*B6*97.43~LQ*HE*MA125~LQ*HE*N381~CLP*000100028564*2*65*34.35**MC*2020057036731~NM1*QC*1*ANGLIN*RAVEN*A***MR*U590534~NM1*82*1*LEWIS*HOLLY*G***XX*1295234128~REF*EA*AC27DFBC8724473982ABF70AE7DDB69B~DTM*232*20200121~DTM*233*20200121~SVC*HC:90832*65*34.35**1~DTM*472*20200121~CAS*CO*45*9.65~CAS*OA*23*21~REF*6R*CPWIH0ABON61~AMT*B6*55.35~LQ*HE*MA125~LQ*HE*N381~CLP*000100029599*1*376*215.36**MC*2020057036677~NM1*QC*1*ARELLANO*STEFAN*G***MR*T457503~NM1*82*1*SEARLES*DENISE*A***XX*1396971230~REF*EA*01E5B109257246BBA0136AA725A4CF45~DTM*232*20200207~DTM*233*20200207~SVC*HC:99205:25*255*186.33**1~DTM*472*20200207~CAS*CO*45*68.67~REF*6R*CPWIC2YU7TYS~AMT*B6*186.33~LQ*HE*N77~LQ*HE*N381~SVC*HC:99415*45*7.11**1~DTM*472*20200207~CAS*CO*45*37.89~REF*6R*CPWIEXT11AFQ~AMT*B6*7.11~LQ*HE*N77~LQ*HE*N381~SVC*HC:H0049*36*10.92**1~DTM*472*20200207~CAS*CO*45*25.08~REF*6R*CPWIFMTQKIDB~AMT*B6*10.92~LQ*HE*N77~LQ*HE*N381~SVC*HC:G8510*40*11**1~DTM*472*20200207~CAS*CO*45*29~REF*6R*CPWIL6FPKRHL~AMT*B6*11~LQ*HE*N77~LQ*HE*N381~CLP*000100028729*1*149*105.53**MC*2020052103667~NM1*QC*1*AVILA*KRISTA*M***MR*K943511~NM1*82*1*SEARLES*DENISE*A***XX*1396971230~REF*EA*80AF5830E89C4B1BA469E0AA1323B458~DTM*232*20200123~DTM*233*20200123~SVC*HC:99214:25*134*97.11**1~DTM*472*20200123~CAS*CO*45*36.89~REF*6R*CPWMW79259TS~AMT*B6*97.11~LQ*HE*N77~LQ*HE*N381~SVC*HC:81025*15*8.42**1~DTM*472*20200123~CAS*CO*45*6.58~REF*6R*CPWM8E1K12YU~AMT*B6*8.42~LQ*HE*N77~LQ*HE*N381~CLP*000100029563*1*149*105.53**MC*2020057036483~NM1*QC*1*AVILA*KRISTA*M***MR*K943511~NM1*82*1*SEARLES*DENISE*A***XX*1396971230~REF*EA*CABB5FDB921F4E5DA1688EDA621BAAC0~DTM*232*20200206~DTM*233*20200206~SVC*HC:99214:25*134*97.11**1~DTM*472*20200206~CAS*CO*45*36.89~REF*6R*CPWIGT920X3I~AMT*B6*97.11~LQ*HE*N77~LQ*HE*N381~SVC*HC:81025*15*8.42**1~DTM*472*20200206~CAS*CO*45*6.58~REF*6R*CPWII9HBUHAO~AMT*B6*8.42~LQ*HE*N77~LQ*HE*N381~CLP*000100029962*1*331*227.77**MC*2020052103905~NM1*QC*1*AYERS*ALEXANDER*D***MR*P040866~NM1*82*1*SEARLES*DENISE*A***XX*1396971230~REF*EA*1B0C9B75E6464EC090F5BF38FF8BA673~DTM*232*20200214~DTM*233*20200214~SVC*HC:99205:25*255*186.33**1~DTM*472*20200214~CAS*CO*45*68.67~REF*6R*CPWMI39A67ZP~AMT*B6*186.33~LQ*HE*N77~LQ*HE*N381~SVC*HC:H0049*36*10.92**1~DTM*472*20200214~CAS*CO*45*25.08~REF*6R*CPWM8MANQPLY~AMT*B6*10.92~LQ*HE*N77~LQ*HE*N381~SVC*HC:G8431*40*30.52**1~DTM*472*20200214~CAS*CO*45*9.48~REF*6R*CPWMJYCBEA4K~AMT*B6*30.52~LQ*HE*N77~LQ*HE*N381~CLP*000100029586*1*90*65.81**MC*2020052104015~NM1*QC*1*BACA*RUBEN*A***MR*Y047437~NM1*82*1*SEARLES*DENISE*A***XX*1396971230~REF*EA*A758A99766D34815A14637A4E2CFD31E~DTM*232*20200206~DTM*233*20200206~SVC*HC:99213*90*65.81**1~DTM*472*20200206~CAS*CO*45*24.19~REF*6R*CPWMZU6682C5~AMT*B6*65.81~LQ*HE*N381~CLP*000100029443*1*134*97.11**MC*2020052103591~NM1*QC*1*BAIRD*ASHLYNN****MR*G563172~NM1*82*1*SEARLES*DENISE*A***XX*1396971230~REF*EA*3B69A5BB68EA486AAA092CDBDA877C51~DTM*232*20200205~DTM*233*20200205~SVC*HC:99214*134*97.11**1~DTM*472*20200205~CAS*CO*45*36.89~REF*6R*CPWMHX2RDWJR~AMT*B6*97.11~LQ*HE*N381~CLP*000100029419*1*134*95.11*2*MC*2020052104003~NM1*QC*1*BAIRD*JEANIE*M***MR*G251794~NM1*82*1*SEARLES*DENISE*A***XX*1396971230~REF*EA*F3DE5A75E8554DABA86301B3EA9298EE~DTM*232*20200205~DTM*233*20200205~SVC*HC:99214*134*95.11**1~DTM*472*20200205~CAS*PR*3*2~CAS*CO*45*36.89~REF*6R*CPWMVJ388AWU~AMT*B6*97.11~LQ*HE*N381~LQ*HE*N381~CLP*000100030003*1*149*103.53*2*MC*2020052103777~NM1*QC*1*BASSETT*JENNIFER*M***MR*W073216~NM1*82*1*LUCAS*PEGGI*S***XX*1366419582~REF*EA*2FCC47BED2F04027BCA19FFF52843E0D~DTM*232*20200218~DTM*233*20200218~SVC*HC:99214*134*95.11**1~DTM*472*20200218~CAS*PR*3*2~CAS*CO*45*36.89~REF*6R*CPWM5T2ZZB9A~AMT*B6*97.11~LQ*HE*N77~LQ*HE*N381~LQ*HE*N381~SVC*HC:81025*15*8.42**1~DTM*472*20200218~CAS*CO*45*6.58~REF*6R*CPWMI4D624YA~AMT*B6*8.42~LQ*HE*N77~LQ*HE*N381~CLP*000100029548*1*134*95.11*2*MC*2020057036561~NM1*QC*1*BEEBE*DUSTIN*C***MR*V104640~NM1*82*1*GRONEMEYER*LEANNE*R***XX*1659521045~REF*EA*CCA02284272842A794E7798CFF76B781~DTM*232*20200206~DTM*233*20200206~SVC*HC:99214*134*95.11**1~DTM*472*20200206~CAS*PR*3*2~CAS*CO*45*36.89~REF*6R*CPWIVU36U6VJ~AMT*B6*97.11~LQ*HE*N381~LQ*HE*N381~CLP*000100029923*1*149*105.53**MC*2020052103545~NM1*QC*1*BOULIER*JEWEL*R***MR*W913486~NM1*82*1*SEARLES*DENISE*A***XX*1396971230~REF*EA*869236E76FD74163A5BC0A3498771512~DTM*232*20200213~DTM*233*20200213~SVC*HC:99214:25*134*97.11**1~DTM*472*20200213~CAS*CO*45*36.89~REF*6R*CPWMSUWLGR6M~AMT*B6*97.11~LQ*HE*N77~LQ*HE*N381~SVC*HC:81025*15*8.42**1~DTM*472*20200213~CAS*CO*45*6.58~REF*6R*CPWMFDIEBH8V~AMT*B6*8.42~LQ*HE*N77~LQ*HE*N381~CLP*000100029620*1*54*39.39**MC*2020052103561~NM1*QC*1*BOULIER*JEWEL*R***MR*W913486~NM1*82*1*CADDALI*ESTRELLA*A***XX*1164974580~REF*EA*8B8F148CF68341A896F3982EFA3FF23D~DTM*232*20200207~DTM*233*20200207~SVC*HC:99212*54*39.39**1~DTM*472*20200207~CAS*CO*45*14.61~REF*6R*CPWMS0KKT0RG~AMT*B6*39.39~LQ*HE*N381~CLP*000100029147*1*149*105.53**MC*2020052103571~NM1*QC*1*BOULIER*JEWEL*R***MR*W913486~NM1*82*1*SEARLES*DENISE*A***XX*1396971230~REF*EA*5A2EBF7EB4A84B98830BE9FFD0F4FC6B~DTM*232*20200130~DTM*233*20200130~SVC*HC:99214:25*134*97.11**1~DTM*472*20200130~CAS*CO*45*36.89~REF*6R*CPWMJKACY5I2~AMT*B6*97.11~LQ*HE*N77~LQ*HE*N381~SVC*HC:81025*15*8.42**1~DTM*472*20200130~CAS*CO*45*6.58~REF*6R*CPWMP5BUJ5XC~AMT*B6*8.42~LQ*HE*N77~LQ*HE*N381~CLP*000100029529*1*90*65.81**MC*2020057036283~NM1*QC*1*BRODEUR*MICHAEL****MR*O634397~NM1*82*1*ROBERTS*BRAD*A***XX*1538435698~REF*EA*9D8E2686860C47659C29C774F4EB4C78~DTM*232*20200206~DTM*233*20200206~SVC*HC:99213*90*65.81**1~DTM*472*20200206~CAS*CO*45*24.19~REF*6R*CPWI9SQYRFQP~AMT*B6*65.81~LQ*HE*N77~LQ*HE*N381~CLP*000100026080*2*134*5.91**MC*2020052103654~NM1*QC*1*BROWN*SAMANTHA*L***MR*U792619~NM1*82*1*HOOSHMAND-PARSI*KAYHOSROW****XX*1447291851~REF*EA*659F1DFC35C24594BA91916B8C117767~DTM*232*20191203~DTM*233*20191203~SVC*HC:99214:25*134*5.91**1~DTM*472*20191203~CAS*CO*45*36.89~CAS*OA*23*91.2~REF*6R*CPWMJXK0626D~AMT*B6*97.11~LQ*HE*N77~LQ*HE*MA125~LQ*HE*N381~CLP*000100029588*1*134*95.11*2*MC*2020052103919~NM1*QC*1*BURACKER*GENEVIEVE****MR*Y759364~NM1*82*1*GRONEMEYER*LEANNE*R***XX*1659521045~REF*EA*A2B426BC90934982A09436E0F35086CF~DTM*232*20200206~DTM*233*20200206~SVC*HC:99214*134*95.11**1~DTM*472*20200206~CAS*PR*3*2~CAS*CO*45*36.89~REF*6R*CPWMK0ZY8XV0~AMT*B6*97.11~LQ*HE*N381~LQ*HE*N381~CLP*000100029672*1*90*65.81**MC*2020052103732~NM1*QC*1*BURNS*KYRA*J***MR*O410409~NM1*82*1*GRONEMEYER*LEANNE*R***XX*1659521045~REF*EA*8EE112FCD4D944D4A3BD7009EB97AE57~DTM*232*20200210~DTM*233*20200210~SVC*HC:99213*90*65.81**1~DTM*472*20200210~CAS*CO*45*24.19~REF*6R*CPWM4ORYLBC7~AMT*B6*65.81~LQ*HE*N381~CLP*000100029557*1*138*100.51**MC*2020057036551~NM1*QC*1*BURNS*KYRA*J***MR*O410409~NM1*82*1*GRONEMEYER*LEANNE*R***XX*1659521045~REF*EA*FAFA2DC005074F04AB663D1E3A06415D~DTM*232*20200206~DTM*233*20200206~SVC*HC:99214:25*134*97.11**1~DTM*472*20200206~CAS*CO*45*36.89~REF*6R*CPWIT79UJJ5J~AMT*B6*97.11~LQ*HE*N381~SVC*HC:81002*4*3.4**1~DTM*472*20200206~CAS*CO*45*.6~REF*6R*CPWI2QCLPN5X~AMT*B6*3.4~LQ*HE*N381~CLP*000100029960*1*149*105.53**MC*2020052103609~NM1*QC*1*CAMPBELL*TAMMY*L***MR*Y574975~NM1*82*1*SEARLES*DENISE*A***XX*1396971230~REF*EA*F33A4203348343F395179F88EFA03576~DTM*232*20200214~DTM*233*20200214~SVC*HC:99214:25*134*97.11**1~DTM*472*20200214~CAS*CO*45*36.89~REF*6R*CPWM1L5MOKXH~AMT*B6*97.11~LQ*HE*N77~LQ*HE*N381~SVC*HC:81025*15*8.42**1~DTM*472*20200214~CAS*CO*45*6.58~REF*6R*CPWMG8DFQ1WO~AMT*B6*8.42~LQ*HE*N77~LQ*HE*N381~CLP*000100029605*1*149*105.53**MC*2020057036466~NM1*QC*1*CAMPBELL*TAMMY*L***MR*Y574975~NM1*82*1*SEARLES*DENISE*A***XX*1396971230~REF*EA*F6CC68CDED0540A286018CDDA79F6FA8~DTM*232*20200207~DTM*233*20200207~SVC*HC:99214:25*134*97.11**1~DTM*472*20200207~CAS*CO*45*36.89~REF*6R*CPWIDROKN3KC~AMT*B6*97.11~LQ*HE*N77~LQ*HE*N381~SVC*HC:81025*15*8.42**1~DTM*472*20200207~CAS*CO*45*6.58~REF*6R*CPWIVICWASRB~AMT*B6*8.42~LQ*HE*N77~LQ*HE*N381~CLP*000100029882*1*134*97.11**MC*2020057036379~NM1*QC*1*CASADOS*ROBERT****MR*Y828703~NM1*82*1*HOOSHMAND-PARSI*KAYHOSROW****XX*1447291851~REF*EA*2772738B32864F78B210DF76D1046CCC~DTM*232*20200213~DTM*233*20200213~SVC*HC:99214*134*97.11**1~DTM*472*20200213~CAS*CO*45*36.89~REF*6R*CPWIMAKBKM7W~AMT*B6*97.11~LQ*HE*N381~CLP*000100029912*1*149*105.53**MC*2020052103939~NM1*QC*1*CHACON*LINDA*M***MR*A670991~NM1*82*1*SEARLES*DENISE*A***XX*1396971230~REF*EA*6B601B6BC848403A9879796223420118~DTM*232*20200213~DTM*233*20200213~SVC*HC:99214:25*134*97.11**1~DTM*472*20200213~CAS*CO*45*36.89~REF*6R*CPWM2J42MU8S~AMT*B6*97.11~LQ*HE*N77~LQ*HE*N381~SVC*HC:81025*15*8.42**1~DTM*472*20200213~CAS*CO*45*6.58~REF*6R*CPWM2JBTTFRE~AMT*B6*8.42~LQ*HE*N77~LQ*HE*N381~CLP*000100029124*1*2228*1432.7**MC*2020052103943~NM1*QC*1*CHACON*LINDA*M***MR*A670991~NM1*82*1*SEARLES*DENISE*A***XX*1396971230~REF*EA*9600000226E546B4B4D0AD1906350128~DTM*232*20200130~DTM*233*20200130~SVC*HC:99205:25*255*186.33**1~DTM*472*20200130~CAS*CO*45*68.67~REF*6R*CPWM54NHQDQ9~AMT*B6*186.33~LQ*HE*N77~LQ*HE*N381~SVC*HC:99415*45*7.11**1~DTM*472*20200130~CAS*CO*45*37.89~REF*6R*CPWMXED36G32~AMT*B6*7.11~LQ*HE*N77~LQ*HE*N381~SVC*HC:96372*32*0**0**1~DTM*472*20200130~CAS*CO*109*32~REF*6R*CPWMUB0NZPAX~LQ*HE*N77~LQ*HE*N381~SVC*HC:J2315*1805*1189.4**380~DTM*472*20200130~CAS*CO*45*615.6~REF*6R*CPWMASL67FVO~AMT*B6*1189.4~LQ*HE*N77~LQ*HE*N381~SVC*HC:H0049*36*10.92**1~DTM*472*20200130~CAS*CO*45*25.08~REF*6R*CPWMU3YARN3Q~AMT*B6*10.92~LQ*HE*N77~LQ*HE*N381~SVC*HC:G8431*40*30.52**1~DTM*472*20200130~CAS*CO*45*9.48~REF*6R*CPWMBG96A1IR~AMT*B6*30.52~LQ*HE*N77~LQ*HE*N381~SVC*HC:81025*15*8.42**1~DTM*472*20200130~CAS*CO*45*6.58~REF*6R*CPWM72QT7FRQ~AMT*B6*8.42~LQ*HE*N77~LQ*HE*N381~CLP*000100029768*1*134*97.11**MC*2020052103705~NM1*QC*1*CHAVEZ*CLAYTON*J***MR*H783417~NM1*82*1*CADDALI*ESTRELLA*A***XX*1164974580~REF*EA*552CC4D3DF24474A82C2B9CB7B59BC17~DTM*232*20200211~DTM*233*20200211~SVC*HC:99214*134*97.11**1~DTM*472*20200211~CAS*CO*45*36.89~REF*6R*CPWMNUM2QBV6~AMT*B6*97.11~LQ*HE*N381~CLP*000100029564*1*134*97.11**MC*2020052103526~NM1*QC*1*CHAVEZ*NATALIE*J***MR*Q822065~NM1*82*1*GRONEMEYER*LEANNE*R***XX*1659521045~REF*EA*82E89EB3371E4AB1979916FE6A9EA649~DTM*232*20200206~DTM*233*20200206~SVC*HC:99214*134*97.11**1~DTM*472*20200206~CAS*CO*45*36.89~REF*6R*CPWMSDGPJZGW~AMT*B6*97.11~LQ*HE*N381~CLP*000100029736*1*54*37.39*2*MC*2020052103621~NM1*QC*1*CHILO*DONALD****MR*O822591~NM1*82*1*CADDALI*ESTRELLA*A***XX*1164974580~REF*EA*43DB4190F9B34E5985424E8AEDBED46D~DTM*232*20200211~DTM*233*20200211~SVC*HC:99212*54*37.39**1~DTM*472*20200211~CAS*PR*3*2~CAS*CO*45*14.61~REF*6R*CPWM4SOBMKF6~AMT*B6*39.39~LQ*HE*N381~LQ*HE*N381~CLP*000100029431*1*134*95.11*2*MC*2020052103922~NM1*QC*1*COFFEE*TALITHA*F***MR*M798889~NM1*82*1*SEARLES*DENISE*A***XX*1396971230~REF*EA*81BEA6A4D3D0440EA9A9EDACDFD344EC~DTM*232*20200205~DTM*233*20200205~SVC*HC:99214*134*95.11**1~DTM*472*20200205~CAS*PR*3*2~CAS*CO*45*36.89~REF*6R*CPWME4DHO4QV~AMT*B6*97.11~LQ*HE*N381~LQ*HE*N381~CLP*000100029694*1*210*117.03*2*MC*2020052103297~NM1*QC*1*COLEMAN*JAMES*D***MR*P176368~NM1*82*1*HOOSHMAND-PARSI*KAYHOSROW****XX*1447291851~REF*EA*182220A07C284620B7D5880CC0CAE247~DTM*232*20200210~DTM*233*20200210~SVC*HC:99214:25*134*95.11**1~DTM*472*20200210~CAS*PR*3*2~CAS*CO*45*36.89~REF*6R*CPWMSUNGZQ4S~AMT*B6*97.11~LQ*HE*N381~LQ*HE*N381~SVC*HC:H0049*36*10.92**1~DTM*472*20200210~CAS*CO*45*25.08~REF*6R*CPWM6SENX2LN~AMT*B6*10.92~LQ*HE*N381~SVC*HC:G8510*40*11**1~DTM*472*20200210~CAS*CO*45*29~REF*6R*CPWMC53NCHIZ~AMT*B6*11~LQ*HE*N381~CLP*000100029846*1*134*97.11**MC*2020057036582~NM1*QC*1*CRAMER*KYRSTEN*P***MR*P381262~NM1*82*1*SEARLES*DENISE*A***XX*1396971230~REF*EA*29A874DB9C2942CFB4BBB3900BB66B9B~DTM*232*20200212~DTM*233*20200212~SVC*HC:99214*134*97.11**1~DTM*472*20200212~CAS*CO*45*36.89~REF*6R*CPWIMBKUFCU0~AMT*B6*97.11~LQ*HE*N381~CLP*000100028901*1*90*65.81**MC*2020052103602~NM1*QC*1*CRUZ*MARIAH****MR*U875752~NM1*82*1*HOOSHMAND-PARSI*KAYHOSROW****XX*1447291851~REF*EA*D45BD063374E4E44BB73ED3853D4F036~DTM*232*20200127~DTM*233*20200127~SVC*HC:99213*90*65.81**1~DTM*472*20200127~CAS*CO*45*24.19~REF*6R*CPWMGZNEPA8N~AMT*B6*65.81~LQ*HE*N77~LQ*HE*N381~CLP*000100029780*1*90*65.81**MC*2020052103739~NM1*QC*1*CUMMINGS*TASHA****MR*R438911~NM1*82*1*SEARLES*DENISE*A***XX*1396971230~REF*EA*393F6B2460064C2F98269F7F2DC9D60D~DTM*232*20200212~DTM*233*20200212~SVC*HC:99213*90*65.81**1~DTM*472*20200212~CAS*CO*45*24.19~REF*6R*CPWM4NMH4VMK~AMT*B6*65.81~LQ*HE*N381~CLP*000100029681*1*314*292.4**MC*2020057036586~NM1*QC*1*DAVIS*ZOE****MR*U420492~NM1*82*1*GRONEMEYER*LEANNE*R***XX*1659521045~REF*EA*57AE9006B3104ECDA9969F9098465601~DTM*232*20200210~DTM*233*20200210~SVC*HC:99214:25:FP*134*119.65**1~DTM*472*20200210~CAS*CO*45*14.35~REF*6R*CPWIOZQOMG73~AMT*B6*119.65~LQ*HE*N381~SVC*HC:11982:FP*180*172.75**1~DTM*472*20200210~CAS*CO*45*7.25~REF*6R*CPWI6NANMNO3~AMT*B6*172.75~LQ*HE*N381~LQ*HE*N381~CLP*000100029576*1*134*97.11**MC*2020052103976~NM1*QC*1*DAY*TROI*L***MR*P719426~NM1*82*1*GRONEMEYER*LEANNE*R***XX*1659521045~REF*EA*0109DB217C7B4787AC1D30BD4B326D42~DTM*232*20200206~DTM*233*20200206~SVC*HC:99214*134*97.11**1~DTM*472*20200206~CAS*CO*45*36.89~REF*6R*CPWMFEH0CXRF~AMT*B6*97.11~LQ*HE*N381~CLP*000100029200*1*376*215.36**MC*2020052103912~NM1*QC*1*DELACRUZ*ALBERTO****MR*R106971~NM1*82*1*SEARLES*DENISE*A***XX*1396971230~REF*EA*C50D65D08B7E4ADD83EF8CDD856BF1A1~DTM*232*20200131~DTM*233*20200131~SVC*HC:99205:25*255*186.33**1~DTM*472*20200131~CAS*CO*45*68.67~REF*6R*CPWMWLZBQTEZ~AMT*B6*186.33~LQ*HE*N77~LQ*HE*N381~SVC*HC:99415*45*7.11**1~DTM*472*20200131~CAS*CO*45*37.89~REF*6R*CPWM6VGJZ529~AMT*B6*7.11~LQ*HE*N77~LQ*HE*N381~SVC*HC:H0049*36*10.92**1~DTM*472*20200131~CAS*CO*45*25.08~REF*6R*CPWM2C583VAU~AMT*B6*10.92~LQ*HE*N77~LQ*HE*N381~SVC*HC:G8510*40*11**1~DTM*472*20200131~CAS*CO*45*29~REF*6R*CPWMY0G5UHL0~AMT*B6*11~LQ*HE*N77~LQ*HE*N381~CLP*000100029718*1*134*97.11**MC*2020057036646~NM1*QC*1*DELACRUZ*ALBERTO****MR*R106971~NM1*82*1*GRONEMEYER*LEANNE*R***XX*1659521045~REF*EA*689DAB91C74F4420AB291B4BE1A615DE~DTM*232*20200211~DTM*233*20200211~SVC*HC:99214*134*97.11**1~DTM*472*20200211~CAS*CO*45*36.89~REF*6R*CPWIU39RN2K8~AMT*B6*97.11~LQ*HE*N77~LQ*HE*N381~CLP*000100030041*1*134*97.11**MC*2020052104007~NM1*QC*1*DIAZ*DOMINIC*M***MR*U857412~NM1*82*1*LUCAS*PEGGI*S***XX*1366419582~REF*EA*DADDB98CBD584BABA113C1488D496BAF~DTM*232*20200218~DTM*233*20200218~SVC*HC:99214*134*97.11**1~DTM*472*20200218~CAS*CO*45*36.89~REF*6R*CPWMSYFBJ5P8~AMT*B6*97.11~LQ*HE*N77~LQ*HE*N381~CLP*000100029671*1*149*105.53**MC*2020057036596~NM1*QC*1*EARP*SAMANTHA*J***MR*G171512~NM1*82*1*HOOSHMAND-PARSI*KAYHOSROW****XX*1447291851~REF*EA*6D875B9351C34EFCA3BB03EEF219F37A~DTM*232*20200210~DTM*233*20200210~SVC*HC:99214:25*134*97.11**1~DTM*472*20200210~CAS*CO*45*36.89~REF*6R*CPWI5NADCZ6F~AMT*B6*97.11~LQ*HE*N77~LQ*HE*N381~SVC*HC:81025*15*8.42**1~DTM*472*20200210~CAS*CO*45*6.58~REF*6R*CPWIUWK2T83W~AMT*B6*8.42~LQ*HE*N77~LQ*HE*N381~CLP*000100030048*1*149*103.53*2*MC*2020052103385~NM1*QC*1*EHLERS*DESIREE*F***MR*P131523~NM1*82*1*LUCAS*PEGGI*S***XX*1366419582~REF*EA*BEFADBF158D1430EA3A5A8C8BA3F1B35~DTM*232*20200218~DTM*233*20200218~SVC*HC:99214:25*134*95.11**1~DTM*472*20200218~CAS*PR*3*2~CAS*CO*45*36.89~REF*6R*CPWMZQ5XKSUS~AMT*B6*97.11~LQ*HE*N77~LQ*HE*N381~LQ*HE*N381~SVC*HC:81025*15*8.42**1~DTM*472*20200218~CAS*CO*45*6.58~REF*6R*CPWM3WFL2220~AMT*B6*8.42~LQ*HE*N77~LQ*HE*N381~CLP*000100029613*1*149*105.53**MC*2020057036129~NM1*QC*1*EISLER*KRISTIN*A***MR*P782592~NM1*82*1*SEARLES*DENISE*A***XX*1396971230~REF*EA*CF386B382D0744099F5B182AD47EB1EA~DTM*232*20200207~DTM*233*20200207~SVC*HC:99214:25*134*97.11**1~DTM*472*20200207~CAS*CO*45*36.89~REF*6R*CPWIIA5STGYQ~AMT*B6*97.11~LQ*HE*N77~LQ*HE*N381~SVC*HC:81025*15*8.42**1~DTM*472*20200207~CAS*CO*45*6.58~REF*6R*CPWILT99BXLB~AMT*B6*8.42~LQ*HE*N77~LQ*HE*N381~CLP*000100029178*1*281*171.51**MC*2020052103882~NM1*QC*1*ENRIQUEZ*GEORGE****MR*G592135~NM1*82*1*HOOSHMAND-PARSI*KAYHOSROW****XX*1447291851~REF*EA*95755D26319141CA9C250B456C2D1218~DTM*232*20200130~DTM*233*20200130~SVC*HC:99204:25*205*149.59**1~DTM*472*20200130~CAS*CO*45*55.41~REF*6R*CPWMJBJDUK8M~AMT*B6*149.59~LQ*HE*N381~SVC*HC:H0049*36*10.92**1~DTM*472*20200130~CAS*CO*45*25.08~REF*6R*CPWMS1BXYZ5A~AMT*B6*10.92~LQ*HE*N381~SVC*HC:G8510*40*11**1~DTM*472*20200130~CAS*CO*45*29~REF*6R*CPWM31T38NCC~AMT*B6*11~LQ*HE*N381~CLP*000100029792*1*90*65.81**MC*2020052103928~NM1*QC*1*FERNANDEZ*RICO*J***MR*P485087~NM1*82*1*CADDALI*ESTRELLA*A***XX*1164974580~REF*EA*91556A1C2DD248D89943654EDC916815~DTM*232*20200212~DTM*233*20200212~SVC*HC:99213*90*65.81**1~DTM*472*20200212~CAS*CO*45*24.19~REF*6R*CPWMQ9PEIBX2~AMT*B6*65.81~LQ*HE*N381~CLP*000100029346*1*281*130.25**MC*2020052103968~NM1*QC*1*FIELDS*LARAMIE*J***MR*G389889~NM1*82*1*SEARLES*DENISE*A***XX*1396971230~REF*EA*52B34DF6A3B24DA89E3DF0EE414FF734~DTM*232*20200204~DTM*233*20200204~SVC*HC:99202:25*135*67.13**1~DTM*472*20200204~CAS*CO*45*67.87~REF*6R*CPWML70D17UB~AMT*B6*67.13~LQ*HE*N381~SVC*HC:90471*35*19.46**1~DTM*472*20200204~CAS*CO*45*15.54~REF*6R*CPWMBZG1UXXH~AMT*B6*19.46~LQ*HE*N381~SVC*HC:90674*35*21.74**1~DTM*472*20200204~CAS*CO*45*13.26~REF*6R*CPWMDA9CPO79~AMT*B6*21.74~LQ*HE*N381~SVC*HC:H0049*36*10.92**1~DTM*472*20200204~CAS*CO*45*25.08~REF*6R*CPWM2W30UA9T~AMT*B6*10.92~LQ*HE*N381~SVC*HC:G8510*40*11**1~DTM*472*20200204~CAS*CO*45*29~REF*6R*CPWMTJ04BPHP~AMT*B6*11~LQ*HE*N381~CLP*000100030025*1*134*97.11**MC*2020052103972~NM1*QC*1*FIELDS*LARAMIE*J***MR*G389889~NM1*82*1*SEARLES*DENISE*A***XX*1396971230~REF*EA*9D9C40DA17CE46909FB741FE65241A9B~DTM*232*20200218~DTM*233*20200218~SVC*HC:99214*134*97.11**1~DTM*472*20200218~CAS*CO*45*36.89~REF*6R*CPWMB946GLMI~AMT*B6*97.11~LQ*HE*N77~LQ*HE*N381~CLP*000100029767*1*90*65.81**MC*2020057036704~NM1*QC*1*FIELDS*LARAMIE*J***MR*G389889~NM1*82*1*SEARLES*DENISE*A***XX*1396971230~REF*EA*BC081562BF3E4868866C241DD4E56E93~DTM*232*20200211~DTM*233*20200211~SVC*HC:99213*90*65.81**1~DTM*472*20200211~CAS*CO*45*24.19~REF*6R*CPWI2QZXL6OA~AMT*B6*65.81~LQ*HE*N381~CLP*000100029475*1*149*105.53**MC*2020057036226~NM1*QC*1*FIORINI*CHRISTENA*E***MR*Y109693~NM1*82*1*GRONEMEYER*LEANNE*R***XX*1659521045~REF*EA*4EF97CCD32C843E1BD2EF42F5D4CA111~DTM*232*20200205~DTM*233*20200205~SVC*HC:99214:25*134*97.11**1~DTM*472*20200205~CAS*CO*45*36.89~REF*6R*CPWII37WJ6GM~AMT*B6*97.11~LQ*HE*N77~LQ*HE*N381~SVC*HC:81025*15*8.42**1~DTM*472*20200205~CAS*CO*45*6.58~REF*6R*CPWI58R6699D~AMT*B6*8.42~LQ*HE*N77~LQ*HE*N381~CLP*000100029539*1*90*65.81**MC*2020057036251~NM1*QC*1*FIORINI*CHRISTENA*E***MR*Y109693~NM1*82*1*CADDALI*ESTRELLA*A***XX*1164974580~REF*EA*1401112950B244579411174C87218954~DTM*232*20200206~DTM*233*20200206~SVC*HC:99213*90*65.81**1~DTM*472*20200206~CAS*CO*45*24.19~REF*6R*CPWIQBE5MH34~AMT*B6*65.81~LQ*HE*N381~CLP*000100029424*1*138*90.61**MC*2020052103368~NM1*QC*1*FLOOD*NIKLAUS*A***MR*P904322~NM1*82*1*CADDALI*ESTRELLA*A***XX*1164974580~REF*EA*0755293244714A32949EE8AA4A0D82C1~DTM*232*20200205~DTM*233*20200205~SVC*HC:99391*138*90.61**1~DTM*472*20200205~CAS*CO*45*47.39~REF*6R*CPWMI76TX6WU~AMT*B6*90.61~LQ*HE*N381~CLP*000100029823*1*134*97.11**MC*2020052103995~NM1*QC*1*FLORES*JOE*F***MR*P507699~NM1*82*1*CADDALI*ESTRELLA*A***XX*1164974580~REF*EA*7FEFFDDB466042EEB8227B50CCD609BE~DTM*232*20200212~DTM*233*20200212~SVC*HC:99214*134*97.11**1~DTM*472*20200212~CAS*CO*45*36.89~REF*6R*CPWMC2NKPMRR~AMT*B6*97.11~LQ*HE*N381~CLP*000100029723*1*221*117.35*2*MC*2020057036741~NM1*QC*1*FRANKLYN*PATRICIA****MR*Y971907~NM1*74*1*FRANKLIN**A~NM1*82*1*SEARLES*DENISE*A***XX*1396971230~REF*EA*C82B65D2E00B4C78A33D90F7567302BF~DTM*232*20200211~DTM*233*20200211~SVC*HC:99203:25*145*95.43**1~DTM*472*20200211~CAS*PR*3*2~CAS*CO*45*47.57~REF*6R*CPWIVLQZBKH6~AMT*B6*97.43~LQ*HE*N381~LQ*HE*N381~SVC*HC:H0049*36*10.92**1~DTM*472*20200211~CAS*CO*45*25.08~REF*6R*CPWIO7OUW2G7~AMT*B6*10.92~LQ*HE*N381~SVC*HC:G8510*40*11**1~DTM*472*20200211~CAS*CO*45*29~REF*6R*CPWIH2HLHNJM~AMT*B6*11~LQ*HE*N381~CLP*000100029491*1*90*65.81**MC*2020057036347~NM1*QC*1*FREIDENBERGER*JOANN****MR*D982237~NM1*82*1*SEARLES*DENISE*A***XX*1396971230~REF*EA*0A822B0F455F45508550C527BE1BF45F~DTM*232*20200205~DTM*233*20200205~SVC*HC:99213*90*65.81**1~DTM*472*20200205~CAS*CO*45*24.19~REF*6R*CPWIVVTRJK5R~AMT*B6*65.81~LQ*HE*N381~CLP*000100026075*1*134*95.11*2*MC*2020057036495~NM1*QC*1*GABEL*LEANNA****MR*G488088~NM1*82*1*CADDALI*ESTRELLA*A***XX*1164974580~REF*EA*EBD5D44528CA499A87228C7EB19CB3DD~DTM*232*20191203~DTM*233*20191203~SVC*HC:99214*134*95.11**1~DTM*472*20191203~CAS*PR*3*2~CAS*CO*45*36.89~REF*6R*CPWI94ILR2IA~AMT*B6*97.11~LQ*HE*N381~LQ*HE*N381~CLP*000100029467*1*134*97.11**MC*2020057036636~NM1*QC*1*GALLAGHER*DAKOTA*K***MR*Y924968~NM1*82*1*SEARLES*DENISE*A***XX*1396971230~REF*EA*E1F86991E281458D9D5A384927B6A5E3~DTM*232*20200205~DTM*233*20200205~SVC*HC:99214*134*97.11**1~DTM*472*20200205~CAS*CO*45*36.89~REF*6R*CPWIZBN73D0R~AMT*B6*97.11~LQ*HE*N381~CLP*000100029497*1*78*60.89**MC*2020057036387~NM1*QC*1*GALLEGOS*ANNETTE****MR*O775073~NM1*82*1*GRONEMEYER*LEANNE*R***XX*1659521045~REF*EA*87A6D9546F3D400AAF77812C64D81F13~DTM*232*20200205~DTM*233*20200205~SVC*HC:99212:25*54*39.39**1~DTM*472*20200205~CAS*CO*45*14.61~REF*6R*CPWI5JB9FCFM~AMT*B6*39.39~LQ*HE*N381~SVC*HC:93000:76*24*21.5**1~DTM*472*20200205~CAS*CO*45*2.5~REF*6R*CPWIKZUCPAXG~AMT*B6*21.5~LQ*HE*N381~CLP*000100029668*1*134*97.11**MC*2020052103965~NM1*QC*1*GALLEGOS*LUCAS****MR*O358388~NM1*82*1*GRONEMEYER*LEANNE*R***XX*1659521045~REF*EA*E97F769CB3CF4D2C9206FE3B7863A590~DTM*232*20200210~DTM*233*20200210~SVC*HC:99214*134*97.11**1~DTM*472*20200210~CAS*CO*45*36.89~REF*6R*CPWMP9MFNHXY~AMT*B6*97.11~LQ*HE*N381~CLP*000100029676*1*134*97.11**MC*2020052103957~NM1*QC*1*GALYON*MICHAEL*K***MR*P707696~NM1*82*1*GRONEMEYER*LEANNE*R***XX*1659521045~REF*EA*F5408A394D5A4794A2AE487B94307FEF~DTM*232*20200210~DTM*233*20200210~SVC*HC:99214*134*97.11**1~DTM*472*20200210~CAS*CO*45*36.89~REF*6R*CPWMX9ZA99BS~AMT*B6*97.11~LQ*HE*N381~CLP*000100028971*1*149*105.53**MC*2020052103355~NM1*QC*1*GAMBOA*NADINE****MR*Q771262~NM1*82*1*GRONEMEYER*LEANNE*R***XX*1659521045~REF*EA*6C3C0E46678147C6A112DAAD4212243C~DTM*232*20200128~DTM*233*20200128~SVC*HC:99214:25*134*97.11**1~DTM*472*20200128~CAS*CO*45*36.89~REF*6R*CPWMA3CU1XNQ~AMT*B6*97.11~LQ*HE*N77~LQ*HE*N381~SVC*HC:81025*15*8.42**1~DTM*472*20200128~CAS*CO*45*6.58~REF*6R*CPWMV4HIDLJJ~AMT*B6*8.42~LQ*HE*N77~LQ*HE*N381~CLP*000100029445*1*134*97.11**MC*2020052103932~NM1*QC*1*GARCIA*DANIEL*R***MR*S702489~NM1*82*1*GRONEMEYER*LEANNE*R***XX*1659521045~REF*EA*E9FA204BA8234247BB650F9114698723~DTM*232*20200205~DTM*233*20200205~SVC*HC:99214*134*97.11**1~DTM*472*20200205~CAS*CO*45*36.89~REF*6R*CPWMN5N15JDI~AMT*B6*97.11~LQ*HE*N77~LQ*HE*N381~CLP*000100029726*1*1975*1289.91**MC*2020057036652~NM1*QC*1*GILMORE*BRIAN*W***MR*U569330~NM1*82*1*GRONEMEYER*LEANNE*R***XX*1659521045~REF*EA*28B07291ED154F739E7E19C4E3E498EA~DTM*232*20200211~DTM*233*20200211~SVC*HC:99214:25*134*97.11**1~DTM*472*20200211~CAS*CO*45*36.89~REF*6R*CPWIJP3ZXKIP~AMT*B6*97.11~LQ*HE*N77~LQ*HE*N381~SVC*HC:96372*32*0**0**1~DTM*472*20200211~CAS*CO*109*32~REF*6R*CPWI42311ELV~LQ*HE*N77~LQ*HE*N381~SVC*HC:J2315*1805*1189.4**380~DTM*472*20200211~CAS*CO*45*615.6~REF*6R*CPWI79I74MVC~AMT*B6*1189.4~LQ*HE*N77~LQ*HE*N381~SVC*HC:81002*4*3.4**1~DTM*472*20200211~CAS*CO*45*.6~REF*6R*CPWIXZNQ8VG3~AMT*B6*3.4~LQ*HE*N77~LQ*HE*N381~CLP*000100029975*1*1986*1294.93**MC*2020052103789~NM1*QC*1*GONZALES*CRYSTAL*D***MR*M921754~NM1*82*1*SEARLES*DENISE*A***XX*1396971230~REF*EA*3E86DB2EDEC449D5B120513D6D8526CA~DTM*232*20200214~DTM*233*20200214~SVC*HC:99214:25*134*97.11**1~DTM*472*20200214~CAS*CO*45*36.89~REF*6R*CPWMZTSN8GTG~AMT*B6*97.11~LQ*HE*N77~LQ*HE*N381~SVC*HC:96372*32*0**0**1~DTM*472*20200214~CAS*CO*109*32~REF*6R*CPWMQJUAZQJG~LQ*HE*N77~LQ*HE*N381~SVC*HC:J2315*1805*1189.4**380~DTM*472*20200214~CAS*CO*45*615.6~REF*6R*CPWMBK8CL0UD~AMT*B6*1189.4~LQ*HE*N77~LQ*HE*N381~SVC*HC:81025*15*8.42**1~DTM*472*20200214~CAS*CO*45*6.58~REF*6R*CPWMVOM9MQZJ~AMT*B6*8.42~LQ*HE*N77~LQ*HE*N381~CLP*000100029104*1*346*236.19**MC*2020052103999~NM1*QC*1*GONZALES*NICOLE****MR*G120912~NM1*82*1*SEARLES*DENISE*A***XX*1396971230~REF*EA*551CCE33CA3B405B9449450DE2E0846A~DTM*232*20200130~DTM*233*20200130~SVC*HC:99205:25*255*186.33**1~DTM*472*20200130~CAS*CO*45*68.67~REF*6R*CPWMZTIPQGPS~AMT*B6*186.33~LQ*HE*N77~LQ*HE*N381~SVC*HC:G8431*40*30.52**1~DTM*472*20200130~CAS*CO*45*9.48~REF*6R*CPWMEP8GP8OC~AMT*B6*30.52~LQ*HE*N77~LQ*HE*N381~SVC*HC:H0049*36*10.92**1~DTM*472*20200130~CAS*CO*45*25.08~REF*6R*CPWMIF1ZPHCF~AMT*B6*10.92~LQ*HE*N77~LQ*HE*N381~SVC*HC:81025*15*8.42**1~DTM*472*20200130~CAS*CO*45*6.58~REF*6R*CPWMUVTZ8RU9~AMT*B6*8.42~LQ*HE*N77~LQ*HE*N381~CLP*000100029622*1*90*63.81*2*MC*2020052104016~NM1*QC*1*GONZALEZ*DANIELLE*L***MR*P267459~NM1*82*1*CADDALI*ESTRELLA*A***XX*1164974580~REF*EA*A9EF7D648F8B45D396D3C0A3B87BF048~DTM*232*20200207~DTM*233*20200207~SVC*HC:99213*90*63.81**1~DTM*472*20200207~CAS*PR*3*2~CAS*CO*45*24.19~REF*6R*CPWMQ05VRLS9~AMT*B6*65.81~LQ*HE*N381~LQ*HE*N381~CLP*000100029440*1*149*105.53**MC*2020052103991~NM1*QC*1*GOW*LAYLA****MR*O314223~NM1*82*1*GRONEMEYER*LEANNE*R***XX*1659521045~REF*EA*25E2E44D18284ED0A8ADB50D704CF2B0~DTM*232*20200205~DTM*233*20200205~SVC*HC:99214:25*134*97.11**1~DTM*472*20200205~CAS*CO*45*36.89~REF*6R*CPWMOHVB5KAH~AMT*B6*97.11~LQ*HE*N77~LQ*HE*N381~SVC*HC:81025*15*8.42**1~DTM*472*20200205~CAS*CO*45*6.58~REF*6R*CPWMSKVB64GX~AMT*B6*8.42~LQ*HE*N77~LQ*HE*N381~CLP*000100028953*1*1971*1286.51**MC*2020052103376~NM1*QC*1*HAIGH*ANDREW****MR*H880429~NM1*82*1*GRONEMEYER*LEANNE*R***XX*1659521045~REF*EA*DEA2DA675112445A8FDD11A1B3F06801~DTM*232*20200128~DTM*233*20200128~SVC*HC:99214:25*134*97.11**1~DTM*472*20200128~CAS*CO*45*36.89~REF*6R*CPWM4GNNGAJ6~AMT*B6*97.11~LQ*HE*N77~LQ*HE*N381~SVC*HC:96372*32*0**0**1~DTM*472*20200128~CAS*CO*109*32~REF*6R*CPWMGR8ZDYPL~LQ*HE*N77~LQ*HE*N381~SVC*HC:J2315*1805*1189.4**380~DTM*472*20200128~CAS*CO*45*615.6~REF*6R*CPWMHSP3ROHC~AMT*B6*1189.4~LQ*HE*N77~LQ*HE*N381~CLP*000100029770*1*134*97.11**MC*2020052103455~NM1*QC*1*HANSON*CYNTHIA****MR*W412067~NM1*82*1*HOOSHMAND-PARSI*KAYHOSROW****XX*1447291851~REF*EA*201CC421A49947A5A0F04E7E862EDBD7~DTM*232*20200211~DTM*233*20200211~SVC*HC:99214*134*97.11**1~DTM*472*20200211~CAS*CO*45*36.89~REF*6R*CPWMO0MPIIQD~AMT*B6*97.11~LQ*HE*N381~CLP*000100029658*1*134*97.11**MC*2020057036353~NM1*QC*1*HEREDIA*NEISHA****MR*M350525~NM1*82*1*HOOSHMAND-PARSI*KAYHOSROW****XX*1447291851~REF*EA*1F8497F1D31744758424F1E80F157453~DTM*232*20200210~DTM*233*20200210~SVC*HC:99214*134*97.11**1~DTM*472*20200210~CAS*CO*45*36.89~REF*6R*CPWIU3CXH9WQ~AMT*B6*97.11~LQ*HE*N77~LQ*HE*N381~CLP*000100029079*1*134*97.11**MC*2020052103952~NM1*QC*1*HERNANDEZ*DEREK*G***MR*Q002007~NM1*82*1*GRONEMEYER*LEANNE*R***XX*1659521045~REF*EA*4C236F07F9784922B33D9C057605E69B~DTM*232*20200129~DTM*233*20200129~SVC*HC:99214*134*97.11**1~DTM*472*20200129~CAS*CO*45*36.89~REF*6R*CPWMFB6OEC09~AMT*B6*97.11~LQ*HE*N77~LQ*HE*N381~CLP*000100029798*1*134*97.11**MC*2020052103497~NM1*QC*1*HERRERA*CLAUDIA****MR*K156429~NM1*82*1*SEARLES*DENISE*A***XX*1396971230~REF*EA*939CD7FAA505439AA828207BD3A9AF78~DTM*232*20200212~DTM*233*20200212~SVC*HC:99214*134*97.11**1~DTM*472*20200212~CAS*CO*45*36.89~REF*6R*CPWMJI3U1DVC~AMT*B6*97.11~LQ*HE*N381~CLP*000100029394*1*90*65.81**MC*2020052103511~NM1*QC*1*HERRERA*CLAUDIA****MR*K156429~NM1*82*1*SEARLES*DENISE*A***XX*1396971230~REF*EA*D78D018D0A8849A6BAD0EA44D7B0F2A2~DTM*232*20200204~DTM*233*20200204~SVC*HC:99213*90*65.81**1~DTM*472*20200204~CAS*CO*45*24.19~REF*6R*CPWMIB1EUV6T~AMT*B6*65.81~LQ*HE*N381~CLP*000100029937*1*149*105.53**MC*2020052103751~NM1*QC*1*HOWARD*CLAUDIA*M***MR*Y099982~NM1*82*1*SEARLES*DENISE*A***XX*1396971230~REF*EA*BB4AB1AA7FF84AD4956E93E2A74CAF30~DTM*232*20200213~DTM*233*20200213~SVC*HC:99214:25*134*97.11**1~DTM*472*20200213~CAS*CO*45*36.89~REF*6R*CPWMXTCZBUQH~AMT*B6*97.11~LQ*HE*N77~LQ*HE*N381~SVC*HC:81025*15*8.42**1~DTM*472*20200213~CAS*CO*45*6.58~REF*6R*CPWMZMB9VRX1~AMT*B6*8.42~LQ*HE*N77~LQ*HE*N381~CLP*000100029375*1*165*107.82**MC*2020052103996~NM1*QC*1*HYNDMAN*DEVIN****MR*L572566~NM1*82*1*SEARLES*DENISE*A***XX*1396971230~REF*EA*B432DFFC13F44A14B3B0B278358CB8C3~DTM*232*20200204~DTM*233*20200204~SVC*HC:99395*165*107.82**1~DTM*472*20200204~CAS*CO*45*57.18~REF*6R*CPWMLT6LDNI4~AMT*B6*107.82~LQ*HE*N381~CLP*000100030066*1*134*95.11*2*MC*2020052103978~NM1*QC*1*JOHNSON*GRANT*O***MR*P126521~NM1*82*1*SEARLES*DENISE*A***XX*1396971230~REF*EA*C23E4037C9A346F4AF575C9A15C2336A~DTM*232*20200218~DTM*233*20200218~SVC*HC:99214:25*134*95.11**1~DTM*472*20200218~CAS*PR*3*2~CAS*CO*45*36.89~REF*6R*CPWMS4RZAZQJ~AMT*B6*97.11~LQ*HE*N77~LQ*HE*N381~LQ*HE*N381~CLP*000100029635*1*134*97.11**MC*2020052103886~NM1*QC*1*JOHNSON*NORA****MR*J694925~NM1*82*1*GRONEMEYER*LEANNE*R***XX*1659521045~REF*EA*B0D88B1928FD47C9BE13C991FA48A913~DTM*232*20200210~DTM*233*20200210~SVC*HC:99214*134*97.11**1~DTM*472*20200210~CAS*CO*45*36.89~REF*6R*CPWMBPAB6DJ9~AMT*B6*97.11~LQ*HE*N381~CLP*000100029439*1*134*97.11**MC*2020052103306~NM1*QC*1*JONES*PAULA****MR*M040589~NM1*82*1*SEARLES*DENISE*A***XX*1396971230~REF*EA*AD9C4401F6FD4827BDF257E10A513435~DTM*232*20200205~DTM*233*20200205~SVC*HC:99214*134*97.11**1~DTM*472*20200205~CAS*CO*45*36.89~REF*6R*CPWMRQNBGV4C~AMT*B6*97.11~LQ*HE*N381~CLP*000100029457*1*134*95.11*2*MC*2020057036402~NM1*QC*1*JUAREZ*ALONDRA****MR*P679285~NM1*82*1*LUCAS*PEGGI*S***XX*1366419582~REF*EA*88FAF5A1DD5B46D982F6BF007A70F2C5~DTM*232*20200205~DTM*233*20200205~SVC*HC:99214*134*95.11**1~DTM*472*20200205~CAS*PR*3*2~CAS*CO*45*36.89~REF*6R*CPWIGWFEVW19~AMT*B6*97.11~LQ*HE*N381~LQ*HE*N381~CLP*000100029245*1*148*96.78**MC*2020052103403~NM1*QC*1*KERK*ELI****MR*O837059~NM1*82*1*SEARLES*DENISE*A***XX*1396971230~REF*EA*F02A458883A8440983AE9EDFBC83B599~DTM*232*20200131~DTM*233*20200131~SVC*HC:99392*148*96.78**1~DTM*472*20200131~CAS*CO*45*51.22~REF*6R*CPWMMCK8619E~AMT*B6*96.78~LQ*HE*N381~CLP*000100029758*1*134*97.11**MC*2020052103870~NM1*QC*1*KERK*JENNA****MR*Y931418~NM1*82*1*SEARLES*DENISE*A***XX*1396971230~REF*EA*B1EFA41D2D6D4B6CAC0002D7DA6B27C0~DTM*232*20200211~DTM*233*20200211~SVC*HC:99214*134*97.11**1~DTM*472*20200211~CAS*CO*45*36.89~REF*6R*CPWM5VD92UJR~AMT*B6*97.11~LQ*HE*N381~CLP*000100029981*1*134*95.11*2*MC*2020052103517~NM1*QC*1*LERMA*VERONICA****MR*P119230~NM1*82*1*SEARLES*DENISE*A***XX*1396971230~REF*EA*FD34B2B13BFD45DF9455C1637085C508~DTM*232*20200214~DTM*233*20200214~SVC*HC:99214*134*95.11**1~DTM*472*20200214~CAS*PR*3*2~CAS*CO*45*36.89~REF*6R*CPWMQM1ZM9JJ~AMT*B6*97.11~LQ*HE*N77~LQ*HE*N381~LQ*HE*N381~CLP*000100029831*1*90*65.81**MC*2020052103338~NM1*QC*1*LINDSAY SANDERS*SHABREA*D***MR*Q818873~NM1*74*1*LINDSAYSANDERS~NM1*82*1*CADDALI*ESTRELLA*A***XX*1164974580~REF*EA*740005F798934E24B04B9BE0CCBD4848~DTM*232*20200212~DTM*233*20200212~SVC*HC:99213*90*65.81**1~DTM*472*20200212~CAS*CO*45*24.19~REF*6R*CPWMZHHTG0UU~AMT*B6*65.81~LQ*HE*N381~CLP*000100029442*1*165*107.82**MC*2020052103350~NM1*QC*1*LINDSAY SANDERS*SHABREA*D***MR*Q818873~NM1*74*1*LINDSAYSANDERS~NM1*82*1*CADDALI*ESTRELLA*A***XX*1164974580~REF*EA*0A64D318C2784D5D853AD5858080AC21~DTM*232*20200205~DTM*233*20200205~SVC*HC:99395*165*107.82**1~DTM*472*20200205~CAS*CO*45*57.18~REF*6R*CPWM7A5YSWCN~AMT*B6*107.82~LQ*HE*N381~CLP*000100029428*1*54*39.39**MC*2020052103799~NM1*QC*1*LOBATO*DAVINA****MR*H882144~NM1*82*1*CADDALI*ESTRELLA*A***XX*1164974580~REF*EA*7ACF26E36F444FE4A7ABE1EC7E9C2774~DTM*232*20200205~DTM*233*20200205~SVC*HC:99212*54*39.39**1~DTM*472*20200205~CAS*CO*45*14.61~REF*6R*CPWMUX8M6ES0~AMT*B6*39.39~LQ*HE*N381~CLP*000100029642*1*296*199.45**MC*2020052103694~NM1*QC*1*LONG*DARICIA*M***MR*S492784~NM1*82*1*HOOSHMAND-PARSI*KAYHOSROW****XX*1447291851~REF*EA*5A72483AFB1C42BC971FC3343081B262~DTM*232*20200210~DTM*233*20200210~SVC*HC:99204:25*205*149.59**1~DTM*472*20200210~CAS*CO*45*55.41~REF*6R*CPWMHN22GMSE~AMT*B6*149.59~LQ*HE*N77~LQ*HE*N381~SVC*HC:H0049*36*10.92**1~DTM*472*20200210~CAS*CO*45*25.08~REF*6R*CPWMSC4ZZ2BI~AMT*B6*10.92~LQ*HE*N77~LQ*HE*N381~SVC*HC:G8431*40*30.52**1~DTM*472*20200210~CAS*CO*45*9.48~REF*6R*CPWMD411XDIF~AMT*B6*30.52~LQ*HE*N77~LQ*HE*N381~SVC*HC:81025*15*8.42**1~DTM*472*20200210~CAS*CO*45*6.58~REF*6R*CPWMCQPTTFRH~AMT*B6*8.42~LQ*HE*N77~LQ*HE*N381~CLP*000100029466*1*54*37.39*2*MC*2020057036431~NM1*QC*1*LOPEZ*SHERRY****MR*L192498~NM1*82*1*CADDALI*ESTRELLA*A***XX*1164974580~REF*EA*8A8F3A988176461FBC0F5D95C1D107EA~DTM*232*20200205~DTM*233*20200205~SVC*HC:99212*54*37.39**1~DTM*472*20200205~CAS*PR*3*2~CAS*CO*45*14.61~REF*6R*CPWI18WWDQPN~AMT*B6*39.39~LQ*HE*N381~LQ*HE*N381~CLP*000100030015*1*134*97.11**MC*2020052103487~NM1*QC*1*LORETO*JOSHUA*R***MR*E192810~NM1*82*1*LUCAS*PEGGI*S***XX*1366419582~REF*EA*5FF8EEDF626D4491809C70F14FA9AF45~DTM*232*20200218~DTM*233*20200218~SVC*HC:99214*134*97.11**1~DTM*472*20200218~CAS*CO*45*36.89~REF*6R*CPWM348KKUGT~AMT*B6*97.11~LQ*HE*N77~LQ*HE*N381~CLP*000100029422*1*134*97.11**MC*2020052103989~NM1*QC*1*LUCERO*ELISABETH*A***MR*K606365~NM1*82*1*SEARLES*DENISE*A***XX*1396971230~REF*EA*BA4795229B2D4FDD94A517E5435E6D00~DTM*232*20200205~DTM*233*20200205~SVC*HC:99214*134*97.11**1~DTM*472*20200205~CAS*CO*45*36.89~REF*6R*CPWM75ROXFSW~AMT*B6*97.11~LQ*HE*N381~CLP*000100029551*1*105*72.23*2*MC*2020057036710~NM1*QC*1*MAGANA*CARLA*R***MR*M671813~NM1*82*1*ROBERTS*BRAD*A***XX*1538435698~REF*EA*0516289AA78A471B9A6FE996EAB756B9~DTM*232*20200206~DTM*233*20200206~SVC*HC:99213:25*90*63.81**1~DTM*472*20200206~CAS*PR*3*2~CAS*CO*45*24.19~REF*6R*CPWIX2VGV3R3~AMT*B6*65.81~LQ*HE*N77~LQ*HE*N381~LQ*HE*N381~SVC*HC:81025*15*8.42**1~DTM*472*20200206~CAS*CO*45*6.58~REF*6R*CPWIBVOXYDOV~AMT*B6*8.42~LQ*HE*N77~LQ*HE*N381~CLP*000100029414*1*90*65.81**MC*2020052103960~NM1*QC*1*MARTINEZ*ANTONIO****MR*O449625~NM1*82*1*LUCAS*PEGGI*S***XX*1366419582~REF*EA*4FFA1BC057724831B31E2A6F2B1C2DBE~DTM*232*20200204~DTM*233*20200204~SVC*HC:99213*90*65.81**1~DTM*472*20200204~CAS*CO*45*24.19~REF*6R*CPWMT7N7L4EX~AMT*B6*65.81~LQ*HE*N381~CLP*000100029546*1*134*97.11**MC*2020057036693~NM1*QC*1*MARTINEZ*DEBRA*A***MR*D395711~NM1*82*1*SEARLES*DENISE*A***XX*1396971230~REF*EA*A0D6B49381B740B4904D48BBACBFD097~DTM*232*20200206~DTM*233*20200206~SVC*HC:99214*134*97.11**1~DTM*472*20200206~CAS*CO*45*36.89~REF*6R*CPWIC9W2CTI1~AMT*B6*97.11~LQ*HE*N77~LQ*HE*N381~CLP*000100029532*1*134*97.11**MC*2020057036615~NM1*QC*1*MARTINEZ*SHAREE****MR*M754320~NM1*82*1*GRONEMEYER*LEANNE*R***XX*1659521045~REF*EA*8470ED0FA45E431CBB442EDC5BBF6E0F~DTM*232*20200206~DTM*233*20200206~SVC*HC:99214*134*97.11**1~DTM*472*20200206~CAS*CO*45*36.89~REF*6R*CPWIMNM79RG0~AMT*B6*97.11~LQ*HE*N381~CLP*000100029077*1*105*74.23**MC*2020057036426~NM1*QC*1*MAXFIELD*KENDRA*M***MR*N150478~NM1*74*1*MAXFIED~NM1*82*1*GRONEMEYER*LEANNE*R***XX*1659521045~REF*EA*F1446A710FDC417794C131E0E9C4DEFC~DTM*232*20200129~DTM*233*20200129~SVC*HC:99213:25*90*65.81**1~DTM*472*20200129~CAS*CO*45*24.19~REF*6R*CPWIQ8ZM62OX~AMT*B6*65.81~LQ*HE*N77~LQ*HE*N381~SVC*HC:81025*15*8.42**1~DTM*472*20200129~CAS*CO*45*6.58~REF*6R*CPWIWN6MLANK~AMT*B6*8.42~LQ*HE*N77~LQ*HE*N381~CLP*000100029452*1*134*97.11**MC*2020052104014~NM1*QC*1*MAZUREK*DIANE****MR*P687663~NM1*82*1*LUCAS*PEGGI*S***XX*1366419582~REF*EA*918A2A0EDCF94B31930A2888A658435C~DTM*232*20200205~DTM*233*20200205~SVC*HC:99214*134*97.11**1~DTM*472*20200205~CAS*CO*45*36.89~REF*6R*CPWM3R7SZRC1~AMT*B6*97.11~LQ*HE*N381~CLP*000100028126*2*54*26.41**MC*2020052103998~NM1*QC*1*MCCRORY*EOWYN****MR*G951424~NM1*82*1*CADDALI*ESTRELLA*A***XX*1164974580~REF*EA*FDFE338C92B54BAD9739925988FB4FC3~DTM*232*20200114~DTM*233*20200114~SVC*HC:99212*54*26.41**1~DTM*472*20200114~CAS*CO*45*14.61~CAS*OA*23*12.98~REF*6R*CPWMQNRK32EP~AMT*B6*39.39~LQ*HE*MA125~LQ*HE*N381~CLP*000100029408*1*134*97.11**MC*2020052103318~NM1*QC*1*MEDINA*JEANNINE****MR*H870875~NM1*82*1*SEARLES*DENISE*A***XX*1396971230~REF*EA*BFC8A2009224427BB452579B7EEBA1B1~DTM*232*20200204~DTM*233*20200204~SVC*HC:99214*134*97.11**1~DTM*472*20200204~CAS*CO*45*36.89~REF*6R*CPWM5A32JCW5~AMT*B6*97.11~LQ*HE*N381~CLP*000100029821*1*134*97.11**MC*2020052103332~NM1*QC*1*MEDINA*JEANNINE****MR*H870875~NM1*82*1*SEARLES*DENISE*A***XX*1396971230~REF*EA*32F36B3017BB48BEA40454F710FD2087~DTM*232*20200212~DTM*233*20200212~SVC*HC:99214*134*97.11**1~DTM*472*20200212~CAS*CO*45*36.89~REF*6R*CPWM11AE2SAQ~AMT*B6*97.11~LQ*HE*N381~CLP*000100028939*1*149*105.53**MC*2020052104013~NM1*QC*1*MEDINA*TAMMY*A***MR*F616296~NM1*82*1*LUCAS*PEGGI*S***XX*1366419582~REF*EA*9C4A70A2D5FD4EF4BF530B1563441D0B~DTM*232*20200128~DTM*233*20200128~SVC*HC:99214:25*134*97.11**1~DTM*472*20200128~CAS*CO*45*36.89~REF*6R*CPWMS0GNERB3~AMT*B6*97.11~LQ*HE*N77~LQ*HE*N381~SVC*HC:81025*15*8.42**1~DTM*472*20200128~CAS*CO*45*6.58~REF*6R*CPWMQEJEHIDU~AMT*B6*8.42~LQ*HE*N77~LQ*HE*N381~CLP*000100029609*1*105*74.23**MC*2020057036322~NM1*QC*1*MITCHELL*JORDAN*K***MR*P498565~NM1*82*1*SEARLES*DENISE*A***XX*1396971230~REF*EA*18CCF1D1811F4B0FBDFC72A9916418F5~DTM*232*20200207~DTM*233*20200207~SVC*HC:99213:25*90*65.81**1~DTM*472*20200207~CAS*CO*45*24.19~REF*6R*CPWILJ8D7YP1~AMT*B6*65.81~LQ*HE*N77~LQ*HE*N381~SVC*HC:81025*15*8.42**1~DTM*472*20200207~CAS*CO*45*6.58~REF*6R*CPWIILNT0QJW~AMT*B6*8.42~LQ*HE*N77~LQ*HE*N381~CLP*000100030065*1*134*97.11**MC*2020052103628~NM1*QC*1*MITCHELL*SHERRY****MR*I873951~NM1*82*1*LUCAS*PEGGI*S***XX*1366419582~REF*EA*B2419FB9CF524352BBB23C5B02F29D58~DTM*232*20200218~DTM*233*20200218~SVC*HC:99214*134*97.11**1~DTM*472*20200218~CAS*CO*45*36.89~REF*6R*CPWM6ZJIZQCM~AMT*B6*97.11~LQ*HE*N381~CLP*000100029370*1*65*55.35**MC*2020052103640~NM1*QC*1*MITCHELL*SHERRY****MR*I873951~NM1*82*1*LEWIS*HOLLY*G***XX*1295234128~REF*EA*52182E837B1E411B9FF0BDF760549955~DTM*232*20200204~DTM*233*20200204~SVC*HC:90832*65*55.35**1~DTM*472*20200204~CAS*CO*45*9.65~REF*6R*CPWMT4QCTCO4~AMT*B6*55.35~LQ*HE*N381~CLP*000100029369*1*134*97.11**MC*2020052103649~NM1*QC*1*MITCHELL*SHERRY****MR*I873951~NM1*82*1*LUCAS*PEGGI*S***XX*1366419582~REF*EA*9F3D20398847423FAF7AA371E86DF504~DTM*232*20200204~DTM*233*20200204~SVC*HC:99214*134*97.11**1~DTM*472*20200204~CAS*CO*45*36.89~REF*6R*CPWM6SA5ZIZJ~AMT*B6*97.11~LQ*HE*N381~CLP*000100029202*1*391*223.78**MC*2020052103406~NM1*QC*1*MONTANO*DANAE*S***MR*W990401~NM1*82*1*SEARLES*DENISE*A***XX*1396971230~REF*EA*1D7A561156EA491EADEA02F7F2A8AA86~DTM*232*20200131~DTM*233*20200131~SVC*HC:99205:25*255*186.33**1~DTM*472*20200131~CAS*CO*45*68.67~REF*6R*CPWMZZDBUBZR~AMT*B6*186.33~LQ*HE*N77~LQ*HE*N381~SVC*HC:99415*45*7.11**1~DTM*472*20200131~CAS*CO*45*37.89~REF*6R*CPWMISITP72F~AMT*B6*7.11~LQ*HE*N77~LQ*HE*N381~SVC*HC:H0049*36*10.92**1~DTM*472*20200131~CAS*CO*45*25.08~REF*6R*CPWM6WT2AU6N~AMT*B6*10.92~LQ*HE*N77~LQ*HE*N381~SVC*HC:G8510*40*11**1~DTM*472*20200131~CAS*CO*45*29~REF*6R*CPWMGCA1TCL4~AMT*B6*11~LQ*HE*N77~LQ*HE*N381~SVC*HC:81025*15*8.42**1~DTM*472*20200131~CAS*CO*45*6.58~REF*6R*CPWMYZRC4TRL~AMT*B6*8.42~LQ*HE*N77~LQ*HE*N381~CLP*000100029524*1*105*74.23**MC*2020057036395~NM1*QC*1*MONTANO*DANAE*S***MR*W990401~NM1*82*1*SEARLES*DENISE*A***XX*1396971230~REF*EA*3794EC17E9774A0CB8DACAB117F64A1B~DTM*232*20200206~DTM*233*20200206~SVC*HC:99213:25*90*65.81**1~DTM*472*20200206~CAS*CO*45*24.19~REF*6R*CPWIMUDRYXBD~AMT*B6*65.81~LQ*HE*N77~LQ*HE*N381~SVC*HC:81025*15*8.42**1~DTM*472*20200206~CAS*CO*45*6.58~REF*6R*CPWIICH3IDST~AMT*B6*8.42~LQ*HE*N77~LQ*HE*N381~CLP*000100029255*1*281*189.03*2*MC*2020052104009~NM1*QC*1*MORROW*MARK*A***MR*O891115~NM1*82*1*LUCAS*PEGGI*S***XX*1366419582~REF*EA*B8D51ECB2A744F4AAC17265A65E95667~DTM*232*20200131~DTM*233*20200131~SVC*HC:99204:25*205*147.59**1~DTM*472*20200131~CAS*PR*3*2~CAS*CO*45*55.41~REF*6R*CPWM5PCVPFDA~AMT*B6*149.59~LQ*HE*N381~LQ*HE*N381~SVC*HC:H0049*36*10.92**1~DTM*472*20200131~CAS*CO*45*25.08~REF*6R*CPWMAQSNWUOO~AMT*B6*10.92~LQ*HE*N381~SVC*HC:G8431*40*30.52**1~DTM*472*20200131~CAS*CO*45*9.48~REF*6R*CPWMT3ZFXPIP~AMT*B6*30.52~LQ*HE*N381~CLP*000100029420*1*134*97.11**MC*2020052103395~NM1*QC*1*NORTON*TIMOTHY*L***MR*O938357~NM1*82*1*GRONEMEYER*LEANNE*R***XX*1659521045~REF*EA*CE1E76B844F4436A99DFF61E0B6EED94~DTM*232*20200205~DTM*233*20200205~SVC*HC:99214*134*97.11**1~DTM*472*20200205~CAS*CO*45*36.89~REF*6R*CPWM6Z94B2HF~AMT*B6*97.11~LQ*HE*N77~LQ*HE*N381~CLP*000100029655*1*134*97.11**MC*2020052103817~NM1*QC*1*ORTIZ*EMILY****MR*L289179~NM1*82*1*GRONEMEYER*LEANNE*R***XX*1659521045~REF*EA*CF92B58395514C17BC2EEE8416534B29~DTM*232*20200210~DTM*233*20200210~SVC*HC:99214*134*97.11**1~DTM*472*20200210~CAS*CO*45*36.89~REF*6R*CPWMTF21PD20~AMT*B6*97.11~LQ*HE*N381~CLP*000100029585*1*138*98.51*2*MC*2020052104011~NM1*QC*1*PEREZ*ASHLEY****MR*E206362~NM1*82*1*GRONEMEYER*LEANNE*R***XX*1659521045~REF*EA*76F297DBC3604DBF99AED82804222FB1~DTM*232*20200206~DTM*233*20200206~SVC*HC:99214:25*134*95.11**1~DTM*472*20200206~CAS*PR*3*2~CAS*CO*45*36.89~REF*6R*CPWM6GZU3518~AMT*B6*97.11~LQ*HE*N381~LQ*HE*N381~SVC*HC:81002*4*3.4**1~DTM*472*20200206~CAS*CO*45*.6~REF*6R*CPWMWCOGWX0O~AMT*B6*3.4~LQ*HE*N381~CLP*000100029689*1*131*96.46**MC*2020052103997~NM1*QC*1*PERRY*LANA****MR*O240197~NM1*82*1*GRONEMEYER*LEANNE*R***XX*1659521045~REF*EA*258B51EDB9AF4D3E8382E7F01A42EEDA~DTM*232*20200210~DTM*233*20200210~SVC*HC:99393*131*96.46**1~DTM*472*20200210~CAS*CO*45*34.54~REF*6R*CPWMVRG3DDY2~AMT*B6*96.46~LQ*HE*N381~CLP*000100029543*1*134*97.11**MC*2020057036689~NM1*QC*1*POLNIAK*LARA****MR*Y969255~NM1*82*1*GRONEMEYER*LEANNE*R***XX*1659521045~REF*EA*39FA47D2224047F0A0B9175E97D74D0C~DTM*232*20200206~DTM*233*20200206~SVC*HC:99214*134*97.11**1~DTM*472*20200206~CAS*CO*45*36.89~REF*6R*CPWIXP7BMU3T~AMT*B6*97.11~LQ*HE*N381~CLP*000100029678*1*134*97.11**MC*2020052104001~NM1*QC*1*QUASTHOFF*ELIZABETH*A***MR*P470059~NM1*82*1*GRONEMEYER*LEANNE*R***XX*1659521045~REF*EA*9679ED4796E741C1925F18AFD9792218~DTM*232*20200210~DTM*233*20200210~SVC*HC:99214*134*97.11**1~DTM*472*20200210~CAS*CO*45*36.89~REF*6R*CPWM7LS4ZXSK~AMT*B6*97.11~LQ*HE*N381~CLP*000100029796*1*80*71.25**MC*2020057036528~NM1*QC*1*QUINTANA*DANIELLE*A***MR*N559116~NM1*82*1*LEWIS*HOLLY*G***XX*1295234128~REF*EA*FA71C99BCC194ED7BFA55AA00D15D89D~DTM*232*20200212~DTM*233*20200212~SVC*HC:90834:HE:HF*80*71.25**1~DTM*472*20200212~CAS*CO*45*8.75~REF*6R*CPWI2V5ZBBL6~AMT*B6*71.25~LQ*HE*N77~LQ*HE*N381~CLP*000100030014*1*134*97.11**MC*2020052103769~NM1*QC*1*RAMIREZ*JAVIER****MR*F684344~NM1*82*1*LUCAS*PEGGI*S***XX*1366419582~REF*EA*5EB693F8844D4127A4DDD4C16A00A94D~DTM*232*20200218~DTM*233*20200218~SVC*HC:99214*134*97.11**1~DTM*472*20200218~CAS*CO*45*36.89~REF*6R*CPWMASL857PB~AMT*B6*97.11~LQ*HE*N77~LQ*HE*N381~CLP*000100029601*1*134*97.11**MC*2020052103982~NM1*QC*1*RATHBUN*AARON*W***MR*P304001~NM1*82*1*SEARLES*DENISE*A***XX*1396971230~REF*EA*6182F40398864E3AB1A134B49A7EC46F~DTM*232*20200207~DTM*233*20200207~SVC*HC:99214*134*97.11**1~DTM*472*20200207~CAS*CO*45*36.89~REF*6R*CPWMHDECBHJ8~AMT*B6*97.11~LQ*HE*N77~LQ*HE*N381~CLP*000100029451*1*134*97.11**MC*2020052104012~NM1*QC*1*TORRES RENTAS*MARIA****MR*P867072~NM1*74*1*RENTAS**E~NM1*82*1*LUCAS*PEGGI*S***XX*1366419582~REF*EA*0191572D62334439921EC35F76DDD33E~DTM*232*20200205~DTM*233*20200205~SVC*HC:99214*134*97.11**1~DTM*472*20200205~CAS*CO*45*36.89~REF*6R*CPWMF9HFC1IT~AMT*B6*97.11~LQ*HE*N381~CLP*000100029337*1*134*95.11*2*MC*2020052104005~NM1*QC*1*ROMERO*MOISES*A***MR*R170894~NM1*82*1*GRONEMEYER*LEANNE*R***XX*1659521045~REF*EA*1E093B2F4B9944DD9D884B6639A915DD~DTM*232*20200204~DTM*233*20200204~SVC*HC:99214*134*95.11**1~DTM*472*20200204~CAS*PR*3*2~CAS*CO*45*36.89~REF*6R*CPWMVSJS7RSC~AMT*B6*97.11~LQ*HE*N77~LQ*HE*N381~LQ*HE*N381~CLP*000100029229*1*281*191.03**MC*2020052103617~NM1*QC*1*SALAZAR*ANESA****MR*Y281518~NM1*82*1*LUCAS*PEGGI*S***XX*1366419582~REF*EA*7FDADADB04B847E58855CAD10384EBEC~DTM*232*20200131~DTM*233*20200131~SVC*HC:99204:25*205*149.59**1~DTM*472*20200131~CAS*CO*45*55.41~REF*6R*CPWMZ77WCN96~AMT*B6*149.59~LQ*HE*N381~SVC*HC:H0049*36*10.92**1~DTM*472*20200131~CAS*CO*45*25.08~REF*6R*CPWML3DWJRU8~AMT*B6*10.92~LQ*HE*N381~SVC*HC:G8431*40*30.52**1~DTM*472*20200131~CAS*CO*45*9.48~REF*6R*CPWMWNEZ76VR~AMT*B6*30.52~LQ*HE*N381~CLP*000100029138*1*149*105.53**MC*2020052103720~NM1*QC*1*SALAZAR*FELICIA*H***MR*G554326~NM1*82*1*SEARLES*DENISE*A***XX*1396971230~REF*EA*15B771B970DB4B81B6F8AF0053626805~DTM*232*20200130~DTM*233*20200130~SVC*HC:99214:25*134*97.11**1~DTM*472*20200130~CAS*CO*45*36.89~REF*6R*CPWMNDS8CHKG~AMT*B6*97.11~LQ*HE*N77~LQ*HE*N381~SVC*HC:81025*15*8.42**1~DTM*472*20200130~CAS*CO*45*6.58~REF*6R*CPWMG9L098W9~AMT*B6*8.42~LQ*HE*N77~LQ*HE*N381~CLP*000100029963*1*90*65.81**MC*2020052103577~NM1*QC*1*SAMSON*CARA*M***MR*Y649542~NM1*82*1*SEARLES*DENISE*A***XX*1396971230~REF*EA*DF74FAD46DA6487A832F8989FF8D737B~DTM*232*20200214~DTM*233*20200214~SVC*HC:99213*90*65.81**1~DTM*472*20200214~CAS*CO*45*24.19~REF*6R*CPWM6OCSW3Z9~AMT*B6*65.81~LQ*HE*N77~LQ*HE*N381~CLP*000100029019*1*149*105.53**MC*2020052104006~NM1*QC*1*SANCHEZ*LEANNA*A***MR*L179099~NM1*82*1*LANE*DELLA*J***XX*1417151630~REF*EA*513101BF8B4E4F37867922A96F7D2F61~DTM*232*20200129~DTM*233*20200129~SVC*HC:99214:25*134*97.11**1~DTM*472*20200129~CAS*CO*45*36.89~REF*6R*CPWMPSYNUN5X~AMT*B6*97.11~LQ*HE*N77~LQ*HE*N381~SVC*HC:81025*15*8.42**1~DTM*472*20200129~CAS*CO*45*6.58~REF*6R*CPWMTIHD3XIL~AMT*B6*8.42~LQ*HE*N77~LQ*HE*N381~CLP*000100029045*1*90*65.81**MC*2020052103807~NM1*QC*1*SANCHEZ*RANDY****MR*Y196130~NM1*82*1*GRONEMEYER*LEANNE*R***XX*1659521045~REF*EA*7B12C7F9FF324FBFAFFB5BB6E734E50A~DTM*232*20200129~DTM*233*20200129~SVC*HC:99213*90*65.81**1~DTM*472*20200129~CAS*CO*45*24.19~REF*6R*CPWM85WKZ7UW~AMT*B6*65.81~LQ*HE*N77~LQ*HE*N381~CLP*000100029478*1*134*97.11**MC*2020057036609~NM1*QC*1*SANCHEZ*RANDY****MR*Y196130~NM1*82*1*GRONEMEYER*LEANNE*R***XX*1659521045~REF*EA*10B8AE2C51604B8584AF26E37350BA3D~DTM*232*20200205~DTM*233*20200205~SVC*HC:99214*134*97.11**1~DTM*472*20200205~CAS*CO*45*36.89~REF*6R*CPWIXHCNWX80~AMT*B6*97.11~LQ*HE*N77~LQ*HE*N381~CLP*000100028965*1*225*125.45*2*MC*2020052103420~NM1*QC*1*SANCHEZ*YVONNE*A***MR*J289148~NM1*82*1*HOOSHMAND-PARSI*KAYHOSROW****XX*1447291851~REF*EA*779345B60AF84AEC838B3F3BEF152BA5~DTM*232*20200128~DTM*233*20200128~SVC*HC:99214:25*134*95.11**1~DTM*472*20200128~CAS*PR*3*2~CAS*CO*45*36.89~REF*6R*CPWMQ46YGJC7~AMT*B6*97.11~LQ*HE*N77~LQ*HE*N381~LQ*HE*N381~SVC*HC:81025*15*8.42**1~DTM*472*20200128~CAS*CO*45*6.58~REF*6R*CPWMQP35S2LJ~AMT*B6*8.42~LQ*HE*N77~LQ*HE*N381~SVC*HC:H0049*36*10.92**1~DTM*472*20200128~CAS*CO*45*25.08~REF*6R*CPWMCW5TCD0H~AMT*B6*10.92~LQ*HE*N77~LQ*HE*N381~SVC*HC:G8510*40*11**1~DTM*472*20200128~CAS*CO*45*29~REF*6R*CPWMT9IHD8UD~AMT*B6*11~LQ*HE*N77~LQ*HE*N381~CLP*000100029737*1*149*103.53*2*MC*2020057036405~NM1*QC*1*SANCHEZ*YVONNE*A***MR*J289148~NM1*82*1*HOOSHMAND-PARSI*KAYHOSROW****XX*1447291851~REF*EA*2099B6D8DB0A404DBD0DE623560117D3~DTM*232*20200211~DTM*233*20200211~SVC*HC:99214:25*134*95.11**1~DTM*472*20200211~CAS*PR*3*2~CAS*CO*45*36.89~REF*6R*CPWIMFEOUCX9~AMT*B6*97.11~LQ*HE*N77~LQ*HE*N381~LQ*HE*N381~SVC*HC:81025*15*8.42**1~DTM*472*20200211~CAS*CO*45*6.58~REF*6R*CPWIPNOXW4US~AMT*B6*8.42~LQ*HE*N77~LQ*HE*N381~CLP*000100029547*1*90*63.81*2*MC*2020057036418~NM1*QC*1*SANCHEZ*YVONNE*A***MR*J289148~NM1*82*1*ROBERTS*BRAD*A***XX*1538435698~REF*EA*0AAD0CFEA0764EA78866B1140934A178~DTM*232*20200206~DTM*233*20200206~SVC*HC:99213*90*63.81**1~DTM*472*20200206~CAS*PR*3*2~CAS*CO*45*24.19~REF*6R*CPWIQ1MB3BCX~AMT*B6*65.81~LQ*HE*N77~LQ*HE*N381~LQ*HE*N381~CLP*000100029469*1*205*149.59**MC*2020057036593~NM1*QC*1*SCHLEIGER*DAVID****MR*O968042~NM1*82*1*LUCAS*PEGGI*S***XX*1366419582~REF*EA*F70BA9A821E44149A534144FA55D0F5F~DTM*232*20200205~DTM*233*20200205~SVC*HC:99204*205*149.59**1~DTM*472*20200205~CAS*CO*45*55.41~REF*6R*CPWI9HIAW711~AMT*B6*149.59~LQ*HE*N381~CLP*000100030049*1*134*95.11*2*MC*2020052103443~NM1*QC*1*SCHUDAR*JOHN*R***MR*Y988342~NM1*82*1*LUCAS*PEGGI*S***XX*1366419582~REF*EA*4237430A5A3143B5AF037913B6B795C6~DTM*232*20200218~DTM*233*20200218~SVC*HC:99214*134*95.11**1~DTM*472*20200218~CAS*PR*3*2~CAS*CO*45*36.89~REF*6R*CPWMV2P6MOA8~AMT*B6*97.11~LQ*HE*N77~LQ*HE*N381~LQ*HE*N381~CLP*000100029217*1*145*97.43**MC*2020052103878~NM1*QC*1*SINTAS*MATTHEW*I***MR*G615603~NM1*82*1*CADDALI*ESTRELLA*A***XX*1164974580~REF*EA*F9030214B38941F5B2858095BA15BBE2~DTM*232*20200131~DTM*233*20200131~SVC*HC:99203*145*97.43**1~DTM*472*20200131~CAS*CO*45*47.57~REF*6R*CPWM0GFTKCYH~AMT*B6*97.43~LQ*HE*N381~CLP*000100029477*1*281*191.03**MC*2020057036265~NM1*QC*1*SMITH*BERNADETTE****MR*D096244~NM1*82*1*CADDALI*ESTRELLA*A***XX*1164974580~REF*EA*709100C51EAE48BF9D7858A70E928475~DTM*232*20200205~DTM*233*20200205~SVC*HC:99204:25*205*149.59**1~DTM*472*20200205~CAS*CO*45*55.41~REF*6R*CPWIBNSCPIE6~AMT*B6*149.59~LQ*HE*N381~SVC*HC:H0049*36*10.92**1~DTM*472*20200205~CAS*CO*45*25.08~REF*6R*CPWICHAY42KN~AMT*B6*10.92~LQ*HE*N381~SVC*HC:G8431*40*30.52**1~DTM*472*20200205~CAS*CO*45*9.48~REF*6R*CPWI0UNREANI~AMT*B6*30.52~LQ*HE*N381~CLP*000100029877*1*134*95.11*2*MC*2020057036445~NM1*QC*1*SMITH*DEBRA*J***MR*Y853821~NM1*82*1*CADDALI*ESTRELLA*A***XX*1164974580~REF*EA*D8EBB3E6DA794373B39A8416CD91066F~DTM*232*20200213~DTM*233*20200213~SVC*HC:99214*134*95.11**1~DTM*472*20200213~CAS*PR*3*2~CAS*CO*45*36.89~REF*6R*CPWI9GT5JKVX~AMT*B6*97.11~LQ*HE*N381~LQ*HE*N381~CLP*000100029486*1*134*97.11**MC*2020057036752~NM1*QC*1*SMITH*KEVIN****MR*I052978~NM1*82*1*LUCAS*PEGGI*S***XX*1366419582~REF*EA*452EC6D49B1B4811ACA96A9B17DADA8E~DTM*232*20200205~DTM*233*20200205~SVC*HC:99214*134*97.11**1~DTM*472*20200205~CAS*CO*45*36.89~REF*6R*CPWIARQ27AVR~AMT*B6*97.11~LQ*HE*N381~CLP*000100029034*1*90*65.81**MC*2020052104010~NM1*QC*1*SOLANO*VALERIE*C***MR*Y824218~NM1*82*1*GRONEMEYER*LEANNE*R***XX*1659521045~REF*EA*332E673474BD406BA6BC931308482B20~DTM*232*20200129~DTM*233*20200129~SVC*HC:99213*90*65.81**1~DTM*472*20200129~CAS*CO*45*24.19~REF*6R*CPWMV65U014R~AMT*B6*65.81~LQ*HE*N77~LQ*HE*N381~CLP*000100029519*1*90*65.81**MC*2020057036454~NM1*QC*1*SOSA*KENDRA*E***MR*R268169~NM1*82*1*ROBERTS*BRAD*A***XX*1538435698~REF*EA*A5E033EAA1274C839A95543D3BEA1655~DTM*232*20200206~DTM*233*20200206~SVC*HC:99213*90*65.81**1~DTM*472*20200206~CAS*CO*45*24.19~REF*6R*CPWI6NGC6D7K~AMT*B6*65.81~LQ*HE*N77~LQ*HE*N381~CLP*000100029385*1*205*149.59**MC*2020052103664~NM1*QC*1*SPATAFORA*MAKENNA****MR*O694309~NM1*82*1*LUCAS*PEGGI*S***XX*1366419582~REF*EA*76E2870F3E9D40B3908155B5AADCEECA~DTM*232*20200204~DTM*233*20200204~SVC*HC:99204*205*149.59**1~DTM*472*20200204~CAS*CO*45*55.41~REF*6R*CPWM2BTWMT4Z~AMT*B6*149.59~LQ*HE*N381~CLP*000100029679*1*134*97.11**MC*2020052103596~NM1*QC*1*SVOBODA*NUNZIO****MR*O137054~NM1*82*1*GRONEMEYER*LEANNE*R***XX*1659521045~REF*EA*9657D96F02CA4B59BCA3A5DB572F1F45~DTM*232*20200210~DTM*233*20200210~SVC*HC:99214*134*97.11**1~DTM*472*20200210~CAS*CO*45*36.89~REF*6R*CPWMHCG32GCB~AMT*B6*97.11~LQ*HE*N381~CLP*000100029719*1*105*74.23**MC*2020057036297~NM1*QC*1*TABARES*ANGELA****MR*V900344~NM1*82*1*HOOSHMAND-PARSI*KAYHOSROW****XX*1447291851~REF*EA*06568890AD9D42B7AF4357ABFD0A42AB~DTM*232*20200211~DTM*233*20200211~SVC*HC:99213:25*90*65.81**1~DTM*472*20200211~CAS*CO*45*24.19~REF*6R*CPWIW50GSUCA~AMT*B6*65.81~LQ*HE*N77~LQ*HE*N381~SVC*HC:81025*15*8.42**1~DTM*472*20200211~CAS*CO*45*6.58~REF*6R*CPWIPQYGF1HI~AMT*B6*8.42~LQ*HE*N77~LQ*HE*N381~CLP*000100029765*1*90*65.81**MC*2020057036717~NM1*QC*1*THUETT*DANESSA****MR*Y097559~NM1*82*1*CADDALI*ESTRELLA*A***XX*1164974580~REF*EA*7FC46D881AA843FBA6D6AD9368D2DE53~DTM*232*20200211~DTM*233*20200211~SVC*HC:99213*90*65.81**1~DTM*472*20200211~CAS*CO*45*24.19~REF*6R*CPWI28EKIT65~AMT*B6*65.81~LQ*HE*N381~CLP*000100029706*1*221*97.43**MC*2020057036366~NM1*QC*1*TRUJILLO*LALONNIE*S***MR*A496702~NM1*82*1*SEARLES*DENISE*A***XX*1396971230~REF*EA*C42DC8EC134A40B09BFA5976E5CBBCA3~DTM*232*20200211~DTM*233*20200211~SVC*HC:99203:25*145*97.43**1~DTM*472*20200211~CAS*CO*45*47.57~REF*6R*CPWIQG9N0YF8~AMT*B6*97.43~LQ*HE*N381~SVC*HC:H0049*36*0**0**1~DTM*472*20200211~CAS*PI*119*36~REF*6R*CPWI5SVICUOV~LQ*HE*N10~LQ*HE*N362~LQ*HE*N56~LQ*HE*N381~SVC*HC:G8431*40*0**0**1~DTM*472*20200211~CAS*PI*119*40~REF*6R*CPWIBLIQ1HZZ~LQ*HE*N362~LQ*HE*N56~LQ*HE*N381~CLP*000100029228*1*90*65.81**MC*2020052103681~NM1*QC*1*ULIBARRI*STEPHANIE*R***MR*W341555~NM1*82*1*SEARLES*DENISE*A***XX*1396971230~REF*EA*8F620CFEA950489594443FDF6DFCE201~DTM*232*20200131~DTM*233*20200131~SVC*HC:99213*90*65.81**1~DTM*472*20200131~CAS*CO*45*24.19~REF*6R*CPWMXQHWVODQ~AMT*B6*65.81~LQ*HE*N77~LQ*HE*N381~CLP*000100029606*1*134*97.11**MC*2020057036506~NM1*QC*1*ULIBARRI*STEPHANIE*R***MR*W341555~NM1*82*1*SEARLES*DENISE*A***XX*1396971230~REF*EA*C8B25ABA36A84A7A9A108E5482EF2BC5~DTM*232*20200207~DTM*233*20200207~SVC*HC:99214*134*97.11**1~DTM*472*20200207~CAS*CO*45*36.89~REF*6R*CPWII45UNNYN~AMT*B6*97.11~LQ*HE*N77~LQ*HE*N381~CLP*000100029470*1*134*97.11**MC*2020057036518~NM1*QC*1*URIE*NATHAN*J***MR*Y183401~NM1*82*1*GRONEMEYER*LEANNE*R***XX*1659521045~REF*EA*8084262EA8D14F6DB43C4CC80DD1D11D~DTM*232*20200205~DTM*233*20200205~SVC*HC:99214*134*97.11**1~DTM*472*20200205~CAS*CO*45*36.89~REF*6R*CPWIB7XAMFCW~AMT*B6*97.11~LQ*HE*N77~LQ*HE*N381~CLP*000100029969*1*180*129.99**MC*2020052103711~NM1*QC*1*VALDEZ*MICHAEL****MR*S188705~NM1*82*1*SEARLES*DENISE*A***XX*1396971230~REF*EA*2ED0918605594A56A6EC95D0BBBAE686~DTM*232*20200214~DTM*233*20200214~SVC*HC:99215*180*129.99**1~DTM*472*20200214~CAS*CO*45*50.01~REF*6R*CPWMNBWW15EB~AMT*B6*129.99~LQ*HE*N77~LQ*HE*N381~CLP*000100029730*1*166*87.73**MC*2020057036604~NM1*QC*1*VALENCIA*GREGORY****MR*O631549~NM1*82*1*CADDALI*ESTRELLA*A***XX*1164974580~REF*EA*4612C905D59D4D1E98E6B3BF8266DEB3~DTM*232*20200211~DTM*233*20200211~SVC*HC:99213:25*90*65.81**1~DTM*472*20200211~CAS*CO*45*24.19~REF*6R*CPWI8AHNCFC2~AMT*B6*65.81~LQ*HE*N381~SVC*HC:H0049*36*10.92**1~DTM*472*20200211~CAS*CO*45*25.08~REF*6R*CPWIUFYYJRPV~AMT*B6*10.92~LQ*HE*N381~SVC*HC:G8510*40*11**1~DTM*472*20200211~CAS*CO*45*29~REF*6R*CPWIRZEICVOK~AMT*B6*11~LQ*HE*N381~CLP*000100029492*1*134*97.11**MC*2020057036663~NM1*QC*1*VALENTINE*JEANA****MR*Y336108~NM1*82*1*LUCAS*PEGGI*S***XX*1366419582~REF*EA*611299BF122B4B65985B8E2C64F35451~DTM*232*20200205~DTM*233*20200205~SVC*HC:99214*134*97.11**1~DTM*472*20200205~CAS*CO*45*36.89~REF*6R*CPWICJC4GXCJ~AMT*B6*97.11~LQ*HE*N381~CLP*000100029360*1*138*100.51**MC*2020052103899~NM1*QC*1*VALLES*SANDRA****MR*K193489~NM1*82*1*GRONEMEYER*LEANNE*R***XX*1659521045~REF*EA*95DD83FC09C94BD5B21E7D593DB64B0B~DTM*232*20200204~DTM*233*20200204~SVC*HC:99214:25*134*97.11**1~DTM*472*20200204~CAS*CO*45*36.89~REF*6R*CPWMS7AOLR7X~AMT*B6*97.11~LQ*HE*N381~SVC*HC:81002*4*3.4**1~DTM*472*20200204~CAS*CO*45*.6~REF*6R*CPWMPL6S1JHJ~AMT*B6*3.4~LQ*HE*N381~CLP*000100029784*1*326*198.14**MC*2020057036735~NM1*QC*1*VARGAS*MAX****MR*S695147~NM1*82*1*GRONEMEYER*LEANNE*R***XX*1659521045~REF*EA*DD298D1D94A64D1F93828FCBF9211653~DTM*232*20200212~DTM*233*20200212~SVC*HC:99204:25*205*149.59**1~DTM*472*20200212~CAS*CO*45*55.41~REF*6R*CPWIC65WOG2C~AMT*B6*149.59~LQ*HE*N77~LQ*HE*N381~SVC*HC:99415*45*7.11**1~DTM*472*20200212~CAS*CO*45*37.89~REF*6R*CPWIFC92GOQZ~AMT*B6*7.11~LQ*HE*N77~LQ*HE*N381~SVC*HC:H0049*36*10.92**1~DTM*472*20200212~CAS*CO*45*25.08~REF*6R*CPWI0N24HN6U~AMT*B6*10.92~LQ*HE*N77~LQ*HE*N381~SVC*HC:G8431*40*30.52**1~DTM*472*20200212~CAS*CO*45*9.48~REF*6R*CPWIFVGBZJR6~AMT*B6*30.52~LQ*HE*N77~LQ*HE*N381~CLP*000100029283*1*331*208.25**MC*2020052103538~NM1*QC*1*VIGIL*FABIAN****MR*J187623~NM1*82*1*LUCAS*PEGGI*S***XX*1366419582~REF*EA*C36337EDB50E4D0993F36764CB4B022D~DTM*232*20200203~DTM*233*20200203~SVC*HC:99205:25*255*186.33**1~DTM*472*20200203~CAS*CO*45*68.67~REF*6R*CPWMRTVWKDXP~AMT*B6*186.33~LQ*HE*N77~LQ*HE*N381~SVC*HC:H0049*36*10.92**1~DTM*472*20200203~CAS*CO*45*25.08~REF*6R*CPWM9HW34AAI~AMT*B6*10.92~LQ*HE*N77~LQ*HE*N381~SVC*HC:G8510*40*11**1~DTM*472*20200203~CAS*CO*45*29~REF*6R*CPWMED1NQW2O~AMT*B6*11~LQ*HE*N77~LQ*HE*N381~CLP*000100024835*1*341*206.56**MC*2020052103470~NM1*QC*1*VIGIL*LETHICIA****MR*Y291117~NM1*82*1*KLAKER*JULIE*M***XX*1215134705~REF*EA*2FF82CA08CF24212ACE7CDDEA6C1D4CD~DTM*232*20191107~DTM*233*20191107~SVC*HC:99204:25*205*149.59**1~DTM*472*20191107~CAS*CO*45*55.41~REF*6R*CPWMKKJ3GHES~AMT*B6*149.59~LQ*HE*N77~LQ*HE*N381~SVC*HC:99415*45*7.11**1~DTM*472*20191107~CAS*CO*45*37.89~REF*6R*CPWMJYOGGMS4~AMT*B6*7.11~LQ*HE*N77~LQ*HE*N381~SVC*HC:H0049*36*10.92**1~DTM*472*20191107~CAS*CO*45*25.08~REF*6R*CPWMP7IXLAWQ~AMT*B6*10.92~LQ*HE*N77~LQ*HE*N381~SVC*HC:G8431*40*30.52**1~DTM*472*20191107~CAS*CO*45*9.48~REF*6R*CPWMVKJDLWBI~AMT*B6*30.52~LQ*HE*N77~LQ*HE*N381~SVC*HC:81025*15*8.42**1~DTM*472*20191107~CAS*CO*45*6.58~REF*6R*CPWMPRHO8D4H~AMT*B6*8.42~LQ*HE*N77~LQ*HE*N381~CLP*000100029530*1*166*85.73*2*MC*2020057036524~NM1*QC*1*WELCH*BRITTANY****MR*P124416~NM1*82*1*CADDALI*ESTRELLA*A***XX*1164974580~REF*EA*D2FF95E3FB954AB196B6CF328167BD6D~DTM*232*20200206~DTM*233*20200206~SVC*HC:99213:25*90*63.81**1~DTM*472*20200206~CAS*PR*3*2~CAS*CO*45*24.19~REF*6R*CPWIVVZPXPM0~AMT*B6*65.81~LQ*HE*N381~LQ*HE*N381~SVC*HC:H0049*36*10.92**1~DTM*472*20200206~CAS*CO*45*25.08~REF*6R*CPWIDZ3D5JPX~AMT*B6*10.92~LQ*HE*N381~SVC*HC:G8510*40*11**1~DTM*472*20200206~CAS*CO*45*29~REF*6R*CPWICTYT2F0E~AMT*B6*11~LQ*HE*N381~CLP*000100029630*1*134*97.11**MC*2020052103842~NM1*QC*1*WHEELES*LAURA*C***MR*O960997~NM1*82*1*GRONEMEYER*LEANNE*R***XX*1659521045~REF*EA*AE0A8D75D17A47A08D01E07F1DF5771A~DTM*232*20200210~DTM*233*20200210~SVC*HC:99214*134*97.11**1~DTM*472*20200210~CAS*CO*45*36.89~REF*6R*CPWMABF60VVK~AMT*B6*97.11~LQ*HE*N381~CLP*000100029799*1*180*127.99*2*MC*2020057036569~NM1*QC*1*WILLIS*DIANE****MR*D774337~NM1*82*1*GRONEMEYER*LEANNE*R***XX*1659521045~REF*EA*B3379DEA4AC04B9F8BA21E7E55DD608C~DTM*232*20200212~DTM*233*20200212~SVC*HC:99215*180*127.99**1~DTM*472*20200212~CAS*PR*3*2~CAS*CO*45*50.01~REF*6R*CPWI73FN7TRB~AMT*B6*129.99~LQ*HE*N77~LQ*HE*N381~LQ*HE*N381~CLP*000100029999*1*115*104.26**MC*2020057036578~NM1*QC*1*WILLIS*DIANE****MR*D774337~NM1*82*1*LEWIS*HOLLY*G***XX*1295234128~REF*EA*EB531A0A7251409688228E9E2EA2F39B~DTM*232*20200218~DTM*233*20200218~SVC*HC:90837*115*104.26**1~DTM*472*20200218~CAS*CO*45*10.74~REF*6R*CPWIVHRVI4E4~AMT*B6*104.26~LQ*HE*N77~LQ*HE*N381~CLP*000100029693*1*131*96.46**MC*2020057036620~NM1*QC*1*WILLIS*ROYCE*J***MR*O655713~NM1*82*1*GRONEMEYER*LEANNE*R***XX*1659521045~REF*EA*FC9C0C01ED9F4E649445E9C068033D97~DTM*232*20200210~DTM*233*20200210~SVC*HC:99393*131*96.46**1~DTM*472*20200210~CAS*CO*45*34.54~REF*6R*CPWI5W7E7KDN~AMT*B6*96.46~LQ*HE*N381~CLP*000100030058*1*149*105.53**MC*2020052103848~NM1*QC*1*WINEGARD*ERIN*E***MR*U514872~NM1*82*1*LUCAS*PEGGI*S***XX*1366419582~REF*EA*51F2CB0078734B40AC6CAC822BE64A06~DTM*232*20200218~DTM*233*20200218~SVC*HC:99214:25*134*97.11**1~DTM*472*20200218~CAS*CO*45*36.89~REF*6R*CPWMOHQP4AIV~AMT*B6*97.11~LQ*HE*N77~LQ*HE*N381~SVC*HC:81025*15*8.42**1~DTM*472*20200218~CAS*CO*45*6.58~REF*6R*CPWMS9CQR9K9~AMT*B6*8.42~LQ*HE*N77~LQ*HE*N381~CLP*000100029964*1*149*105.53**MC*2020052103857~NM1*QC*1*WINEGARD*ERIN*E***MR*U514872~NM1*82*1*SEARLES*DENISE*A***XX*1396971230~REF*EA*9CFB1FCFDA6A4BB299194B5517BE2F5C~DTM*232*20200214~DTM*233*20200214~SVC*HC:99214:25*134*97.11**1~DTM*472*20200214~CAS*CO*45*36.89~REF*6R*CPWMHX6V4HMH~AMT*B6*97.11~LQ*HE*N77~LQ*HE*N381~SVC*HC:81025*15*8.42**1~DTM*472*20200214~CAS*CO*45*6.58~REF*6R*CPWMQMX2FP8O~AMT*B6*8.42~LQ*HE*N77~LQ*HE*N381~CLP*000100029572*1*105*74.23**MC*2020057036626~NM1*QC*1*WINEGARD*ERIN*E***MR*U514872~NM1*82*1*SEARLES*DENISE*A***XX*1396971230~REF*EA*00FBC12FA8B544D3AB5644B07BB1ED2E~DTM*232*20200206~DTM*233*20200206~SVC*HC:99213:25*90*65.81**1~DTM*472*20200206~CAS*CO*45*24.19~REF*6R*CPWITVVB0QGI~AMT*B6*65.81~LQ*HE*N77~LQ*HE*N381~SVC*HC:81025*15*8.42**1~DTM*472*20200206~CAS*CO*45*6.58~REF*6R*CPWINSCTDG9Z~AMT*B6*8.42~LQ*HE*N77~LQ*HE*N381~CLP*000100029724*1*175*114.94**MC*2020057036481~NM1*QC*1*WOELFLE*FRANK*J***MR*N903082~NM1*82*1*CADDALI*ESTRELLA*A***XX*1164974580~REF*EA*C4541F030C4F4DECA152254974B530D0~DTM*232*20200211~DTM*233*20200211~SVC*HC:99396*175*114.94**1~DTM*472*20200211~CAS*CO*45*60.06~REF*6R*CPWI4SZR8AWI~AMT*B6*114.94~LQ*HE*N381~CLP*000100029958*1*149*105.53**MC*2020052103984~NM1*QC*1*WOODARD*LYDIA****MR*P869732~NM1*82*1*SEARLES*DENISE*A***XX*1396971230~REF*EA*E4A1284910454F0191DBFE0FD4599B52~DTM*232*20200214~DTM*233*20200214~SVC*HC:99214:25*134*97.11**1~DTM*472*20200214~CAS*CO*45*36.89~REF*6R*CPWM6SK55T2A~AMT*B6*97.11~LQ*HE*N77~LQ*HE*N381~SVC*HC:81025*15*8.42**1~DTM*472*20200214~CAS*CO*45*6.58~REF*6R*CPWMEZ4COW2Z~AMT*B6*8.42~LQ*HE*N77~LQ*HE*N381~CLP*000100029759*1*134*97.11**MC*2020057036335~NM1*QC*1*YALOTZ*SHANE*W***MR*M883525~NM1*82*1*HOOSHMAND-PARSI*KAYHOSROW****XX*1447291851~REF*EA*8B388505CF0B4ED6BC902928B041C3FC~DTM*232*20200211~DTM*233*20200211~SVC*HC:99214*134*97.11**1~DTM*472*20200211~CAS*CO*45*36.89~REF*6R*CPWIZDE9C8R1~AMT*B6*97.11~LQ*HE*N77~LQ*HE*N381~CLP*000100029544*1*105*74.23**MC*2020057036743~NM1*QC*1*YENGICH*CARA*A***MR*O767371~NM1*82*1*ROBERTS*BRAD*A***XX*1538435698~REF*EA*B42D25D229E04DDF9CFB7D27E2FB85EA~DTM*232*20200206~DTM*233*20200206~SVC*HC:99213:25*90*65.81**1~DTM*472*20200206~CAS*CO*45*24.19~REF*6R*CPWIGM5J66F4~AMT*B6*65.81~LQ*HE*N77~LQ*HE*N381~SVC*HC:81025*15*8.42**1~DTM*472*20200206~CAS*CO*45*6.58~REF*6R*CPWIG5RX6WPV~AMT*B6*8.42~LQ*HE*N77~LQ*HE*N381~CLP*000100029766*4*26*0**MC*2020052103963~NM1*QC*1*MUNIZ*SHARON*M***MR*J463636~NM1*82*1*LEWIS*HOLLY*G***XX*1295234128~REF*EA*137FA4C5F32A446C95115E37FBDC6B2A~DTM*232*20200211~DTM*233*20200211~SVC*HC:90853*26*0**0**1~DTM*472*20200211~CAS*CO*109*26~REF*6R*CPWMYM2WV70L~LQ*HE*N381~CLP*000100029430*4*26*0**MC*2020052103964~NM1*QC*1*MUNIZ*SHARON*M***MR*J463636~NM1*82*1*LEWIS*HOLLY*G***XX*1295234128~REF*EA*23973D252D224341AE35F47A7E8BCAE5~DTM*232*20200204~DTM*233*20200204~SVC*HC:90853*26*0**0**1~DTM*472*20200204~CAS*CO*109*26~REF*6R*CPWMBZ06BYXW~LQ*HE*N381~CLP*000100029429*4*26*0**MC*2020052104002~NM1*QC*1*QUASTHOFF*ELIZABETH*A***MR*P470059~NM1*82*1*LEWIS*HOLLY*G***XX*1295234128~REF*EA*41C285B1BA414410893317D054FA72F6~DTM*232*20200204~DTM*233*20200204~SVC*HC:90853*26*0**0**1~DTM*472*20200204~CAS*CO*109*26~REF*6R*CPWM0GWH4R65~LQ*HE*N381~CLP*000100029659*4*120*0**MC*2020057036318~NM1*QC*1*ROMERO*ROBERTA****MR*L432159~NM1*82*1*SANCHEZ*LEANN*V***XX*1508990961~REF*EA*8DF22A12B9054C2696DEC7613610EF97~DTM*232*20200210~DTM*233*20200210~SVC*HC:90791:HE*120*0**0**1~DTM*472*20200210~CAS*PI*16*120~REF*6R*CPWIVL09NRI3~LQ*HE*N77~LQ*HE*MA70~CLP*000100026600*4*134*0**MC*2020052103370~NM1*QC*1*SANCHEZ*CANDACE****MR*W730153~NM1*82*1*GRONEMEYER*LEANNE*R***XX*1659521045~REF*EA*5657558672BC4986A17AE77764186641~DTM*232*20191211~DTM*233*20191211~SVC*HC:99214:25*134*0**0**1~DTM*472*20191211~CAS*PI*16*134~REF*6R*CPWMBEI8CI02~LQ*HE*N77~LQ*HE*N30~LQ*HE*MA92~LQ*HE*MA92~CLP*000100026302*4*134*0**MC*2020052103374~NM1*QC*1*SANCHEZ*CANDACE****MR*W730153~NM1*82*1*GRONEMEYER*LEANNE*R***XX*1659521045~REF*EA*284DC343F7F049788842B722843A4A04~DTM*232*20191205~DTM*233*20191205~SVC*HC:99214:25*134*0**0**1~DTM*472*20191205~CAS*PI*16*134~REF*6R*CPWMJF0LFZ4A~LQ*HE*N77~LQ*HE*N30~LQ*HE*MA92~LQ*HE*MA92~CLP*000100026175*4*134*0**MC*2020052103717~NM1*QC*1*TORRES*MIGUEL*L***MR*M887971~NM1*82*1*GRONEMEYER*LEANNE*R***XX*1659521045~REF*EA*15991BA8214D4A6F8185F97609C667D7~DTM*232*20191204~DTM*233*20191204~SVC*HC:99214*134*0**0**1~DTM*472*20191204~CAS*PI*96*134~REF*6R*CPWM085IQLVF~LQ*HE*N77~LQ*HE*N30~LQ*HE*MA92~SE*2934*000010012~GE*1*100025362~IEA*1*100025362~