ISA*00*          *00*          *ZZ*COMEDASSISTPROG*ZZ*6769489        *200629*0226*^*00501*300039235*0*P*:~GS*HP*COMEDASSISTPROG*6769489*20200629*022609*300039235*X*005010X221A1~ST*835*000010010~BPR*I*27388.93*C*ACH*CCP*01*075911603*DA*00000004556640373*1811725341**01*102106569*DA*2200002989138*20200629~TRN*1*001015946*1811725341~REF*EV*1508250911~DTM*405*20200626~N1*PR*CO_TXIX*XV*7912900843~N3*P.O. BOX 30~N4*DENVER*CO*80201~PER*CX*MEDICAID PROVIDER SERVICES*TE*8442352387~PER*BL*MEDICAID PROVIDER SERVICES*TE*8442352387~N1*PE*HEALTH SOLUTIONS MED CENTER*XX*1508250911~REF*TJ*841158933~LX*1~CLP*000100034772*2*2082.29*261.16**MC*2020172002130~NM1*QC*1*BARNELL*SHANNA*V***MR*R948166~NM1*82*1*SEARLES*DENISE*A***XX*1396971230~REF*EA*0640BA325CD54734AE2A6D1495C0F1DF~DTM*232*20200514~DTM*233*20200514~SVC*HC:99213:95:25*178.3*13.11**1~DTM*472*20200514~CAS*CO*45*165.19~REF*6R*CPYYBILSW480~AMT*B6*13.11~LQ*HE*N381~LQ*HE*N381~SVC*HC:96372*83.99*2.49**1~DTM*472*20200514~CAS*CO*45*81.5~REF*6R*CPYYBWMJPOBU~AMT*B6*2.49~LQ*HE*N381~LQ*HE*N381~SVC*HC:J2315*1805*245.56**380~DTM*472*20200514~CAS*CO*45*1559.44~REF*6R*CPYYEF9E52Y5~AMT*B6*245.56~LQ*HE*N381~LQ*HE*N381~SVC*HC:81025*15*0**1~DTM*472*20200514~CAS*CO*45*15~REF*6R*CPYY851DBISM~LQ*HE*N381~CLP*000100034720*2*178.3*13.11**MC*2020172002127~NM1*QC*1*GREEN*DAVID*W***MR*N673974~NM1*82*1*GRONEMEYER*LEANNE*R***XX*1659521045~REF*EA*F047C5A083614FDE84870B468089D81E~DTM*232*20200513~DTM*233*20200513~SVC*HC:99213:95*178.3*13.11**1~DTM*472*20200513~CAS*CO*45*165.19~REF*6R*CPYY6OFVPYWF~AMT*B6*13.11~LQ*HE*N381~LQ*HE*N381~CLP*000100029855*2*90*65.81**MC*2020178047490~NM1*QC*1*HEASMAN*STUART*G***MR*O606775~NM1*82*1*HOOSHMAND-PARSI*KAYHOSROW****XX*1447291851~REF*EA*A6AA4D848C45430197AA009DB8C3C613~DTM*232*20200212~DTM*233*20200212~SVC*HC:99213*90*65.81**1~DTM*472*20200212~CAS*CO*45*24.19~REF*6R*CP0IX4UHJCTF~AMT*B6*65.81~LQ*HE*N381~CLP*23605*2*315*79.86**MC*2220177007412~NM1*QC*1*SEQUOYAH*TESSEE****MR*Q841594~DTM*232*20191014~DTM*233*20191014~SVC*HC:99205:25*255*73.62**1~DTM*472*20191014~CAS*CO*45*181.38~REF*HPI*1659521045~AMT*B6*73.62~LQ*HE*N381~LQ*HE*N381~SVC*HC:G0444*20*0**1~DTM*472*20191014~CAS*CO*45*20~REF*HPI*1659521045~SVC*HC:G0396*40*6.24**1~DTM*472*20191014~CAS*OA*P22*33.76~REF*HPI*1659521045~AMT*B6*6.24~LQ*HE*MA125~LQ*HE*MA125~CLP*000100034537*2*316.11*19.4**MC*2020172002136~NM1*QC*1*SNYDER*NEVADA*E***MR*P936342~NM1*82*1*GRONEMEYER*LEANNE*R***XX*1659521045~REF*EA*08DA468F5BEE4CC6B67CFF01F719C812~DTM*232*20200511~DTM*233*20200511~SVC*HC:99213:95:25*178.3*13.11**1~DTM*472*20200511~CAS*CO*45*165.19~REF*6R*CPYYGK6EHI9I~AMT*B6*13.11~LQ*HE*N381~LQ*HE*N381~SVC*HC:G0444:95*30.75*0**1~DTM*472*20200511~CAS*CO*45*30.75~REF*6R*CPYY37QEV4NQ~SVC*HC:G0396:95*107.06*6.29**1~DTM*472*20200511~CAS*OA*P22*100.77~REF*6R*CPYYDYYFQU25~AMT*B6*6.29~LQ*HE*MA125~LQ*HE*MA125~CLP*000100035438*1*178.3*65.81**MC*2020176021615~NM1*QC*1*ADAMS*CHRISTOPHER****MR*Y546450~NM1*82*1*SEARLES*DENISE*A***XX*1396971230~REF*EA*2BE8A875D8CF4FCDB16ED9AEE8F09B5E~DTM*232*20200528~DTM*233*20200528~SVC*HC:99213*178.3*65.81**1~DTM*472*20200528~CAS*CO*45*112.49~REF*6R*CP0YFOTSFGC4~AMT*B6*65.81~LQ*HE*N381~CLP*000100035772*1*710.01*136.87*2*MC*2020176021943~NM1*QC*1*ALLEN*JESSICA*R***MR*J244697~NM1*82*1*SEARLES*DENISE*A***XX*1396971230~REF*EA*31500901BEC94D61BC260C333EF0F0C6~DTM*232*20200604~DTM*233*20200604~SVC*HC:99203:25*266.84*95.43**1~DTM*472*20200604~CAS*PR*3*2~CAS*CO*45*169.41~REF*6R*CP0Y4W4W02X0~AMT*B6*97.43~LQ*HE*N381~LQ*HE*N381~SVC*HC:H0049*403.17*10.92**1~DTM*472*20200604~CAS*CO*45*392.25~REF*6R*CP0YYHRDMAZJ~AMT*B6*10.92~LQ*HE*N381~SVC*HC:G8431*40*30.52**1~DTM*472*20200604~CAS*CO*45*9.48~REF*6R*CP0YPK0DG90B~AMT*B6*30.52~LQ*HE*N381~CLP*000100035772*1*15*7.42*1*MC*2020176021959~NM1*QC*1*ALLEN*JESSICA*R***MR*J244697~NM1*82*1*SEARLES*DENISE*A***XX*1396971230~REF*EA*8035AB843AAF45F4A19DE350FFA76993~DTM*232*20200604~DTM*233*20200604~SVC*HC:81025*15*7.42**1~DTM*472*20200604~CAS*PR*3*1~CAS*CO*45*6.58~REF*6R*CP0YBJPGAD00~AMT*B6*8.42~LQ*HE*N381~LQ*HE*N381~CLP*000100036088*1*88.54*39.39**MC*2020178049944~NM1*QC*1*AMES*STACY*L***MR*K978061~NM1*82*1*CADDALI*ESTRELLA*A***XX*1164974580~REF*EA*E028D63643D94FD4B118DBFDBA4F3410~DTM*232*20200611~DTM*233*20200611~SVC*HC:99212*88.54*39.39**1~DTM*472*20200611~CAS*CO*45*49.15~REF*6R*CP0IFF273S9J~AMT*B6*39.39~LQ*HE*N381~CLP*000100034730*1*272.99*119.65**MC*2020176021892~NM1*QC*1*AMORIN*LORELY****MR*P650484~NM1*82*1*CADDALI*ESTRELLA*A***XX*1164974580~REF*EA*F426C4CA32BC4D5F9530584EF2C5110F~DTM*232*20200514~DTM*233*20200514~SVC*HC:99214:FP*272.99*119.65**1~DTM*472*20200514~CAS*CO*45*153.34~REF*6R*CP0YP40KJGW0~AMT*B6*119.65~LQ*HE*N381~CLP*000100036026*1*178.3*65.81**MC*2020178049846~NM1*QC*1*AMORIN*LORELY****MR*P650484~NM1*82*1*CADDALI*ESTRELLA*A***XX*1164974580~REF*EA*A52C938C11944E1DA6A401A2FDEFAC57~DTM*232*20200610~DTM*233*20200610~SVC*HC:99213*178.3*65.81**1~DTM*472*20200610~CAS*CO*45*112.49~REF*6R*CP0IEZVP9BO2~AMT*B6*65.81~LQ*HE*N381~CLP*000100035974*1*178.3*65.81**MC*2020178049673~NM1*QC*1*ANDERSON*JACQULINE*M***MR*G934658~NM1*82*1*SEARLES*DENISE*A***XX*1396971230~REF*EA*1A83BA56DC064E5ABB62352D8A0BCCA8~DTM*232*20200609~DTM*233*20200609~SVC*HC:99213*178.3*65.81**1~DTM*472*20200609~CAS*CO*45*112.49~REF*6R*CP0I1FZ8GJ3A~AMT*B6*65.81~LQ*HE*N381~CLP*000100035603*1*893.24*171.51**MC*2020176021515~NM1*QC*1*ARAGON*JAMIE*J***MR*P585812~NM1*82*1*GRONEMEYER*LEANNE*R***XX*1659521045~REF*EA*DBCA2AC385004CC981D5E8D4DF774339~DTM*232*20200602~DTM*233*20200602~SVC*HC:99204:25*450.07*149.59**1~DTM*472*20200602~CAS*CO*45*300.48~REF*6R*CP0YT9X2QSJ1~AMT*B6*149.59~LQ*HE*N381~SVC*HC:H0049*403.17*10.92**1~DTM*472*20200602~CAS*CO*45*392.25~REF*6R*CP0YFCGOZ793~AMT*B6*10.92~LQ*HE*N381~SVC*HC:G8510*40*11**1~DTM*472*20200602~CAS*CO*45*29~REF*6R*CP0YUMVGH6ZK~AMT*B6*11~LQ*HE*N381~CLP*000100035603*1*15*8.42**MC*2020176021530~NM1*QC*1*ARAGON*JAMIE*J***MR*P585812~NM1*82*1*GRONEMEYER*LEANNE*R***XX*1659521045~REF*EA*64A1A0BEA96B4DCFA52A2705987D227D~DTM*232*20200602~DTM*233*20200602~SVC*HC:81025*15*8.42**1~DTM*472*20200602~CAS*CO*45*6.58~REF*6R*CP0Y2UC81HTA~AMT*B6*8.42~LQ*HE*N381~CLP*000100035970*1*178.3*65.81**MC*2020178049731~NM1*QC*1*ARAGON*JAMIE*J***MR*P585812~NM1*82*1*SEARLES*DENISE*A***XX*1396971230~REF*EA*3C4DD74C26814BF79E2FC628F19EDE27~DTM*232*20200609~DTM*233*20200609~SVC*HC:99213:25*178.3*65.81**1~DTM*472*20200609~CAS*CO*45*112.49~REF*6R*CP0I4G2B2PRD~AMT*B6*65.81~LQ*HE*N381~CLP*000100035970*1*1888.99*1254**MC*2020178049734~NM1*QC*1*ARAGON*JAMIE*J***MR*P585812~NM1*82*1*SEARLES*DENISE*A***XX*1396971230~REF*EA*373BEDBD1428408898EFB6EE74A21F23~DTM*232*20200609~DTM*233*20200609~SVC*HC:96372*83.99*0**0**1~DTM*472*20200609~CAS*CO*109*83.99~REF*6R*CP0IO6XJ90PC~LQ*HE*N381~SVC*HC:J2315*1805*1254**380~DTM*472*20200609~CAS*CO*45*551~REF*6R*CP0IFS01289J~AMT*B6*1254~LQ*HE*N381~CLP*000100035986*1*178.3*63.81*2*MC*2020178049782~NM1*QC*1*ARCHULETA*HOPE****MR*Y395671~NM1*82*1*CADDALI*ESTRELLA*A***XX*1164974580~REF*EA*B4B835D47634463EB5120F71D00A09B7~DTM*232*20200609~DTM*233*20200609~SVC*HC:99213*178.3*63.81**1~DTM*472*20200609~CAS*PR*3*2~CAS*CO*45*112.49~REF*6R*CP0IHHX1MD3H~AMT*B6*65.81~LQ*HE*N381~LQ*HE*N381~CLP*000100035399*1*178.3*65.81**MC*2020176021262~NM1*QC*1*ASKINS*NORRIS****MR*P134911~NM1*82*1*GRONEMEYER*LEANNE*R***XX*1659521045~REF*EA*0CDFDB7BF0504CC8B563C24789C45EA4~DTM*232*20200528~DTM*233*20200528~SVC*HC:99213*178.3*65.81**1~DTM*472*20200528~CAS*CO*45*112.49~REF*6R*CP0YY2ZO32BA~AMT*B6*65.81~LQ*HE*N381~CLP*000100035510*1*178.3*65.81**MC*2020176021807~NM1*QC*1*AVILA*KRISTA*M***MR*K943511~NM1*82*1*SEARLES*DENISE*A***XX*1396971230~REF*EA*BD43C04A20F04B1C81392C36F3B7D705~DTM*232*20200529~DTM*233*20200529~SVC*HC:99213*178.3*65.81**1~DTM*472*20200529~CAS*CO*45*112.49~REF*6R*CP0YII1VZRM1~AMT*B6*65.81~LQ*HE*N381~CLP*000100035624*1*15*7.42*1*MC*2020176022048~NM1*QC*1*AVILA*SHANNA****MR*K598901~NM1*82*1*GRONEMEYER*LEANNE*R***XX*1659521045~REF*EA*A6DF35696C0C427BB7F1694FC9CA86A0~DTM*232*20200602~DTM*233*20200602~SVC*HC:81025*15*7.42**1~DTM*472*20200602~CAS*PR*3*1~CAS*CO*45*6.58~REF*6R*CP0Y1R4HTCUB~AMT*B6*8.42~LQ*HE*N381~LQ*HE*N381~CLP*000100035624*1*178.3*63.81*2*MC*2020176022058~NM1*QC*1*AVILA*SHANNA****MR*K598901~NM1*82*1*GRONEMEYER*LEANNE*R***XX*1659521045~REF*EA*F2DBCE0F059245C3A372C29AD8106C42~DTM*232*20200602~DTM*233*20200602~SVC*HC:99213:25*178.3*63.81**1~DTM*472*20200602~CAS*PR*3*2~CAS*CO*45*112.49~REF*6R*CP0Y6F2FGPME~AMT*B6*65.81~LQ*HE*N381~LQ*HE*N381~CLP*000100036014*1*1888.99*1254**MC*2020178049892~NM1*QC*1*BACA*DONOVAN*D***MR*U406657~NM1*82*1*SEARLES*DENISE*A***XX*1396971230~REF*EA*746E071D1A854201AB36A451C0E50446~DTM*232*20200610~DTM*233*20200610~SVC*HC:96372*83.99*0**0**1~DTM*472*20200610~CAS*CO*109*83.99~REF*6R*CP0IMLD1CQ34~LQ*HE*N381~SVC*HC:J2315*1805*1254**380~DTM*472*20200610~CAS*CO*45*551~REF*6R*CP0IATNL4DCF~AMT*B6*1254~LQ*HE*N381~CLP*000100036014*1*178.3*65.81**MC*2020178049895~NM1*QC*1*BACA*DONOVAN*D***MR*U406657~NM1*82*1*SEARLES*DENISE*A***XX*1396971230~REF*EA*5911F55337DA435EB918A95E61D5C7C6~DTM*232*20200610~DTM*233*20200610~SVC*HC:99213:25*178.3*65.81**1~DTM*472*20200610~CAS*CO*45*112.49~REF*6R*CP0IUNDWSF91~AMT*B6*65.81~LQ*HE*N381~CLP*000100035610*1*710.01*138.87**MC*2020176022116~NM1*QC*1*BACHICHA*ROBERT*J***MR*I659335~NM1*82*1*SEARLES*DENISE*A***XX*1396971230~REF*EA*ED1BE834ACF341D28403CA3ED05CD489~DTM*232*20200602~DTM*233*20200602~SVC*HC:99203:25*266.84*97.43**1~DTM*472*20200602~CAS*CO*45*169.41~REF*6R*CP0YFLZ79L1U~AMT*B6*97.43~LQ*HE*N381~SVC*HC:H0049*403.17*10.92**1~DTM*472*20200602~CAS*CO*45*392.25~REF*6R*CP0Y2YW5E30U~AMT*B6*10.92~LQ*HE*N381~SVC*HC:G8431*40*30.52**1~DTM*472*20200602~CAS*CO*45*9.48~REF*6R*CP0YN0M4BQDV~AMT*B6*30.52~LQ*HE*N381~CLP*000100035630*1*619.02*87.05*2*MC*2020176022027~NM1*QC*1*BAIRD*ADAM****MR*K589298~NM1*82*1*SEARLES*DENISE*A***XX*1396971230~REF*EA*91344EA85E4B4F8BB32FD6AB90B2C4FF~DTM*232*20200602~DTM*233*20200602~SVC*HC:99202:25*175.85*65.13**1~DTM*472*20200602~CAS*PR*3*2~CAS*CO*45*108.72~REF*6R*CP0YBJ8GCXVY~AMT*B6*67.13~LQ*HE*N381~LQ*HE*N381~SVC*HC:H0049*403.17*10.92**1~DTM*472*20200602~CAS*CO*45*392.25~REF*6R*CP0YXBPU1E0Y~AMT*B6*10.92~LQ*HE*N381~SVC*HC:G8510*40*11**1~DTM*472*20200602~CAS*CO*45*29~REF*6R*CP0YJX4Z0YG7~AMT*B6*11~LQ*HE*N381~CLP*000100035683*1*217.66*55.35**MC*2020176021253~NM1*QC*1*BENSON*JESSICA****MR*K391380~NM1*82*1*LEWIS*HOLLY*G***XX*1295234128~REF*EA*D6C66917119E4DBF9BC0A235C2F99B9D~DTM*232*20200603~DTM*233*20200603~SVC*HC:90832*217.66*55.35**1~DTM*472*20200603~CAS*CO*45*162.31~REF*6R*CP0YBY20AQLF~AMT*B6*55.35~LQ*HE*N381~CLP*000100035651*1*710.01*138.87**MC*2020176022243~NM1*QC*1*BENSON*JESSICA****MR*K391380~NM1*82*1*CADDALI*ESTRELLA*A***XX*1164974580~REF*EA*652C50C3905E41ECA650A1CC21B339EC~DTM*232*20200602~DTM*233*20200602~SVC*HC:99203:25*266.84*97.43**1~DTM*472*20200602~CAS*CO*45*169.41~REF*6R*CP0YZUDX47NE~AMT*B6*97.43~LQ*HE*N381~SVC*HC:H0049*403.17*10.92**1~DTM*472*20200602~CAS*CO*45*392.25~REF*6R*CP0Y99NDXP66~AMT*B6*10.92~LQ*HE*N381~SVC*HC:G8431*40*30.52**1~DTM*472*20200602~CAS*CO*45*9.48~REF*6R*CP0Y4M4O1UFZ~AMT*B6*30.52~LQ*HE*N381~CLP*000100036007*1*178.3*65.81**MC*2020178049927~NM1*QC*1*BENSON*JESSICA****MR*K391380~NM1*82*1*CADDALI*ESTRELLA*A***XX*1164974580~REF*EA*59B61F7AD6F1424A8240D7293C62E456~DTM*232*20200610~DTM*233*20200610~SVC*HC:99213*178.3*65.81**1~DTM*472*20200610~CAS*CO*45*112.49~REF*6R*CP0I6KPA9BO5~AMT*B6*65.81~LQ*HE*N381~CLP*000100035818*1*437.77*109.71**MC*2020176021585~NM1*QC*1*BOISVERT*ORIEN*K***MR*O244414~NM1*82*1*SANCHEZ*LEANN*V***XX*1508990961~REF*EA*240A335E2A9E47949E335F38F8D1FF0F~DTM*232*20200605~DTM*233*20200605~SVC*HC:90791*437.77*109.71**1~DTM*472*20200605~CAS*CO*45*328.06~REF*6R*CP0Y4GW063QP~AMT*B6*109.71~LQ*HE*N381~CLP*000100035960*1*178.3*65.81**MC*2020178049745~NM1*QC*1*BOISVERT*ORIEN*K***MR*O244414~NM1*82*1*HOOSHMAND-PARSI*KAYHOSROW****XX*1447291851~REF*EA*A9596CE564FB456A97618F34097CF68E~DTM*232*20200609~DTM*233*20200609~SVC*HC:99213*178.3*65.81**1~DTM*472*20200609~CAS*CO*45*112.49~REF*6R*CP0IHIP0F2NX~AMT*B6*65.81~LQ*HE*N381~CLP*000100035436*1*15*8.42**MC*2020176021563~NM1*QC*1*BOULIER*JEWEL*R***MR*W913486~NM1*82*1*SEARLES*DENISE*A***XX*1396971230~REF*EA*7EB7FDBAFC0346058A97264447E7B598~DTM*232*20200528~DTM*233*20200528~SVC*HC:81025*15*8.42**1~DTM*472*20200528~CAS*CO*45*6.58~REF*6R*CP0YOMBDWWYO~AMT*B6*8.42~LQ*HE*N381~CLP*000100035436*1*178.3*65.81**MC*2020176021574~NM1*QC*1*BOULIER*JEWEL*R***MR*W913486~NM1*82*1*SEARLES*DENISE*A***XX*1396971230~REF*EA*6D2ABEB3F95E4639AB8B0D2CE755BCCB~DTM*232*20200528~DTM*233*20200528~SVC*HC:99213:25*178.3*65.81**1~DTM*472*20200528~CAS*CO*45*112.49~REF*6R*CP0YEN6BGZQN~AMT*B6*65.81~LQ*HE*N381~CLP*000100036084*1*178.3*65.81**MC*2020178049840~NM1*QC*1*BOWMAN*KENNETH****MR*M147202~NM1*82*1*HOOSHMAND-PARSI*KAYHOSROW****XX*1447291851~REF*EA*474D304B95234350A1E1DDCB116ED3C7~DTM*232*20200611~DTM*233*20200611~SVC*HC:99213*178.3*65.81**1~DTM*472*20200611~CAS*CO*45*112.49~REF*6R*CP0IA2P9P8J5~AMT*B6*65.81~LQ*HE*N381~CLP*000100035766*1*619.02*89.05**MC*2020176021382~NM1*QC*1*BROCHU*ANTHONY*E***MR*D994208~NM1*82*1*SEARLES*DENISE*A***XX*1396971230~REF*EA*2527F8C8EAF745A1A0DF48E153E37D14~DTM*232*20200604~DTM*233*20200604~SVC*HC:99202:25*175.85*67.13**1~DTM*472*20200604~CAS*CO*45*108.72~REF*6R*CP0YRS1CM1N7~AMT*B6*67.13~LQ*HE*N381~SVC*HC:H0049*403.17*10.92**1~DTM*472*20200604~CAS*CO*45*392.25~REF*6R*CP0YUTYEX9QA~AMT*B6*10.92~LQ*HE*N381~SVC*HC:G8510*40*11**1~DTM*472*20200604~CAS*CO*45*29~REF*6R*CP0Y3YQYBACX~AMT*B6*11~LQ*HE*N381~CLP*000100027694*2*134*5.91**MC*2020176021797~NM1*QC*1*BROWN*SAMANTHA*L***MR*U792619~NM1*82*1*HOOSHMAND-PARSI*KAYHOSROW****XX*1447291851~REF*EA*A78770B78ACC42F1A0BBB9615E28A50B~DTM*232*20200106~DTM*233*20200106~SVC*HC:99214:25*134*5.91**1~DTM*472*20200106~CAS*CO*45*36.89~CAS*OA*23*91.2~REF*6R*CP0YQ82704Z6~AMT*B6*97.11~LQ*HE*N293~LQ*HE*MA125~LQ*HE*N381~CLP*000100035470*1*272.99*97.11**MC*2020176021403~NM1*QC*1*BUENO*ANGELA****MR*O215379~NM1*82*1*SEARLES*DENISE*A***XX*1396971230~REF*EA*B68B9BDF21014F0A879F17D86F0B5316~DTM*232*20200529~DTM*233*20200529~SVC*HC:99214*272.99*97.11**1~DTM*472*20200529~CAS*CO*45*175.88~REF*6R*CP0YKCRNK03X~AMT*B6*97.11~LQ*HE*N381~CLP*000100035639*1*178.3*65.81**MC*2020176021425~NM1*QC*1*BUSTILLOS*DESIREE****MR*Y193127~NM1*82*1*ROBERTS*BRAD*A***XX*1538435698~REF*EA*D1143B3195044E2C9368F5AE75BC005B~DTM*232*20200602~DTM*233*20200602~SVC*HC:99213*178.3*65.81**1~DTM*472*20200602~CAS*CO*45*112.49~REF*6R*CP0Y3H7V17PI~AMT*B6*65.81~LQ*HE*N381~CLP*000100035961*1*15*8.42**MC*2020178049873~NM1*QC*1*CARBAJAL*MELISSA****MR*A287390~NM1*82*1*SEARLES*DENISE*A***XX*1396971230~REF*EA*3FD5EDFDCE80456A906062E406CC38C7~DTM*232*20200609~DTM*233*20200609~SVC*HC:81025*15*8.42**1~DTM*472*20200609~CAS*CO*45*6.58~REF*6R*CP0I6RJ207G0~AMT*B6*8.42~LQ*HE*N381~CLP*000100035961*1*178.3*65.81**MC*2020178049880~NM1*QC*1*CARBAJAL*MELISSA****MR*A287390~NM1*82*1*SEARLES*DENISE*A***XX*1396971230~REF*EA*8EB5C7254D57439DAEED95205B3125E9~DTM*232*20200609~DTM*233*20200609~SVC*HC:99213:25*178.3*65.81**1~DTM*472*20200609~CAS*CO*45*112.49~REF*6R*CP0IH5W33Y6R~AMT*B6*65.81~LQ*HE*N381~CLP*000100035991*1*88.54*39.39**MC*2020178049717~NM1*QC*1*CASADOS*ROBERT****MR*Y828703~NM1*82*1*HOOSHMAND-PARSI*KAYHOSROW****XX*1447291851~REF*EA*E3B0B657832644CCAA47A60D5E466745~DTM*232*20200609~DTM*233*20200609~SVC*HC:99212*88.54*39.39**1~DTM*472*20200609~CAS*CO*45*49.15~REF*6R*CP0IBTPYYLGM~AMT*B6*39.39~LQ*HE*N381~CLP*000100035623*1*178.3*65.81**MC*2020176022080~NM1*QC*1*CASAUS*TRACY*A***MR*K186814~NM1*82*1*ROBERTS*BRAD*A***XX*1538435698~REF*EA*DAEDB8FEED1348A0831DAC516FDB9937~DTM*232*20200602~DTM*233*20200602~SVC*HC:99213*178.3*65.81**1~DTM*472*20200602~CAS*CO*45*112.49~REF*6R*CP0YPNY5D9M0~AMT*B6*65.81~LQ*HE*N381~CLP*000100035737*1*217.66*55.35**MC*2020176021238~NM1*QC*1*CHAVEZ*DANIEL*J***MR*F605042~NM1*82*1*LEWIS*HOLLY*G***XX*1295234128~REF*EA*81224DE5947D446EB3238F570C59633D~DTM*232*20200603~DTM*233*20200604~SVC*HC:90832*217.66*55.35**1~DTM*150*20200603~DTM*151*20200604~CAS*CO*45*162.31~REF*6R*CP0Y1G5BY5R6~AMT*B6*55.35~LQ*HE*N381~CLP*000100035724*1*893.24*191.03**MC*2020176022140~NM1*QC*1*CHAVEZ*DANIEL*J***MR*F605042~NM1*82*1*HOOSHMAND-PARSI*KAYHOSROW****XX*1447291851~REF*EA*3E16A21F401D44479C49BE67ADADF63A~DTM*232*20200603~DTM*233*20200603~SVC*HC:99204:25*450.07*149.59**1~DTM*472*20200603~CAS*CO*45*300.48~REF*6R*CP0YAJH09N1N~AMT*B6*149.59~LQ*HE*N381~SVC*HC:H0049*403.17*10.92**1~DTM*472*20200603~CAS*CO*45*392.25~REF*6R*CP0YZT9CX7ZY~AMT*B6*10.92~LQ*HE*N381~SVC*HC:G8431*40*30.52**1~DTM*472*20200603~CAS*CO*45*9.48~REF*6R*CP0YDVDT43EN~AMT*B6*30.52~LQ*HE*N381~CLP*000100036017*1*178.3*63.81*2*MC*2020178049680~NM1*QC*1*CHAZAN*MARY*L***MR*O800446~NM1*82*1*CADDALI*ESTRELLA*A***XX*1164974580~REF*EA*41880F9E47F946809FF6D2357B5F93B5~DTM*232*20200610~DTM*233*20200610~SVC*HC:99213*178.3*63.81**1~DTM*472*20200610~CAS*PR*3*2~CAS*CO*45*112.49~REF*6R*CP0IMHCE4C4J~AMT*B6*65.81~LQ*HE*N381~LQ*HE*N381~CLP*000100035372*1*178.3*63.81*2*MC*2020176021275~NM1*QC*1*CHRISTOPHER*CHEYENNE****MR*G660293~NM1*82*1*GRONEMEYER*LEANNE*R***XX*1659521045~REF*EA*53F3FF308E9F4F6CB057AD27747333C2~DTM*232*20200527~DTM*233*20200527~SVC*HC:99213*178.3*63.81**1~DTM*472*20200527~CAS*PR*3*2~CAS*CO*45*112.49~REF*6R*CP0Y2D1YMTG0~AMT*B6*65.81~LQ*HE*N381~LQ*HE*N381~CLP*000100035834*1*178.3*65.81**MC*2020176022100~NM1*QC*1*COFFEE*TALITHA*F***MR*M798889~NM1*82*1*SEARLES*DENISE*A***XX*1396971230~REF*EA*0F1EC51C6F8643BDA8C2B4342770AE82~DTM*232*20200605~DTM*233*20200605~SVC*HC:99213*178.3*65.81**1~DTM*472*20200605~CAS*CO*45*112.49~REF*6R*CP0YFPGDJD9L~AMT*B6*65.81~LQ*HE*N381~CLP*000100031316*1*90*65.81**MC*2020178049858~NM1*QC*1*COLE*RICHARD****MR*O326835~NM1*82*1*CADDALI*ESTRELLA*A***XX*1164974580~REF*EA*D25DBC49FDB7447BA0609AE94F4B4C73~DTM*232*20200311~DTM*233*20200311~SVC*HC:99213*90*65.81**1~DTM*472*20200311~CAS*CO*45*24.19~REF*6R*CP0I229FITUG~AMT*B6*65.81~LQ*HE*N381~CLP*000100035778*1*716.16*119.03**MC*2020176021847~NM1*QC*1*CORDOVA*ANDREA*M***MR*K291945~NM1*82*1*SEARLES*DENISE*A***XX*1396971230~REF*EA*A6C08D5B6D024E08BD334E404719171A~DTM*232*20200604~DTM*233*20200604~SVC*HC:99214:25*272.99*97.11**1~DTM*472*20200604~CAS*CO*45*175.88~REF*6R*CP0YWWQ3QIDH~AMT*B6*97.11~LQ*HE*N381~SVC*HC:H0049*403.17*10.92**1~DTM*472*20200604~CAS*CO*45*392.25~REF*6R*CP0YHY3I3RRU~AMT*B6*10.92~LQ*HE*N381~SVC*HC:G8510*40*11**1~DTM*472*20200604~CAS*CO*45*29~REF*6R*CP0YA1AJ894Y~AMT*B6*11~LQ*HE*N381~CLP*000100035778*1*15*8.42**MC*2020176021857~NM1*QC*1*CORDOVA*ANDREA*M***MR*K291945~NM1*82*1*SEARLES*DENISE*A***XX*1396971230~REF*EA*E9ADB46F1EF444BD8B0BFDBA783A4025~DTM*232*20200604~DTM*233*20200604~SVC*HC:81025*15*8.42**1~DTM*472*20200604~CAS*CO*45*6.58~REF*6R*CP0YN2POVSNX~AMT*B6*8.42~LQ*HE*N381~CLP*000100035431*1*598.55*78.97*2*MC*2020176021765~NM1*QC*1*CORDOVA*GINA****MR*Q922006~NM1*82*1*GRONEMEYER*LEANNE*R***XX*1659521045~REF*EA*61D8738B47124C8392D6646ACE06C3F5~DTM*232*20200528~DTM*233*20200528~SVC*HC:99213:25*178.3*63.81**1~DTM*472*20200528~CAS*PR*3*2~CAS*CO*45*112.49~REF*6R*CP0Y1LDE32HP~AMT*B6*65.81~LQ*HE*N381~LQ*HE*N381~SVC*HC:H0049*403.17*10.92**1~DTM*472*20200528~CAS*CO*45*392.25~REF*6R*CP0YOWHH1MH2~AMT*B6*10.92~LQ*HE*N381~SVC*HC:96127*17.08*4.24**1~DTM*472*20200528~CAS*CO*45*12.84~REF*6R*CP0YS81XLV78~AMT*B6*4.24~LQ*HE*N381~CLP*000100031302*1*90*63.81*2*MC*2020176021972~NM1*QC*1*COWEN*MARY*A***MR*O491346~NM1*82*1*LUCAS*PEGGI*S***XX*1366419582~REF*EA*C44EDC9300ED47CCA9F27A96B64A17E2~DTM*232*20200310~DTM*233*20200310~SVC*HC:99213*90*63.81**1~DTM*472*20200310~CAS*PR*3*2~CAS*CO*45*24.19~REF*6R*CP0YMD5T5F5T~AMT*B6*65.81~LQ*HE*N381~LQ*HE*N381~CLP*000100033076*1*90*63.81*2*MC*2020176021979~NM1*QC*1*COWEN*MARY*A***MR*O491346~NM1*82*1*CADDALI*ESTRELLA*A***XX*1164974580~REF*EA*76502D4723C9481F95DF97F955414B93~DTM*232*20200410~DTM*233*20200410~SVC*HC:99213*90*63.81**1~DTM*472*20200410~CAS*PR*3*2~CAS*CO*45*24.19~REF*6R*CP0YV8QASYEO~AMT*B6*65.81~LQ*HE*N381~LQ*HE*N381~CLP*000100035640*1*178.3*65.81**MC*2020176021349~NM1*QC*1*CRAMER*CHELSEA*C***MR*G314138~NM1*82*1*HOOSHMAND-PARSI*KAYHOSROW****XX*1447291851~REF*EA*CAEF5CC592014E499766D0785031F93C~DTM*232*20200602~DTM*233*20200602~SVC*HC:99213*178.3*65.81**1~DTM*472*20200602~CAS*CO*45*112.49~REF*6R*CP0YDFCL5MPL~AMT*B6*65.81~LQ*HE*N381~CLP*000100035479*1*178.3*65.81**MC*2020176021468~NM1*QC*1*DEHERRERA*VANESSA****MR*K523214~NM1*82*1*SEARLES*DENISE*A***XX*1396971230~REF*EA*35FC4EFB3896458D801E9B6DA8CC5080~DTM*232*20200529~DTM*233*20200529~SVC*HC:99213*178.3*65.81**1~DTM*472*20200529~CAS*CO*45*112.49~REF*6R*CP0Y58EST787~AMT*B6*65.81~LQ*HE*N381~CLP*000100035704*1*178.3*65.81**MC*2020176021479~NM1*QC*1*DEHERRERA*VANESSA****MR*K523214~NM1*82*1*GRONEMEYER*LEANNE*R***XX*1659521045~REF*EA*99C61F0D4EF742B7A59E9BDC8820C941~DTM*232*20200603~DTM*233*20200603~SVC*HC:99213*178.3*65.81**1~DTM*472*20200603~CAS*CO*45*112.49~REF*6R*CP0Y9NK423BA~AMT*B6*65.81~LQ*HE*N381~CLP*000100036028*1*178.3*65.81**MC*2020178049727~NM1*QC*1*DEHERRERA*VANESSA****MR*K523214~NM1*82*1*SEARLES*DENISE*A***XX*1396971230~REF*EA*B5CE475A6DA240A7BB184830B4AB37DA~DTM*232*20200610~DTM*233*20200610~SVC*HC:99213*178.3*65.81**1~DTM*472*20200610~CAS*CO*45*112.49~REF*6R*CP0IKXRQ7FPE~AMT*B6*65.81~LQ*HE*N381~CLP*000100035736*1*178.3*65.81**MC*2020176022330~NM1*QC*1*DIAZ*DOMINIC*M***MR*U857412~NM1*82*1*GRONEMEYER*LEANNE*R***XX*1659521045~REF*EA*E021C39AB42849FA93CA79AC457A43F3~DTM*232*20200603~DTM*233*20200603~SVC*HC:99213*178.3*65.81**1~DTM*472*20200603~CAS*CO*45*112.49~REF*6R*CP0Y12D7AEBF~AMT*B6*65.81~LQ*HE*N381~CLP*000100035994*1*178.3*65.81**MC*2020178049835~NM1*QC*1*DURAN*LUCIANO*K***MR*P804952~NM1*82*1*CADDALI*ESTRELLA*A***XX*1164974580~REF*EA*23D05262858D4790B1D94C9F19FDD8AD~DTM*232*20200609~DTM*233*20200609~SVC*HC:99213*178.3*65.81**1~DTM*472*20200609~CAS*CO*45*112.49~REF*6R*CP0IT7XPDXLJ~AMT*B6*65.81~LQ*HE*N381~CLP*000100035547*1*178.3*65.81**MC*2020176021984~NM1*QC*1*EARP*SAMANTHA*J***MR*G171512~NM1*82*1*HOOSHMAND-PARSI*KAYHOSROW****XX*1447291851~REF*EA*3F66E2BF77F747CF8E3F9D5D2CD90BD8~DTM*232*20200601~DTM*233*20200601~SVC*HC:99213*178.3*65.81**1~DTM*472*20200601~CAS*CO*45*112.49~REF*6R*CP0Y8J62YI8H~AMT*B6*65.81~LQ*HE*N381~CLP*000100035699*1*272.99*97.11**MC*2020176021363~NM1*QC*1*EHLERS*DESIREE*F***MR*P131523~NM1*82*1*HOOSHMAND-PARSI*KAYHOSROW****XX*1447291851~REF*EA*5EB54D5825874259BF56FA40368F07F2~DTM*232*20200603~DTM*233*20200603~SVC*HC:99214*272.99*97.11**1~DTM*472*20200603~CAS*CO*45*175.88~REF*6R*CP0Y5F660BHB~AMT*B6*97.11~LQ*HE*N381~CLP*000100035990*1*272.99*97.11**MC*2020178049711~NM1*QC*1*EHLERS*DESIREE*F***MR*P131523~NM1*82*1*HOOSHMAND-PARSI*KAYHOSROW****XX*1447291851~REF*EA*673ACF7B25A34227A87F9502C0754A83~DTM*232*20200609~DTM*233*20200609~SVC*HC:99214*272.99*97.11**1~DTM*472*20200609~CAS*CO*45*175.88~REF*6R*CP0IKO4DRUB4~AMT*B6*97.11~LQ*HE*N381~CLP*000100035982*1*178.3*65.81**MC*2020178049941~NM1*QC*1*ELLIOTT*KYLE*W***MR*U645304~NM1*82*1*CADDALI*ESTRELLA*A***XX*1164974580~REF*EA*4821B731D6114929A121411561ECC1F8~DTM*232*20200609~DTM*233*20200609~SVC*HC:99213*178.3*65.81**1~DTM*472*20200609~CAS*CO*45*112.49~REF*6R*CP0I37J2BVY2~AMT*B6*65.81~LQ*HE*N381~CLP*000100035614*1*178.3*63.81*2*MC*2020176022310~NM1*QC*1*ESQUIBEL*JASON*K***MR*Y927579~NM1*82*1*ROBERTS*BRAD*A***XX*1538435698~REF*EA*333FA90B3801483C9F5B163E36D7DB15~DTM*232*20200602~DTM*233*20200602~SVC*HC:99213*178.3*63.81**1~DTM*472*20200602~CAS*PR*3*2~CAS*CO*45*112.49~REF*6R*CP0YMG0JAC08~AMT*B6*65.81~LQ*HE*N381~LQ*HE*N381~CLP*000100035855*1*178.3*65.81**MC*2020178049930~NM1*QC*1*FLORES*JOE*F***MR*P507699~NM1*82*1*CADDALI*ESTRELLA*A***XX*1164974580~REF*EA*DBF853582F12435A9EC9E6BF64181366~DTM*232*20200605~DTM*233*20200605~SVC*HC:99213*178.3*65.81**1~DTM*472*20200605~CAS*CO*45*112.49~REF*6R*CP0IAHHBKI84~AMT*B6*65.81~LQ*HE*N381~CLP*000100035265*1*2029.05*1328.23**MC*2020176022260~NM1*QC*1*FLUETT*SARAH****MR*O578292~NM1*82*1*HOOSHMAND-PARSI*KAYHOSROW****XX*1447291851~REF*EA*D41E84EB949049B49312A2C13BF656D3~DTM*232*20200526~DTM*233*20200526~SVC*HC:99213:95:25*178.3*65.81**1~DTM*472*20200526~CAS*CO*45*112.49~REF*6R*CP0YZGVN1NHP~AMT*B6*65.81~LQ*HE*N381~SVC*HC:J2315:95*1805*1254**380~DTM*472*20200526~CAS*CO*45*551~REF*6R*CP0YNYGV12O5~AMT*B6*1254~LQ*HE*N381~SVC*HC:81025:95*15*8.42**1~DTM*472*20200526~CAS*CO*45*6.58~REF*6R*CP0YLCG5POD0~AMT*B6*8.42~LQ*HE*N381~SVC*HC:G0444*30.75*0**0**1~DTM*472*20200526~CAS*OA*251*30.75~REF*6R*CP0Y1KGRQ6VZ~LQ*HE*N237~CLP*000100035638*1*178.3*65.81**MC*2020176022126~NM1*QC*1*GARCIA*DANIEL*R***MR*S702489~NM1*82*1*ROBERTS*BRAD*A***XX*1538435698~REF*EA*7029EFC492444784AB571B0B0A4FF0D5~DTM*232*20200602~DTM*233*20200602~SVC*HC:99213*178.3*65.81**1~DTM*472*20200602~CAS*CO*45*112.49~REF*6R*CP0YNAJK85EZ~AMT*B6*65.81~LQ*HE*N381~CLP*000100035963*1*178.3*65.81**MC*2020178049676~NM1*QC*1*GARCIA*KRISTIANN*M***MR*K879772~NM1*82*1*CADDALI*ESTRELLA*A***XX*1164974580~REF*EA*25842138A6F541C581E9A931FEDD7471~DTM*232*20200609~DTM*233*20200609~SVC*HC:99213*178.3*65.81**1~DTM*472*20200609~CAS*CO*45*112.49~REF*6R*CP0IBBCL8U2B~AMT*B6*65.81~LQ*HE*N381~CLP*000100035719*1*450.07*149.59**MC*2020176022288~NM1*QC*1*GARCIA*TERRI*L***MR*D571618~NM1*82*1*GRONEMEYER*LEANNE*R***XX*1659521045~REF*EA*AE6A1748B7B34B30B1F4C3CB8FB5F943~DTM*232*20200603~DTM*233*20200603~SVC*HC:99204:25*450.07*149.59**1~DTM*472*20200603~CAS*CO*45*300.48~REF*6R*CP0Y0MGASGB1~AMT*B6*149.59~LQ*HE*N381~CLP*000100036078*1*88.54*39.39**MC*2020178049938~NM1*QC*1*GARCIA*TERRI*L***MR*D571618~NM1*82*1*HOOSHMAND-PARSI*KAYHOSROW****XX*1447291851~REF*EA*13290AEB4BC045ADAF9D485F8F2A8471~DTM*232*20200611~DTM*233*20200611~SVC*HC:99212*88.54*39.39**1~DTM*472*20200611~CAS*CO*45*49.15~REF*6R*CP0IXJND0DJI~AMT*B6*39.39~LQ*HE*N381~CLP*000100035347*1*178.3*65.81**MC*2020176022198~NM1*QC*1*GAUGHAN*ISABELLA*Z***MR*G134723~NM1*82*1*SEARLES*DENISE*A***XX*1396971230~REF*EA*1F9CFC6ED62642B9949B58C5F5B194BC~DTM*232*20200527~DTM*233*20200527~SVC*HC:99213*178.3*65.81**1~DTM*472*20200527~CAS*CO*45*112.49~REF*6R*CP0YYKPIDR2B~AMT*B6*65.81~LQ*HE*N381~CLP*000100035739*1*178.3*63.81*2*MC*2020176022178~NM1*QC*1*GIERHART*JAMES*T***MR*G669412~NM1*82*1*GRONEMEYER*LEANNE*R***XX*1659521045~REF*EA*EF21DFEB08D84AA796E5F71FF7A31714~DTM*232*20200603~DTM*233*20200603~SVC*HC:99213*178.3*63.81**1~DTM*472*20200603~CAS*PR*3*2~CAS*CO*45*112.49~REF*6R*CP0YRFZXI5NQ~AMT*B6*65.81~LQ*HE*N381~LQ*HE*N381~CLP*000100035552*1*178.3*65.81**MC*2020176022092~NM1*QC*1*GILMORE*BRIAN*W***MR*U569330~NM1*82*1*HOOSHMAND-PARSI*KAYHOSROW****XX*1447291851~REF*EA*A91398A24549480BB7CC1C5689FCD657~DTM*232*20200601~DTM*233*20200601~SVC*HC:99213*178.3*65.81**1~DTM*472*20200601~CAS*CO*45*112.49~REF*6R*CP0YY83D6TII~AMT*B6*65.81~LQ*HE*N381~CLP*000100035952*1*272.99*95.11*2*MC*2020178049884~NM1*QC*1*GOIN*JOSHUA****MR*G127292~NM1*82*1*HOOSHMAND-PARSI*KAYHOSROW****XX*1447291851~REF*EA*C9F07AA8948C40328988A308A3C733C3~DTM*232*20200609~DTM*233*20200609~SVC*HC:99214:25*272.99*95.11**1~DTM*472*20200609~CAS*PR*3*2~CAS*CO*45*175.88~REF*6R*CP0IHQ0WQ89S~AMT*B6*97.11~LQ*HE*N381~LQ*HE*N381~CLP*000100035952*1*1888.99*1254**MC*2020178049886~NM1*QC*1*GOIN*JOSHUA****MR*G127292~NM1*82*1*HOOSHMAND-PARSI*KAYHOSROW****XX*1447291851~REF*EA*6B16BAAC130D495C99B2EA71E7DFC383~DTM*232*20200609~DTM*233*20200609~SVC*HC:96372*83.99*0**0**1~DTM*472*20200609~CAS*CO*109*83.99~REF*6R*CP0IEI1OZM5P~LQ*HE*N381~SVC*HC:J2315*1805*1254**380~DTM*472*20200609~CAS*CO*45*551~REF*6R*CP0IALRXLAJ7~AMT*B6*1254~LQ*HE*N381~CLP*000100035755*1*1903.99*1262.42**MC*2020176022003~NM1*QC*1*GONZALES*CRYSTAL*D***MR*M921754~NM1*82*1*SEARLES*DENISE*A***XX*1396971230~REF*EA*4B99A1D30A6D46AC9BF718391EA33C57~DTM*232*20200604~DTM*233*20200604~SVC*HC:96372*83.99*0**0**1~DTM*472*20200604~CAS*CO*109*83.99~REF*6R*CP0Y51RF9FRM~LQ*HE*N381~SVC*HC:J2315*1805*1254**380~DTM*472*20200604~CAS*CO*45*551~REF*6R*CP0Y675YMT1G~AMT*B6*1254~LQ*HE*N381~SVC*HC:81025*15*8.42**1~DTM*472*20200604~CAS*CO*45*6.58~REF*6R*CP0YWR2J2CH6~AMT*B6*8.42~LQ*HE*N381~CLP*000100035755*1*178.3*65.81**MC*2020176022016~NM1*QC*1*GONZALES*CRYSTAL*D***MR*M921754~NM1*82*1*SEARLES*DENISE*A***XX*1396971230~REF*EA*3D2E320F45104A7383417667C733AA9A~DTM*232*20200604~DTM*233*20200604~SVC*HC:99213:25*178.3*65.81**1~DTM*472*20200604~CAS*CO*45*112.49~REF*6R*CP0YV84L2X95~AMT*B6*65.81~LQ*HE*N381~CLP*000100036070*1*178.3*65.81**MC*2020178049747~NM1*QC*1*GONZALES*MARY*L***MR*F639710~NM1*74*1*GONZALEZ~NM1*82*1*SEARLES*DENISE*A***XX*1396971230~REF*EA*51E5084CE2194FF4B505CAF200CC40F2~DTM*232*20200610~DTM*233*20200610~SVC*HC:99213*178.3*65.81**1~DTM*472*20200610~CAS*CO*45*112.49~REF*6R*CP0IMDVCFQ5Q~AMT*B6*65.81~LQ*HE*N381~CLP*000100035650*1*178.3*65.81**MC*2020176022217~NM1*QC*1*GOW*LAYLA*A***MR*O314223~NM1*82*1*GRONEMEYER*LEANNE*R***XX*1659521045~REF*EA*B9E8836845484FC5A1AD12A6F8C8EA9D~DTM*232*20200602~DTM*233*20200602~SVC*HC:99213:25*178.3*65.81**1~DTM*472*20200602~CAS*CO*45*112.49~REF*6R*CP0YJPR6L569~AMT*B6*65.81~LQ*HE*N381~CLP*000100035650*1*15*8.42**MC*2020176022235~NM1*QC*1*GOW*LAYLA*A***MR*O314223~NM1*82*1*GRONEMEYER*LEANNE*R***XX*1659521045~REF*EA*A7BAA45E21F74729A7CFCCE46EBC004D~DTM*232*20200602~DTM*233*20200602~SVC*HC:81025*15*8.42**1~DTM*472*20200602~CAS*CO*45*6.58~REF*6R*CP0Y5LK3NRLE~AMT*B6*8.42~LQ*HE*N381~CLP*000100035702*1*1888.99*1254**MC*2020176021326~NM1*QC*1*GRAY*JAMES****MR*J248474~NM1*82*1*GRONEMEYER*LEANNE*R***XX*1659521045~REF*EA*81A191092DFF4D6AB588F93038159A2B~DTM*232*20200603~DTM*233*20200603~SVC*HC:96372*83.99*0**0**1~DTM*472*20200603~CAS*CO*109*83.99~REF*6R*CP0Y0P39YA2M~LQ*HE*N381~SVC*HC:J2315*1805*1254**380~DTM*472*20200603~CAS*CO*45*551~REF*6R*CP0YJRFL1C2D~AMT*B6*1254~LQ*HE*N381~CLP*000100035702*1*178.3*65.81**MC*2020176021341~NM1*QC*1*GRAY*JAMES****MR*J248474~NM1*82*1*GRONEMEYER*LEANNE*R***XX*1659521045~REF*EA*138674EDD5F9474580FBDD1A2E733851~DTM*232*20200603~DTM*233*20200603~SVC*HC:99213:25*178.3*65.81**1~DTM*472*20200603~CAS*CO*45*112.49~REF*6R*CP0Y64BG0O78~AMT*B6*65.81~LQ*HE*N381~CLP*000100035666*1*88.54*39.39**MC*2020176021780~NM1*QC*1*GUERRA-DELACRUZ MARTINEZ*HERLINDA*M***MR*R965343~NM1*74*1*GUERRADELACRUZ~NM1*82*1*HOOSHMAND-PARSI*KAYHOSROW****XX*1447291851~REF*EA*6B6BE038DAA24FBFB05DE206380913DA~DTM*232*20200602~DTM*233*20200602~SVC*HC:99212*88.54*39.39**1~DTM*472*20200602~CAS*CO*45*49.15~REF*6R*CP0YPTDK8HYW~AMT*B6*39.39~LQ*HE*N381~CLP*000100035579*1*178.3*63.81*2*MC*2020176022160~NM1*QC*1*GUERRERO*SONYA*M***MR*S127505~NM1*82*1*HOOSHMAND-PARSI*KAYHOSROW****XX*1447291851~REF*EA*C53AA00727354D2B8E948EB03D055584~DTM*232*20200601~DTM*233*20200601~SVC*HC:99213*178.3*63.81**1~DTM*472*20200601~CAS*PR*3*2~CAS*CO*45*112.49~REF*6R*CP0Y4LUPOOCK~AMT*B6*65.81~LQ*HE*N381~LQ*HE*N381~CLP*000100035948*1*178.3*63.81*2*MC*2020178049703~NM1*QC*1*HALL*KRISTINA*K***MR*S324169~NM1*82*1*HOOSHMAND-PARSI*KAYHOSROW****XX*1447291851~REF*EA*84785B73C6D942FFA147CDE07C2CEF04~DTM*232*20200609~DTM*233*20200609~SVC*HC:99213:25*178.3*63.81**1~DTM*472*20200609~CAS*PR*3*2~CAS*CO*45*112.49~REF*6R*CP0ILRKKBO62~AMT*B6*65.81~LQ*HE*N381~LQ*HE*N381~CLP*000100035948*1*15*8.13*.29*MC*2020178049707~NM1*QC*1*HALL*KRISTINA*K***MR*S324169~NM1*82*1*HOOSHMAND-PARSI*KAYHOSROW****XX*1447291851~REF*EA*12D1CED852CC459280F4D75B23468EC2~DTM*232*20200609~DTM*233*20200609~SVC*HC:81025*15*8.13**1~DTM*472*20200609~CAS*PR*3*.29~CAS*CO*45*6.58~REF*6R*CP0I40751F7W~AMT*B6*8.42~LQ*HE*N381~LQ*HE*N381~CLP*000100027682*1*178.3*65.81**MC*2020178049681~NM1*QC*1*HARDIE*JONATHAN*D***MR*G661013~NM1*82*1*LUCAS*PEGGI*S***XX*1366419582~REF*EA*CB8AAEF21D444095A9F096A38E0159E2~DTM*232*20200106~DTM*233*20200106~SVC*HC:99213*178.3*65.81**1~DTM*472*20200106~CAS*CO*45*112.49~REF*6R*CP0IZ5DK3H03~AMT*B6*65.81~LQ*HE*N293~LQ*HE*N381~CLP*000100035730*1*178.3*65.81**MC*2020176022149~NM1*QC*1*HERNANDEZ*DEREK*G***MR*Q002007~NM1*82*1*GRONEMEYER*LEANNE*R***XX*1659521045~REF*EA*A926C1349D934673A65B5FCB31B721A2~DTM*232*20200603~DTM*233*20200603~SVC*HC:99213*178.3*65.81**1~DTM*472*20200603~CAS*CO*45*112.49~REF*6R*CP0YU9JFAHRT~AMT*B6*65.81~LQ*HE*N381~CLP*000100035845*1*88.54*39.39**MC*2020176021594~NM1*QC*1*HERRERA*ALICIA*M***MR*K789658~NM1*82*1*CADDALI*ESTRELLA*A***XX*1164974580~REF*EA*F1245E5F0AF14DC2825A85082778573B~DTM*232*20200605~DTM*233*20200605~SVC*HC:99212*88.54*39.39**1~DTM*472*20200605~CAS*CO*45*49.15~REF*6R*CP0YH8AYDCEL~AMT*B6*39.39~LQ*HE*N381~CLP*000100035390*1*218.3*76.81**MC*2020176021872~NM1*QC*1*HOWARD*CLAUDIA*M***MR*Y099982~NM1*82*1*SEARLES*DENISE*A***XX*1396971230~REF*EA*618C5D4AF839432BACF28B63628713F4~DTM*232*20200528~DTM*233*20200528~SVC*HC:99213:25*178.3*65.81**1~DTM*472*20200528~CAS*CO*45*112.49~REF*6R*CP0YAUVGY7VF~AMT*B6*65.81~LQ*HE*N381~SVC*HC:G8510*40*11**1~DTM*472*20200528~CAS*CO*45*29~REF*6R*CP0YMBHUCGYO~AMT*B6*11~LQ*HE*N381~CLP*000100035390*1*1888.99*1254**MC*2020176021890~NM1*QC*1*HOWARD*CLAUDIA*M***MR*Y099982~NM1*82*1*SEARLES*DENISE*A***XX*1396971230~REF*EA*B2B98692C27643D28C2DD1A526D430F4~DTM*232*20200528~DTM*233*20200528~SVC*HC:96372*83.99*0**0**1~DTM*472*20200528~CAS*CO*109*83.99~REF*6R*CP0YHURQR6AN~LQ*HE*N381~SVC*HC:J2315*1805*1254**380~DTM*472*20200528~CAS*CO*45*551~REF*6R*CP0YP15HAXD6~AMT*B6*1254~LQ*HE*N381~CLP*000100035946*1*15*7.42*1*MC*2020178049802~NM1*QC*1*JARAMILLO*RACHEL*A***MR*Y000126~NM1*82*1*SEARLES*DENISE*A***XX*1396971230~REF*EA*77B924BA33B8445A9728CE18BFC52A03~DTM*232*20200609~DTM*233*20200609~SVC*HC:81025*15*7.42**1~DTM*472*20200609~CAS*PR*3*1~CAS*CO*45*6.58~REF*6R*CP0IOUZ03KE4~AMT*B6*8.42~LQ*HE*N381~LQ*HE*N381~CLP*000100035946*1*178.3*63.81*2*MC*2020178049806~NM1*QC*1*JARAMILLO*RACHEL*A***MR*Y000126~NM1*82*1*SEARLES*DENISE*A***XX*1396971230~REF*EA*27E7AA5C6A1A455FA4A478C08BBAF43C~DTM*232*20200609~DTM*233*20200609~SVC*HC:99213:25*178.3*63.81**1~DTM*472*20200609~CAS*PR*3*2~CAS*CO*45*112.49~REF*6R*CP0IHEBKF0OA~AMT*B6*65.81~LQ*HE*N381~LQ*HE*N381~CLP*000100035988*1*88.54*39.39**MC*2020178049688~NM1*QC*1*JOHNSON*JESSICA****MR*J757714~NM1*82*1*SEARLES*DENISE*A***XX*1396971230~REF*EA*49AD49A4428C4FBDB3ABE54FCE08E7CF~DTM*232*20200609~DTM*233*20200609~SVC*HC:99212*88.54*39.39**1~DTM*472*20200609~CAS*CO*45*49.15~REF*6R*CP0IJY5BH1ET~AMT*B6*39.39~LQ*HE*N381~CLP*000100035551*1*598.55*82.76*.13*MC*2020176022063~NM1*QC*1*JOHNSON*NORA****MR*J694925~NM1*82*1*GRONEMEYER*LEANNE*R***XX*1659521045~REF*EA*7BFC50F23E8640DEB6818A8308D4D664~DTM*232*20200601~DTM*233*20200601~SVC*HC:99213:25*178.3*65.68**1~DTM*472*20200601~CAS*PR*3*.13~CAS*CO*45*112.49~REF*6R*CP0Y6TV5C70S~AMT*B6*65.81~LQ*HE*N381~LQ*HE*N381~SVC*HC:H0049*403.17*0**0**1~DTM*472*20200601~CAS*PI*119*403.17~REF*6R*CP0YIPW1SK1A~LQ*HE*N362~LQ*HE*N56~LQ*HE*N381~SVC*HC:96127*17.08*17.08**1~DTM*472*20200601~REF*6R*CP0YK586YRCC~AMT*B6*17.08~CLP*000100035742*1*272.99*95.11*2*MC*2020176022188~NM1*QC*1*KANTOR*LOUIS*W***MR*Y320329~NM1*82*1*HOOSHMAND-PARSI*KAYHOSROW****XX*1447291851~REF*EA*0673AFD99A154B2EB6B59AB38C82D92E~DTM*232*20200603~DTM*233*20200603~SVC*HC:99214*272.99*95.11**1~DTM*472*20200603~CAS*PR*3*2~CAS*CO*45*175.88~REF*6R*CP0Y6K9345JM~AMT*B6*97.11~LQ*HE*N381~LQ*HE*N381~CLP*000100036063*1*178.3*65.81**MC*2020178049870~NM1*QC*1*LOBATO*DAVINA****MR*H882144~NM1*82*1*CADDALI*ESTRELLA*A***XX*1164974580~REF*EA*1BB6C0EC52B14D9EB09CB1534F59EFAD~DTM*232*20200610~DTM*233*20200610~SVC*HC:99213*178.3*65.81**1~DTM*472*20200610~CAS*CO*45*112.49~REF*6R*CP0INBISLBFV~AMT*B6*65.81~LQ*HE*N381~CLP*000100035617*1*178.3*63.81*2*MC*2020176021739~NM1*QC*1*LOPEZ*BEVERLY*J***MR*O528934~NM1*82*1*CADDALI*ESTRELLA*A***XX*1164974580~REF*EA*CCA2CA72E0EF4959A26F3461E04BBD73~DTM*232*20200602~DTM*233*20200602~SVC*HC:99213*178.3*63.81**1~DTM*472*20200602~CAS*PR*3*2~CAS*CO*45*112.49~REF*6R*CP0YS47XK9SZ~AMT*B6*65.81~LQ*HE*N381~LQ*HE*N381~CLP*000100035486*1*178.3*65.81**MC*2020176021499~NM1*QC*1*LORETO*JOSHUA*R***MR*E192810~NM1*82*1*SEARLES*DENISE*A***XX*1396971230~REF*EA*325473B722204FE48DC9FB6CA86F94C6~DTM*232*20200529~DTM*233*20200529~SVC*HC:99213*178.3*65.81**1~DTM*472*20200529~CAS*CO*45*112.49~REF*6R*CP0YI6GXJGD3~AMT*B6*65.81~LQ*HE*N381~CLP*000100032667*1*178.3*65.81**MC*2020176021819~NM1*QC*1*LUADERS*TAMMY****MR*P495791~NM1*82*1*HOOSHMAND-PARSI*KAYHOSROW****XX*1447291851~REF*EA*044D7C40C4B24059A236FF8C108AB1B0~DTM*232*20200402~DTM*233*20200402~SVC*HC:99213*178.3*65.81**1~DTM*472*20200402~CAS*CO*45*112.49~REF*6R*CP0YE4I0GR0H~AMT*B6*65.81~LQ*HE*N381~CLP*000100033606*1*621.47*87.73**MC*2020178049810~NM1*QC*1*LUADERS*TAMMY****MR*P495791~NM1*82*1*HOOSHMAND-PARSI*KAYHOSROW****XX*1447291851~REF*EA*AF4BB800CDFA4408BA9F2FDE97455115~DTM*232*20200422~DTM*233*20200422~SVC*HC:99213:25*178.3*65.81**1~DTM*472*20200422~CAS*CO*45*112.49~REF*6R*CP0I787GSVYI~AMT*B6*65.81~LQ*HE*N381~SVC*HC:H0049*403.17*10.92**1~DTM*472*20200422~CAS*CO*45*392.25~REF*6R*CP0IGIICND94~AMT*B6*10.92~LQ*HE*N381~SVC*HC:G8510*40*11**1~DTM*472*20200422~CAS*CO*45*29~REF*6R*CP0IMBY9IXVY~AMT*B6*11~LQ*HE*N381~CLP*000100036037*1*178.3*65.81**MC*2020178049906~NM1*QC*1*MAEZ*DANIEL*E***MR*B173664~NM1*82*1*SEARLES*DENISE*A***XX*1396971230~REF*EA*AEFD477FCAEB431AB78B0F7ECC6AD043~DTM*232*20200610~DTM*233*20200610~SVC*HC:99213:25*178.3*65.81**1~DTM*472*20200610~CAS*CO*45*112.49~REF*6R*CP0ITMHL8U8M~AMT*B6*65.81~LQ*HE*N381~CLP*000100036037*1*1888.99*1254**MC*2020178049915~NM1*QC*1*MAEZ*DANIEL*E***MR*B173664~NM1*82*1*SEARLES*DENISE*A***XX*1396971230~REF*EA*FEE82A445C1945938C15113AD36B6351~DTM*232*20200610~DTM*233*20200610~SVC*HC:96372*83.99*0**0**1~DTM*472*20200610~CAS*CO*109*83.99~REF*6R*CP0IIKN8HTXR~LQ*HE*N381~SVC*HC:J2315*1805*1254**380~DTM*472*20200610~CAS*CO*45*551~REF*6R*CP0IA36PXLRY~AMT*B6*1254~LQ*HE*N381~CLP*000100035376*1*178.3*65.81**MC*2020176021965~NM1*QC*1*MAITLAND*MATTHEW****MR*P947985~NM1*82*1*GRONEMEYER*LEANNE*R***XX*1659521045~REF*EA*E9CE0F65372940708D3CB378EED94A24~DTM*232*20200527~DTM*233*20200527~SVC*HC:99213*178.3*65.81**1~DTM*472*20200527~CAS*CO*45*112.49~REF*6R*CP0YBEH4K8TM~AMT*B6*65.81~LQ*HE*N381~CLP*000100028013*1*178.3*65.81**MC*2020178049854~NM1*QC*1*MARQUEZ*JON****MR*S249531~NM1*82*1*LUCAS*PEGGI*S***XX*1366419582~REF*EA*7EF4C3CF78B3414D9F62D38D2DCE1396~DTM*232*20200113~DTM*233*20200113~SVC*HC:99213*178.3*65.81**1~DTM*472*20200113~CAS*CO*45*112.49~REF*6R*CP0ITABEPXF8~AMT*B6*65.81~LQ*HE*N293~LQ*HE*N381~CLP*000100035598*1*178.3*65.81**MC*2020176021923~NM1*QC*1*MARTINEZ*ANTHONY*V***MR*N380620~NM1*82*1*GRONEMEYER*LEANNE*R***XX*1659521045~REF*EA*17D0C8A11835445A82F56776EC2F07CB~DTM*232*20200602~DTM*233*20200602~SVC*HC:99213*178.3*65.81**1~DTM*472*20200602~CAS*CO*45*112.49~REF*6R*CP0YTX6C6FBB~AMT*B6*65.81~LQ*HE*N381~CLP*000100035787*1*621.47*87.73**MC*2020176022036~NM1*QC*1*MARTINEZ*SHAREE****MR*M754320~NM1*82*1*GRONEMEYER*LEANNE*R***XX*1659521045~REF*EA*4E90857405B141259E3B5430DF8166B2~DTM*232*20200604~DTM*233*20200604~SVC*HC:99213:25*178.3*65.81**1~DTM*472*20200604~CAS*CO*45*112.49~REF*6R*CP0YQTNCDIHM~AMT*B6*65.81~LQ*HE*N381~SVC*HC:H0049*403.17*10.92**1~DTM*472*20200604~CAS*CO*45*392.25~REF*6R*CP0Y8Q8KYV8Y~AMT*B6*10.92~LQ*HE*N381~SVC*HC:G8510*40*11**1~DTM*472*20200604~CAS*CO*45*29~REF*6R*CP0Y61ARVMUF~AMT*B6*11~LQ*HE*N381~CLP*000100035374*1*178.3*65.81**MC*2020176021623~NM1*QC*1*MAXFIELD*KENDRA*M***MR*N150478~NM1*74*1*MAXFIED~NM1*82*1*GRONEMEYER*LEANNE*R***XX*1659521045~REF*EA*4F296D59E935470B9244F8A0FA1569EA~DTM*232*20200527~DTM*233*20200527~SVC*HC:99213:25*178.3*65.81**1~DTM*472*20200527~CAS*CO*45*112.49~REF*6R*CP0YHM0XWDEL~AMT*B6*65.81~LQ*HE*N381~CLP*000100035374*1*15*8.42**MC*2020176021636~NM1*QC*1*MAXFIELD*KENDRA*M***MR*N150478~NM1*74*1*MAXFIED~NM1*82*1*GRONEMEYER*LEANNE*R***XX*1659521045~REF*EA*81F648E683784AC9AE4D48D0C4CD35F9~DTM*232*20200527~DTM*233*20200527~SVC*HC:81025*15*8.42**1~DTM*472*20200527~CAS*CO*45*6.58~REF*6R*CP0Y39UVBGKO~AMT*B6*8.42~LQ*HE*N381~CLP*000100036010*1*272.99*96.91*.2*MC*2020178049831~NM1*QC*1*MCCLURE*THOMAS*M***MR*K853447~NM1*82*1*CADDALI*ESTRELLA*A***XX*1164974580~REF*EA*446251209F734FC1A7383448E5FDC700~DTM*232*20200610~DTM*233*20200610~SVC*HC:99214*272.99*96.91**1~DTM*472*20200610~CAS*PR*3*.2~CAS*CO*45*175.88~REF*6R*CP0IJ4KWVDLK~AMT*B6*97.11~LQ*HE*N381~LQ*HE*N381~CLP*000100036021*1*178.3*65.81**MC*2020178049800~NM1*QC*1*MCGARVY*ROBBIN****MR*O755729~NM1*82*1*CADDALI*ESTRELLA*A***XX*1164974580~REF*EA*51DBFB06DFC5464F9BDBFBB1D7C3BAB2~DTM*232*20200610~DTM*233*20200610~SVC*HC:99213*178.3*65.81**1~DTM*472*20200610~CAS*CO*45*112.49~REF*6R*CP0IXJN1MCFI~AMT*B6*65.81~LQ*HE*N381~CLP*000100036126*1*178.3*65.81**MC*2020178049671~NM1*QC*1*MEDINA*JEANNINE****MR*H870875~NM1*82*1*SEARLES*DENISE*A***XX*1396971230~REF*EA*626D2A316F2749C9B5D8396D03D41A0C~DTM*232*20200611~DTM*233*20200611~SVC*HC:99213*178.3*65.81**1~DTM*472*20200611~CAS*CO*45*112.49~REF*6R*CP0IK6QK1HI1~AMT*B6*65.81~LQ*HE*N381~CLP*000100035795*1*178.3*65.81**MC*2020176022373~NM1*QC*1*MEDINA*TAMMY*A***MR*F616296~NM1*82*1*SEARLES*DENISE*A***XX*1396971230~REF*EA*A6A28A1E70C340BBB6A5D3CA7608F72D~DTM*232*20200604~DTM*233*20200604~SVC*HC:99213*178.3*65.81**1~DTM*472*20200604~CAS*CO*45*112.49~REF*6R*CP0YXT95T4V1~AMT*B6*65.81~LQ*HE*N381~CLP*000100028945*1*281*171.51**MC*2020178049684~NM1*QC*1*MENDEZ*MATTHEW****MR*Q358714~NM1*82*1*GRONEMEYER*LEANNE*R***XX*1659521045~REF*EA*B264B898847F4471B944FCB7D6688243~DTM*232*20200128~DTM*233*20200128~SVC*HC:99204:25*205*149.59**1~DTM*472*20200128~CAS*CO*45*55.41~REF*6R*CP0IZIM3BXX6~AMT*B6*149.59~LQ*HE*N293~LQ*HE*N381~SVC*HC:H0049*36*10.92**1~DTM*472*20200128~CAS*CO*45*25.08~REF*6R*CP0I4WSME55Y~AMT*B6*10.92~LQ*HE*N293~LQ*HE*N381~SVC*HC:G8510*40*11**1~DTM*472*20200128~CAS*CO*45*29~REF*6R*CP0IUGL0T4D8~AMT*B6*11~LQ*HE*N293~LQ*HE*N381~CLP*000100035373*1*175.85*65.13*2*MC*2020176022325~NM1*QC*1*MILLER*JEFFREY*C***MR*G866706~NM1*82*1*SEARLES*DENISE*A***XX*1396971230~REF*EA*9CE1E68E4BC84DB888B3F7D79BD805BE~DTM*232*20200527~DTM*233*20200527~SVC*HC:99202*175.85*65.13**1~DTM*472*20200527~CAS*PR*3*2~CAS*CO*45*108.72~REF*6R*CP0YVKM7U29Z~AMT*B6*67.13~LQ*HE*N381~LQ*HE*N381~CLP*000100036077*1*88.54*39.39**MC*2020178049826~NM1*QC*1*MOLZOW*THOMAS*P***MR*O956576~NM1*82*1*HOOSHMAND-PARSI*KAYHOSROW****XX*1447291851~REF*EA*6F7B22B8A01146B58F26F842E96E698F~DTM*232*20200611~DTM*233*20200611~SVC*HC:99212*88.54*39.39**1~DTM*472*20200611~CAS*CO*45*49.15~REF*6R*CP0IVYWS6RWK~AMT*B6*39.39~LQ*HE*N381~CLP*000100035365*1*272.99*97.11**MC*2020176022107~NM1*QC*1*MONTEZ*JOHN*A***MR*K005394~NM1*82*1*HOOSHMAND-PARSI*KAYHOSROW****XX*1447291851~REF*EA*D8524F2195584ABAB12DF1CED2940FA3~DTM*232*20200527~DTM*233*20200527~SVC*HC:99214*272.99*97.11**1~DTM*472*20200527~CAS*CO*45*175.88~REF*6R*CP0Y7JGFAMT3~AMT*B6*97.11~LQ*HE*N381~CLP*000100036058*1*178.3*65.81**MC*2020178049738~NM1*QC*1*NAVA*IZZABELA*S***MR*G505042~NM1*82*1*SEARLES*DENISE*A***XX*1396971230~REF*EA*5B0DCC04675E4345A5CA52AAC6BAF509~DTM*232*20200610~DTM*233*20200610~SVC*HC:99213*178.3*65.81**1~DTM*472*20200610~CAS*CO*45*112.49~REF*6R*CP0IS03KYM0T~AMT*B6*65.81~LQ*HE*N381~CLP*000100035822*1*178.3*65.81**MC*2020178049697~NM1*QC*1*NEWCOMBE*NOLAN*J***MR*G938738~NM1*82*1*CADDALI*ESTRELLA*A***XX*1164974580~REF*EA*E50DCA03A3414FE2BF5529E2A25259A3~DTM*232*20200605~DTM*233*20200605~SVC*HC:99213*178.3*65.81**1~DTM*472*20200605~CAS*CO*45*112.49~REF*6R*CP0IK4A5YJGF~AMT*B6*65.81~LQ*HE*N381~CLP*000100035629*1*178.3*65.81**MC*2020176021393~NM1*QC*1*NORTON*TIMOTHY*L***MR*O938357~NM1*82*1*ROBERTS*BRAD*A***XX*1538435698~REF*EA*02566135AE574C50AE3827C0718F2D43~DTM*232*20200602~DTM*233*20200602~SVC*HC:99213*178.3*65.81**1~DTM*472*20200602~CAS*CO*45*112.49~REF*6R*CP0YA579P9JL~AMT*B6*65.81~LQ*HE*N381~CLP*000100036091*1*178.3*63.81*2*MC*2020178049708~NM1*QC*1*OVERTURF*TAMIKA*T***MR*O419065~NM1*82*1*SEARLES*DENISE*A***XX*1396971230~REF*EA*7FA3D5FC5B2548108E32D64627EF4001~DTM*232*20200611~DTM*233*20200611~SVC*HC:99213*178.3*63.81**1~DTM*472*20200611~CAS*PR*3*2~CAS*CO*45*112.49~REF*6R*CP0I7CFUESGK~AMT*B6*65.81~LQ*HE*N381~LQ*HE*N381~CLP*000100035989*1*178.3*65.81**MC*2020178049866~NM1*QC*1*PACHECO*ALAINA****MR*U641428~NM1*82*1*CADDALI*ESTRELLA*A***XX*1164974580~REF*EA*7EA190CBB7D842629A6DE7E34115E777~DTM*232*20200609~DTM*233*20200609~SVC*HC:99213*178.3*65.81**1~DTM*472*20200609~CAS*CO*45*112.49~REF*6R*CP0IFBEKLT87~AMT*B6*65.81~LQ*HE*N381~CLP*000100035809*1*178.3*65.81**MC*2020176021534~NM1*QC*1*PAIZ*DESIREE*V***MR*J620284~NM1*82*1*SEARLES*DENISE*A***XX*1396971230~REF*EA*F9ADBADF2EFA43F3A89E36A327E06B57~DTM*232*20200604~DTM*233*20200604~SVC*HC:99213*178.3*65.81**1~DTM*472*20200604~CAS*CO*45*112.49~REF*6R*CP0YZ6LZUYZX~AMT*B6*65.81~LQ*HE*N381~CLP*000100036049*1*88.54*39.39**MC*2020178049736~NM1*QC*1*PARADISO*CHEYENNE*B***MR*G885608~NM1*82*1*SEARLES*DENISE*A***XX*1396971230~REF*EA*FD5ADFD9AC2D46569C2346B14C4FB107~DTM*232*20200610~DTM*233*20200610~SVC*HC:99212*88.54*39.39**1~DTM*472*20200610~CAS*CO*45*49.15~REF*6R*CP0IN9N6GQNN~AMT*B6*39.39~LQ*HE*N381~CLP*000100035412*1*178.3*65.81**MC*2020176022342~NM1*QC*1*QUINTANA*ANDRES****MR*P873770~NM1*82*1*GRONEMEYER*LEANNE*R***XX*1659521045~REF*EA*CB8EDD67D5C64C15966D4975B7CE63CA~DTM*232*20200528~DTM*233*20200528~SVC*HC:99213*178.3*65.81**1~DTM*472*20200528~CAS*CO*45*112.49~REF*6R*CP0YGGLFMLSD~AMT*B6*65.81~LQ*HE*N381~CLP*000100035434*1*15*8.42**MC*2020176021834~NM1*QC*1*QUINTANA*DANIELLE*A***MR*N559116~NM1*82*1*SEARLES*DENISE*A***XX*1396971230~REF*EA*49EC8CDEB6374961B5BE86B16AA74DD5~DTM*232*20200528~DTM*233*20200528~SVC*HC:81025*15*8.42**1~DTM*472*20200528~CAS*CO*45*6.58~REF*6R*CP0Y2EHS3XGG~AMT*B6*8.42~LQ*HE*N381~CLP*000100035434*1*178.3*65.81**MC*2020176021840~NM1*QC*1*QUINTANA*DANIELLE*A***MR*N559116~NM1*82*1*SEARLES*DENISE*A***XX*1396971230~REF*EA*58D06B75DD884395AEB46D67903F03E5~DTM*232*20200528~DTM*233*20200528~SVC*HC:99213:25*178.3*65.81**1~DTM*472*20200528~CAS*CO*45*112.49~REF*6R*CP0YYA5U5KQO~AMT*B6*65.81~LQ*HE*N381~CLP*000100035733*1*217.66*55.35**MC*2020176021247~NM1*QC*1*RAMIREZ*ANTHONY*J***MR*P811929~NM1*82*1*LEWIS*HOLLY*G***XX*1295234128~REF*EA*FF2218246C37451B85A84084F0DB5914~DTM*232*20200603~DTM*233*20200603~SVC*HC:90832*217.66*55.35**1~DTM*472*20200603~CAS*CO*45*162.31~REF*6R*CP0Y9S2BOQ8A~AMT*B6*55.35~LQ*HE*N381~CLP*000100035559*1*272.99*97.11**MC*2020176021899~NM1*QC*1*RAMIREZ*JAVIER****MR*F684344~NM1*82*1*HOOSHMAND-PARSI*KAYHOSROW****XX*1447291851~REF*EA*BBF0ACB99EA84304A881A4468963AD4B~DTM*232*20200601~DTM*233*20200601~SVC*HC:99214*272.99*97.11**1~DTM*472*20200601~CAS*CO*45*175.88~REF*6R*CP0YHG4FV3YK~AMT*B6*97.11~LQ*HE*N381~CLP*000100035977*1*178.3*65.81**MC*2020178049848~NM1*QC*1*RAMIREZ*JAVIER****MR*F684344~NM1*82*1*HOOSHMAND-PARSI*KAYHOSROW****XX*1447291851~REF*EA*862FBF39E3294AAEBCBD190324BB85C2~DTM*232*20200609~DTM*233*20200609~SVC*HC:99213*178.3*65.81**1~DTM*472*20200609~CAS*CO*45*112.49~REF*6R*CP0ICG3H8QOV~AMT*B6*65.81~LQ*HE*N381~CLP*000100035975*1*178.3*65.81**MC*2020178049902~NM1*QC*1*RATHBUN*AARON*W***MR*P304001~NM1*82*1*HOOSHMAND-PARSI*KAYHOSROW****XX*1447291851~REF*EA*A3E81C828F944B89B9F04EE75E134A1E~DTM*232*20200609~DTM*233*20200609~SVC*HC:99213*178.3*65.81**1~DTM*472*20200609~CAS*CO*45*112.49~REF*6R*CP0IATAC8HWT~AMT*B6*65.81~LQ*HE*N381~CLP*000100036029*1*178.3*65.81**MC*2020178049897~NM1*QC*1*RAYAS*JAVIER****MR*I638636~NM1*82*1*CADDALI*ESTRELLA*A***XX*1164974580~REF*EA*9CE9B824D4AE419C8913A69B87E45572~DTM*232*20200610~DTM*233*20200610~SVC*HC:99213*178.3*65.81**1~DTM*472*20200610~CAS*CO*45*112.49~REF*6R*CP0I8IX6773Y~AMT*B6*65.81~LQ*HE*N381~CLP*000100035706*1*272.99*97.11**MC*2020176021668~NM1*QC*1*RODRIGUEZ*CAROLINA*M***MR*Y641512~NM1*82*1*HOOSHMAND-PARSI*KAYHOSROW****XX*1447291851~REF*EA*5085EF1BC641422DB3F4FF70C2141FB1~DTM*232*20200603~DTM*233*20200603~SVC*HC:99214*272.99*97.11**1~DTM*472*20200603~CAS*CO*45*175.88~REF*6R*CP0YDK8I05DU~AMT*B6*97.11~LQ*HE*N381~CLP*000100035053*1*755.23*41.44**MC*2020176021643~NM1*QC*1*ROMERO*MARGARITO*L***MR*I929050~NM1*82*1*CADDALI*ESTRELLA*A***XX*1164974580~REF*EA*CA3391504817498DA4A8A3E43BCB6570~DTM*232*20200520~DTM*233*20200520~SVC*HC:99396:25*312.06*0**0**1~DTM*472*20200520~CAS*PI*5*312.06~REF*6R*CP0YCA81N0UT~LQ*HE*M77~LQ*HE*M77~SVC*HC:G8431*40*30.52**1~DTM*472*20200520~CAS*CO*45*9.48~REF*6R*CP0YQFJ5PH78~AMT*B6*30.52~LQ*HE*N381~SVC*HC:H0049*403.17*10.92**1~DTM*472*20200520~CAS*CO*45*392.25~REF*6R*CP0YFOSE3LMS~AMT*B6*10.92~LQ*HE*N381~CLP*000100036082*1*178.3*65.81**MC*2020178049753~NM1*QC*1*ROMERO*MARGARITO*L***MR*I929050~NM1*82*1*CADDALI*ESTRELLA*A***XX*1164974580~REF*EA*C3FB53E6663F4DBC97D3F509B66676CD~DTM*232*20200611~DTM*233*20200611~SVC*HC:99213*178.3*65.81**1~DTM*472*20200611~CAS*CO*45*112.49~REF*6R*CP0IB99JNORW~AMT*B6*65.81~LQ*HE*N381~CLP*000100029659*1*120*109.71**MC*2020178049700~NM1*QC*1*ROMERO*ROBERTA****MR*L432159~NM1*82*1*SANCHEZ*LEANN*V***XX*1508990961~REF*EA*0677AB3BC79F4C7F87A318441647D8AC~DTM*232*20200210~DTM*233*20200210~SVC*HC:90791*120*109.71**1~DTM*472*20200210~CAS*CO*45*10.29~REF*6R*CP0IIQAG2438~AMT*B6*109.71~LQ*HE*N293~LQ*HE*N381~CLP*000100035972*1*178.3*65.81**MC*2020178049935~NM1*QC*1*SAIS*MICHAEL*E***MR*N765754~NM1*82*1*HOOSHMAND-PARSI*KAYHOSROW****XX*1447291851~REF*EA*51F134A1C56A469C88E6B7AD9A6122C1~DTM*232*20200609~DTM*233*20200609~SVC*HC:99213*178.3*65.81**1~DTM*472*20200609~CAS*CO*45*112.49~REF*6R*CP0I5QZLOP8H~AMT*B6*65.81~LQ*HE*N381~CLP*000100035726*1*178.3*65.81**MC*2020176022154~NM1*QC*1*SAIS*PHILIP*R***MR*T398012~NM1*82*1*GRONEMEYER*LEANNE*R***XX*1659521045~REF*EA*02DF36FF2527495694B041595174C58D~DTM*232*20200603~DTM*233*20200603~SVC*HC:99213*178.3*65.81**1~DTM*472*20200603~CAS*CO*45*112.49~REF*6R*CP0Y3BDT5B0E~AMT*B6*65.81~LQ*HE*N381~CLP*000100035507*1*178.3*65.81**MC*2020176021603~NM1*QC*1*SAMSON*CARA*M***MR*Y649542~NM1*82*1*SEARLES*DENISE*A***XX*1396971230~REF*EA*6669A3021D544975B2573B5DC7714227~DTM*232*20200529~DTM*233*20200529~SVC*HC:99213*178.3*65.81**1~DTM*472*20200529~CAS*CO*45*112.49~REF*6R*CP0YR2DGGU2A~AMT*B6*65.81~LQ*HE*N381~CLP*000100035663*1*15*8.42**MC*2020176021445~NM1*QC*1*SANCHEZ*YVONNE*A***MR*J289148~NM1*82*1*HOOSHMAND-PARSI*KAYHOSROW****XX*1447291851~REF*EA*E232A67A60074AD39AA3E3A49488126F~DTM*232*20200602~DTM*233*20200602~SVC*HC:81025*15*8.42**1~DTM*472*20200602~CAS*CO*45*6.58~REF*6R*CP0Y1Z2NQBDE~AMT*B6*8.42~LQ*HE*N381~CLP*000100035663*1*178.3*65.81**MC*2020176021460~NM1*QC*1*SANCHEZ*YVONNE*A***MR*J289148~NM1*82*1*HOOSHMAND-PARSI*KAYHOSROW****XX*1447291851~REF*EA*53B3D3ABA5DB4927B25EA56FCB1236F1~DTM*232*20200602~DTM*233*20200602~SVC*HC:99213:25*178.3*65.81**1~DTM*472*20200602~CAS*CO*45*112.49~REF*6R*CP0YLP7TWR5S~AMT*B6*65.81~LQ*HE*N381~CLP*000100035973*1*178.3*65.81**MC*2020178049722~NM1*QC*1*SANCHEZ*YVONNE*A***MR*J289148~NM1*82*1*HOOSHMAND-PARSI*KAYHOSROW****XX*1447291851~REF*EA*641881463587409B89F2CB4E5B741456~DTM*232*20200609~DTM*233*20200609~SVC*HC:99213*178.3*65.81**1~DTM*472*20200609~CAS*CO*45*112.49~REF*6R*CP0IXK1JL70P~AMT*B6*65.81~LQ*HE*N381~CLP*000100036044*1*88.54*37.39*2*MC*2020178049682~NM1*QC*1*SANDERS*JERMYN*B***MR*P711797~NM1*82*1*CADDALI*ESTRELLA*A***XX*1164974580~REF*EA*23A74BE776F24A2DBCC9AF15103D3CCE~DTM*232*20200610~DTM*233*20200610~SVC*HC:99212*88.54*37.39**1~DTM*472*20200610~CAS*PR*3*2~CAS*CO*45*49.15~REF*6R*CP0I2L5DB4AD~AMT*B6*39.39~LQ*HE*N381~LQ*HE*N381~CLP*000100035544*1*272.99*95.11*2*MC*2020176021488~NM1*QC*1*SCHUDAR*JOHN*R***MR*Y988342~NM1*82*1*HOOSHMAND-PARSI*KAYHOSROW****XX*1447291851~REF*EA*B0CCEF7B93224D69A6B1773BC06EB5DE~DTM*232*20200601~DTM*233*20200601~SVC*HC:99214*272.99*95.11**1~DTM*472*20200601~CAS*PR*3*2~CAS*CO*45*175.88~REF*6R*CP0Y9V0ZTRQG~AMT*B6*97.11~LQ*HE*N381~LQ*HE*N381~CLP*000100035691*1*178.3*65.81**MC*2020176021751~NM1*QC*1*SEGURA*MARK****MR*I900499~NM1*82*1*SEARLES*DENISE*A***XX*1396971230~REF*EA*2D80CD6401344C4CA3C77185B73CC253~DTM*232*20200603~DTM*233*20200603~SVC*HC:99213:25*178.3*65.81**1~DTM*472*20200603~CAS*CO*45*112.49~REF*6R*CP0Y43UF736F~AMT*B6*65.81~LQ*HE*N381~CLP*000100035363*1*178.3*65.81**MC*2020176021755~NM1*QC*1*SEGURA*MARK****MR*I900499~NM1*82*1*SEARLES*DENISE*A***XX*1396971230~REF*EA*B9A057F7EF674EB2A01BA2393AD05044~DTM*232*20200527~DTM*233*20200527~SVC*HC:99213*178.3*65.81**1~DTM*472*20200527~CAS*CO*45*112.49~REF*6R*CP0YSNMN6A5Q~AMT*B6*65.81~LQ*HE*N381~CLP*000100035691*1*1888.99*1254**MC*2020176021761~NM1*QC*1*SEGURA*MARK****MR*I900499~NM1*82*1*SEARLES*DENISE*A***XX*1396971230~REF*EA*4C1CF516F4764721A9A48303A884D9BE~DTM*232*20200603~DTM*233*20200603~SVC*HC:96372*83.99*0**0**1~DTM*472*20200603~CAS*CO*109*83.99~REF*6R*CP0YFZT0ZJCT~LQ*HE*N381~SVC*HC:J2315*1805*1254**380~DTM*472*20200603~CAS*CO*45*551~REF*6R*CP0YZIQEO66R~AMT*B6*1254~LQ*HE*N381~CLP*000100035418*1*178.3*65.81**MC*2020176021916~NM1*QC*1*SIGOURNEY*BRIAN*R***MR*V270102~NM1*82*1*SEARLES*DENISE*A***XX*1396971230~REF*EA*30F92979511443569EB4ED83ABC74C06~DTM*232*20200528~DTM*233*20200528~SVC*HC:99213*178.3*65.81**1~DTM*472*20200528~CAS*CO*45*112.49~REF*6R*CP0YPN557ACV~AMT*B6*65.81~LQ*HE*N381~CLP*000100035670*1*178.3*63.81*2*MC*2020176021996~NM1*QC*1*SMITH*ROBIN*L***MR*P136864~NM1*82*1*GRONEMEYER*LEANNE*R***XX*1659521045~REF*EA*4F963EAEBC874F048A54345A728F5EC5~DTM*232*20200602~DTM*233*20200602~SVC*HC:99213*178.3*63.81**1~DTM*472*20200602~CAS*PR*3*2~CAS*CO*45*112.49~REF*6R*CP0YFYX4KZYS~AMT*B6*65.81~LQ*HE*N381~LQ*HE*N381~CLP*000100035593*1*1823.99*1619.54**MC*2020176021280~NM1*QC*1*TABARES*ANGELA****MR*V900344~NM1*82*1*HOOSHMAND-PARSI*KAYHOSROW****XX*1447291851~REF*EA*6C022582ACF24CAEA963B2E3A958EABC~DTM*232*20200602~DTM*233*20200602~SVC*HC:81025*15*8.42**1~DTM*472*20200602~CAS*CO*45*6.58~REF*6R*CP0YOIN1ID83~AMT*B6*8.42~LQ*HE*N381~SVC*HC:96372*83.99*0**0**1~DTM*472*20200602~CAS*CO*109*83.99~REF*6R*CP0Y101B6V5P~LQ*HE*N381~SVC*HC:Q9991*1725*1611.12**1~DTM*472*20200602~CAS*CO*45*113.88~REF*6R*CP0YOIPVS3V7~AMT*B6*1611.12~LQ*HE*N381~CLP*000100034188*1*1823.99*1619.54**MC*2020176021297~NM1*QC*1*TABARES*ANGELA****MR*V900344~NM1*82*1*HOOSHMAND-PARSI*KAYHOSROW****XX*1447291851~REF*EA*558C1FC93AEF4A8B9110AB51C398D012~DTM*232*20200505~DTM*233*20200505~SVC*HC:81025*15*8.42**1~DTM*472*20200505~CAS*CO*45*6.58~REF*6R*CP0YYY5ARQ5O~AMT*B6*8.42~LQ*HE*N381~SVC*HC:96372*83.99*0**0**1~DTM*472*20200505~CAS*CO*109*83.99~REF*6R*CP0Y76P41YB5~LQ*HE*N381~SVC*HC:Q9991*1725*1611.12**1~DTM*472*20200505~CAS*CO*45*113.88~REF*6R*CP0YLKEAR90C~AMT*B6*1611.12~LQ*HE*N381~CLP*000100034188*1*621.47*87.73**MC*2020176021305~NM1*QC*1*TABARES*ANGELA****MR*V900344~NM1*82*1*HOOSHMAND-PARSI*KAYHOSROW****XX*1447291851~REF*EA*CC1E7F4BB4A04A79B3659145FFCE68D2~DTM*232*20200505~DTM*233*20200505~SVC*HC:99213:25*178.3*65.81**1~DTM*472*20200505~CAS*CO*45*112.49~REF*6R*CP0Y0YGS0OLH~AMT*B6*65.81~LQ*HE*N381~SVC*HC:H0049*403.17*10.92**1~DTM*472*20200505~CAS*CO*45*392.25~REF*6R*CP0YFQI7JWMC~AMT*B6*10.92~LQ*HE*N381~SVC*HC:G8510*40*11**1~DTM*472*20200505~CAS*CO*45*29~REF*6R*CP0Y73Y0ZIT5~AMT*B6*11~LQ*HE*N381~CLP*000100035593*1*178.3*65.81**MC*2020176021319~NM1*QC*1*TABARES*ANGELA****MR*V900344~NM1*82*1*HOOSHMAND-PARSI*KAYHOSROW****XX*1447291851~REF*EA*4EC07895F9E645F7BB6B3BB10877DC2E~DTM*232*20200602~DTM*233*20200602~SVC*HC:99213:25*178.3*65.81**1~DTM*472*20200602~CAS*CO*45*112.49~REF*6R*CP0YCOSA0RIN~AMT*B6*65.81~LQ*HE*N381~CLP*000100035548*1*716.16*119.03**MC*2020176021861~NM1*QC*1*TAFOYA*KENNETH*T***MR*N782270~NM1*82*1*GRONEMEYER*LEANNE*R***XX*1659521045~REF*EA*8050E0B07B524B438BB44E0D76705219~DTM*232*20200601~DTM*233*20200601~SVC*HC:99214:25*272.99*97.11**1~DTM*472*20200601~CAS*CO*45*175.88~REF*6R*CP0Y14JIYD2Y~AMT*B6*97.11~LQ*HE*N381~SVC*HC:H0049*403.17*10.92**1~DTM*472*20200601~CAS*CO*45*392.25~REF*6R*CP0YW5C7GBRG~AMT*B6*10.92~LQ*HE*N381~SVC*HC:G8510*40*11**1~DTM*472*20200601~CAS*CO*45*29~REF*6R*CP0YNT6DND8D~AMT*B6*11~LQ*HE*N381~CLP*000100035987*1*178.3*65.81**MC*2020178049818~NM1*QC*1*TANKSLEY*DAYSHA*A***MR*O203621~NM1*82*1*HOOSHMAND-PARSI*KAYHOSROW****XX*1447291851~REF*EA*64DE4D395D914273907B4E48C1853FCC~DTM*232*20200609~DTM*233*20200609~SVC*HC:99213:25*178.3*65.81**1~DTM*472*20200609~CAS*CO*45*112.49~REF*6R*CP0II112GWDG~AMT*B6*65.81~LQ*HE*N381~CLP*000100031247*1*178.3*65.81**MC*2020178049820~NM1*QC*1*TANKSLEY*DAYSHA*A***MR*O203621~NM1*82*1*LUCAS*PEGGI*S***XX*1366419582~REF*EA*8CEB7857C8A34CBA9E0A79BB37CF2131~DTM*232*20200310~DTM*233*20200310~SVC*HC:99213*178.3*65.81**1~DTM*472*20200310~CAS*CO*45*112.49~REF*6R*CP0IO9XSAYUG~AMT*B6*65.81~LQ*HE*N381~CLP*000100035987*1*15*8.42**MC*2020178049824~NM1*QC*1*TANKSLEY*DAYSHA*A***MR*O203621~NM1*82*1*HOOSHMAND-PARSI*KAYHOSROW****XX*1447291851~REF*EA*8FBF4689FEA64529B4A46825B97AF035~DTM*232*20200609~DTM*233*20200609~SVC*HC:81025*15*8.42**1~DTM*472*20200609~CAS*CO*45*6.58~REF*6R*CP0IK6VHL5IV~AMT*B6*8.42~LQ*HE*N381~CLP*000100030254*1*65*55.35**MC*2020178049918~NM1*QC*1*TOMLINSON*SEAN*B***MR*O382609~NM1*82*1*SANCHEZ*LEANN*V***XX*1508990961~REF*EA*660A8931D90E4E99BC08D566844EB8E8~DTM*232*20200220~DTM*233*20200220~SVC*HC:90832*65*55.35**1~DTM*472*20200220~CAS*CO*45*9.65~REF*6R*CP0I0U5E8E2J~AMT*B6*55.35~LQ*HE*N293~LQ*HE*N381~CLP*000100035371*1*54.67*21.5**MC*2020176021408~NM1*QC*1*TRUJILLO*LALONNIE*S***MR*A496702~NM1*82*1*HOOSHMAND-PARSI*KAYHOSROW****XX*1447291851~REF*EA*00844B746A9F4395AB2FF14B8C4131B1~DTM*232*20200527~DTM*233*20200527~SVC*HC:93000*54.67*21.5**1~DTM*472*20200527~CAS*CO*45*33.17~REF*6R*CP0YK2XVDS9M~AMT*B6*21.5~LQ*HE*N381~CLP*000100035978*1*178.3*65.81**MC*2020178049948~NM1*QC*1*TURNER*SAMUEL****MR*V731137~NM1*82*1*SEARLES*DENISE*A***XX*1396971230~REF*EA*35DD8A8ED61E4F4785525EBC39210A9C~DTM*232*20200609~DTM*233*20200609~SVC*HC:99213*178.3*65.81**1~DTM*472*20200609~CAS*CO*45*112.49~REF*6R*CP0IYYBTA6DD~AMT*B6*65.81~LQ*HE*N381~CLP*000100036052*1*178.3*65.81**MC*2020178049794~NM1*QC*1*ULIBARRI*STEPHANIE*R***MR*W341555~NM1*82*1*CADDALI*ESTRELLA*A***XX*1164974580~REF*EA*0DC04E7B9959415F8115EFAD7AAFDD23~DTM*232*20200610~DTM*233*20200610~SVC*HC:99213*178.3*65.81**1~DTM*472*20200610~CAS*CO*45*112.49~REF*6R*CP0IEIX0RUL7~AMT*B6*65.81~LQ*HE*N381~CLP*000100035701*1*178.3*65.81**MC*2020176021824~NM1*QC*1*URIE*NATHAN*J***MR*Y183401~NM1*82*1*GRONEMEYER*LEANNE*R***XX*1659521045~REF*EA*2A9CBE440CDF42D396F4017ACC15AB7E~DTM*232*20200603~DTM*233*20200603~SVC*HC:99213:25*178.3*65.81**1~DTM*472*20200603~CAS*CO*45*112.49~REF*6R*CP0Y97AK9QNO~AMT*B6*65.81~LQ*HE*N381~CLP*000100035701*1*1888.99*1254**MC*2020176021831~NM1*QC*1*URIE*NATHAN*J***MR*Y183401~NM1*82*1*GRONEMEYER*LEANNE*R***XX*1659521045~REF*EA*41B539E91DBE4D9982DA99942DA3F241~DTM*232*20200603~DTM*233*20200603~SVC*HC:96372*83.99*0**0**1~DTM*472*20200603~CAS*CO*109*83.99~REF*6R*CP0Y5YZAYFE0~LQ*HE*N381~SVC*HC:J2315*1805*1254**380~DTM*472*20200603~CAS*CO*45*551~REF*6R*CP0YPFNYDXMF~AMT*B6*1254~LQ*HE*N381~CLP*000100035692*1*621.47*87.73**MC*2020176022351~NM1*QC*1*VALDEZ*ESTEBAN*F***MR*M468194~NM1*82*1*CADDALI*ESTRELLA*A***XX*1164974580~REF*EA*F4E2E71973EA461482CC2881E9E2B693~DTM*232*20200603~DTM*233*20200603~SVC*HC:99213:25*178.3*65.81**1~DTM*472*20200603~CAS*CO*45*112.49~REF*6R*CP0YOYD22XKL~AMT*B6*65.81~LQ*HE*N381~SVC*HC:H0049*403.17*10.92**1~DTM*472*20200603~CAS*CO*45*392.25~REF*6R*CP0YMFJ169L2~AMT*B6*10.92~LQ*HE*N381~SVC*HC:G8510*40*11**1~DTM*472*20200603~CAS*CO*45*29~REF*6R*CP0YQE74ROLR~AMT*B6*11~LQ*HE*N381~CLP*000100036113*1*178.3*65.81**MC*2020178049765~NM1*QC*1*VALLEJOS*RANDY*L***MR*Y264890~NM1*82*1*HOOSHMAND-PARSI*KAYHOSROW****XX*1447291851~REF*EA*1B3F2CA110004A90997C9833A239A7C3~DTM*232*20200611~DTM*233*20200611~SVC*HC:99213*178.3*65.81**1~DTM*472*20200611~CAS*CO*45*112.49~REF*6R*CP0IVVDQQKXA~AMT*B6*65.81~LQ*HE*N381~CLP*000100035962*1*15*8.42**MC*2020178049691~NM1*QC*1*VARGAS*ERIKA*A***MR*L114609~NM1*82*1*SEARLES*DENISE*A***XX*1396971230~REF*EA*F5E482F4E001462F8853D58F23335E39~DTM*232*20200609~DTM*233*20200609~SVC*HC:81025*15*8.42**1~DTM*472*20200609~CAS*CO*45*6.58~REF*6R*CP0ISK5UA33Y~AMT*B6*8.42~LQ*HE*N381~CLP*000100035962*1*178.3*65.81**MC*2020178049693~NM1*QC*1*VARGAS*ERIKA*A***MR*L114609~NM1*82*1*SEARLES*DENISE*A***XX*1396971230~REF*EA*2785D760EBCE48B591F3C94A7A4BD491~DTM*232*20200609~DTM*233*20200609~SVC*HC:99213:25*178.3*65.81**1~DTM*472*20200609~CAS*CO*45*112.49~REF*6R*CP0IDZQJEJT5~AMT*B6*65.81~LQ*HE*N381~CLP*000100035596*1*178.3*65.81**MC*2020176022362~NM1*QC*1*VARGAS*MAX****MR*S695147~NM1*82*1*GRONEMEYER*LEANNE*R***XX*1659521045~REF*EA*FD1B4755166949CB977FD6B13EBAA3A8~DTM*232*20200602~DTM*233*20200602~SVC*HC:99213*178.3*65.81**1~DTM*472*20200602~CAS*CO*45*112.49~REF*6R*CP0YJQXX7J9V~AMT*B6*65.81~LQ*HE*N381~CLP*000100036127*1*88.54*39.39**MC*2020178049742~NM1*QC*1*VELARDE*JUSTIN****MR*Y451369~NM1*82*1*SEARLES*DENISE*A***XX*1396971230~REF*EA*396A8A8549334B7393C2E7D96198B56F~DTM*232*20200611~DTM*233*20200611~SVC*HC:99212*88.54*39.39**1~DTM*472*20200611~CAS*CO*45*49.15~REF*6R*CP0IEY3MQEE3~AMT*B6*39.39~LQ*HE*N381~CLP*000100035791*1*178.3*63.81*2*MC*2020176021933~NM1*QC*1*VIGIL*CANDICE*A***MR*U952528~NM1*82*1*CADDALI*ESTRELLA*A***XX*1164974580~REF*EA*480A6C6B8185478AA6BBC4A0B53FAC98~DTM*232*20200604~DTM*233*20200604~SVC*HC:99213*178.3*63.81**1~DTM*472*20200604~CAS*PR*3*2~CAS*CO*45*112.49~REF*6R*CP0YK2U14QPK~AMT*B6*65.81~LQ*HE*N381~LQ*HE*N381~CLP*000100035600*1*88.54*39.39**MC*2020176021547~NM1*QC*1*VIGIL*FABIAN****MR*J187623~NM1*82*1*HOOSHMAND-PARSI*KAYHOSROW****XX*1447291851~REF*EA*F5E835FA678747E7864264734BD1A9F0~DTM*232*20200602~DTM*233*20200602~SVC*HC:99212*88.54*39.39**1~DTM*472*20200602~CAS*CO*45*49.15~REF*6R*CP0Y85ADT6I8~AMT*B6*39.39~LQ*HE*N381~CLP*000100035407*1*178.3*65.81**MC*2020176021553~NM1*QC*1*VIGIL*FABIAN****MR*J187623~NM1*82*1*HOOSHMAND-PARSI*KAYHOSROW****XX*1447291851~REF*EA*95ADB2DCD9FB4AAAAA58D7B4BEA9A2EC~DTM*232*20200528~DTM*233*20200528~SVC*HC:99213*178.3*65.81**1~DTM*472*20200528~CAS*CO*45*112.49~REF*6R*CP0YY8ARZ3GU~AMT*B6*65.81~LQ*HE*N381~CLP*000100035965*1*178.3*65.81**MC*2020178049741~NM1*QC*1*VIGIL*FABIAN****MR*J187623~NM1*82*1*HOOSHMAND-PARSI*KAYHOSROW****XX*1447291851~REF*EA*77B28A61506045FF8FAFD53A0EABD328~DTM*232*20200609~DTM*233*20200609~SVC*HC:99213*178.3*65.81**1~DTM*472*20200609~CAS*CO*45*112.49~REF*6R*CP0IE8XT6GG3~AMT*B6*65.81~LQ*HE*N381~CLP*000100035743*1*178.3*65.81**MC*2020176021716~NM1*QC*1*VIGIL*JULIE*M***MR*D989489~NM1*82*1*GRONEMEYER*LEANNE*R***XX*1659521045~REF*EA*52E3516F970644AF8037D4FB68AF607A~DTM*232*20200603~DTM*233*20200603~SVC*HC:99213*178.3*65.81**1~DTM*472*20200603~CAS*CO*45*112.49~REF*6R*CP0Y10P62JY8~AMT*B6*65.81~LQ*HE*N381~CLP*000100035366*1*178.3*65.81**MC*2020176021732~NM1*QC*1*VIGIL*JULIE*M***MR*D989489~NM1*82*1*GRONEMEYER*LEANNE*R***XX*1659521045~REF*EA*EA00689C4289456A81B49DFC51A3D493~DTM*232*20200527~DTM*233*20200527~SVC*HC:99213*178.3*65.81**1~DTM*472*20200527~CAS*CO*45*112.49~REF*6R*CP0YZMR3OQEY~AMT*B6*65.81~LQ*HE*N381~CLP*000100036012*1*178.3*65.81**MC*2020178049772~NM1*QC*1*VIGIL*JULIE*M***MR*D989489~NM1*82*1*SEARLES*DENISE*A***XX*1396971230~REF*EA*0CF28EBE097D4F959888687C0DAE8862~DTM*232*20200610~DTM*233*20200610~SVC*HC:99213*178.3*65.81**1~DTM*472*20200610~CAS*CO*45*112.49~REF*6R*CP0ITYDBPTW9~AMT*B6*65.81~LQ*HE*N381~CLP*000100036061*1*272.99*95.11*2*MC*2020178049814~NM1*QC*1*WELCH*BRITTANY****MR*P124416~NM1*82*1*CADDALI*ESTRELLA*A***XX*1164974580~REF*EA*DDD8C2A4F5EC4FD4A2AC2F4F3E6340CB~DTM*232*20200610~DTM*233*20200610~SVC*HC:99214*272.99*95.11**1~DTM*472*20200610~CAS*PR*3*2~CAS*CO*45*175.88~REF*6R*CP0IVGXNTKSH~AMT*B6*97.11~LQ*HE*N381~LQ*HE*N381~CLP*000100035508*1*217.66*55.35**MC*2020176021196~NM1*QC*1*WILLIS*DIANE****MR*D774337~NM1*82*1*LEWIS*HOLLY*G***XX*1295234128~REF*EA*644B924079914C5CB55592B72A417BA4~DTM*232*20200529~DTM*233*20200529~SVC*HC:90832*217.66*55.35**1~DTM*472*20200529~CAS*CO*45*162.31~REF*6R*CP0YBZZ7SHAW~AMT*B6*55.35~LQ*HE*N381~CLP*000100035525*1*178.3*65.81**MC*2020176021911~NM1*QC*1*WILLIS*DIANE****MR*D774337~NM1*82*1*HOOSHMAND-PARSI*KAYHOSROW****XX*1447291851~REF*EA*827A704DF8F44A078654412FD06CE08E~DTM*232*20200601~DTM*233*20200601~SVC*HC:99213*178.3*65.81**1~DTM*472*20200601~CAS*CO*45*112.49~REF*6R*CP0YZSBB8PRW~AMT*B6*65.81~LQ*HE*N381~CLP*000100035814*1*178.3*65.81**MC*2020176022209~NM1*QC*1*WOODARD*LYDIA****MR*P869732~NM1*82*1*SEARLES*DENISE*A***XX*1396971230~REF*EA*DB017ABEC8EF4923A35B013D6877561C~DTM*232*20200605~DTM*233*20200605~SVC*HC:99213*178.3*65.81**1~DTM*472*20200605~CAS*CO*45*112.49~REF*6R*CP0Y4RQ2OLBV~AMT*B6*65.81~LQ*HE*N381~CLP*000100036036*1*178.3*63.81*2*MC*2020178049789~NM1*QC*1*ARMSTRONG YOUNGBLOOD*CASSIDY****MR*Y096253~NM1*74*1*YOUNGBLOOD**R~NM1*82*1*HOOSHMAND-PARSI*KAYHOSROW****XX*1447291851~REF*EA*B15984C73F964A2693C22AEF96ACFB67~DTM*232*20200610~DTM*233*20200610~SVC*HC:99213*178.3*63.81**1~DTM*472*20200610~CAS*PR*3*2~CAS*CO*45*112.49~REF*6R*CP0IUFVL29XB~AMT*B6*65.81~LQ*HE*N381~LQ*HE*N381~CLP*000100035490*1*178.3*65.81**MC*2020176022299~NM1*QC*1*ZUPANCIC*CARLOS*A***MR*K226313~NM1*82*1*SEARLES*DENISE*A***XX*1396971230~REF*EA*E3F887DE65A142E385A8B0F8AF4A2FAC~DTM*232*20200529~DTM*233*20200529~SVC*HC:99213*178.3*65.81**1~DTM*472*20200529~CAS*CO*45*112.49~REF*6R*CP0Y74D7GJTV~AMT*B6*65.81~LQ*HE*N381~CLP*000100035818*4*437.77*0**MC*2020178049744~NM1*QC*1*BOISVERT*ORIEN*K***MR*O244414~NM1*82*1*SANCHEZ*LEANN*V***XX*1508990961~REF*EA*135F48F160E547999B7CB58272FF0BC1~DTM*232*20200605~DTM*233*20200605~SVC*HC:90791*437.77*0**0**1~DTM*472*20200605~CAS*PI*16*437.77~REF*6R*CP0I705EBQYR~LQ*HE*N56~LQ*HE*N381~CLP*000100035639*4*178.3*0**MC*2020178049720~NM1*QC*1*BUSTILLOS*DESIREE****MR*Y193127~NM1*82*1*ROBERTS*BRAD*A***XX*1538435698~REF*EA*0FA7B1C529D34C44BAD0DBAC5E34E465~DTM*232*20200602~DTM*233*20200602~SVC*HC:99213*178.3*0**0**1~DTM*472*20200602~CAS*PI*16*178.3~REF*6R*CP0I1DVEUAIH~LQ*HE*N381~CLP*000100035607*4*217.66*0**MC*2020176021219~NM1*QC*1*CASAUS*TRACY*A***MR*K186814~NM1*82*1*LEWIS*HOLLY*G***XX*1295234128~REF*EA*F076ECD5258C4523B9BBCFD634B08208~DTM*232*20200602~DTM*233*20200602~SVC*HC:90832*217.66*0**0**1~DTM*472*20200602~CAS*PI*119*217.66~REF*6R*CP0YQAALESGE~LQ*HE*N381~CLP*000100035623*4*178.3*0**MC*2020178049888~NM1*QC*1*CASAUS*TRACY*A***MR*K186814~NM1*82*1*ROBERTS*BRAD*A***XX*1538435698~REF*EA*C79D912F5E0148219630305DB34AD9CE~DTM*232*20200602~DTM*233*20200602~SVC*HC:99213*178.3*0**0**1~DTM*472*20200602~CAS*PI*16*178.3~REF*6R*CP0INGZ1FJWF~LQ*HE*N381~CLP*000100035265*4*83.99*0**MC*2020176022287~NM1*QC*1*FLUETT*SARAH****MR*O578292~NM1*82*1*HOOSHMAND-PARSI*KAYHOSROW****XX*1447291851~REF*EA*D956F4099724490BA2009B8CFE77309C~DTM*232*20200526~DTM*233*20200526~SVC*HC:96372:95*83.99*0**0**1~DTM*472*20200526~CAS*CO*109*83.99~REF*6R*CP0YP78J4K3W~LQ*HE*N381~CLP*000100035638*4*178.3*0**MC*2020178049900~NM1*QC*1*GARCIA*DANIEL*R***MR*S702489~NM1*82*1*ROBERTS*BRAD*A***XX*1538435698~REF*EA*4ABEB45624104F8BAD936AA94149341E~DTM*232*20200602~DTM*233*20200602~SVC*HC:99213*178.3*0**0**1~DTM*472*20200602~CAS*PI*16*178.3~REF*6R*CP0IYAZBXGQC~LQ*HE*N381~CLP*000100030442*4*312.06*0**MC*2020178049687~NM1*QC*1*ICENHOUR*HILARY****MR*Y202266~NM1*82*1*CADDALI*ESTRELLA*A***XX*1164974580~REF*EA*D6E0509065A348F89C3E280F0EDC7F2A~DTM*232*20200225~DTM*233*20200225~SVC*HC:99396*312.06*0**0**1~DTM*472*20200225~CAS*PI*119*312.06~REF*6R*CP0I1PRJHQI4~LQ*HE*N56~LQ*HE*N381~CLP*000100022524*4*83.99*0**MC*2020178049872~NM1*QC*1*MAES*ERNEST*R***MR*K993029~NM1*82*1*SEARLES*DENISE*A***XX*1396971230~REF*EA*2780B3A54F72415FBE488A380F182D1D~DTM*232*20190919~DTM*233*20190919~SVC*HC:96372*83.99*0**0**1~DTM*472*20190919~CAS*CO*109*83.99~REF*6R*CP0IPBBNLIVQ~LQ*HE*N293~LQ*HE*N381~CLP*000100035629*4*178.3*0**MC*2020178049715~NM1*QC*1*NORTON*TIMOTHY*L***MR*O938357~NM1*82*1*ROBERTS*BRAD*A***XX*1538435698~REF*EA*150342EADF8742B29A95FC5D1F592EFD~DTM*232*20200602~DTM*233*20200602~SVC*HC:99213*178.3*0**0**1~DTM*472*20200602~CAS*PI*16*178.3~REF*6R*CP0IAR45PD2M~LQ*HE*N56~LQ*HE*N381~CLP*000100035432*4*217.66*0**MC*2020176021174~NM1*QC*1*QUINTANA*DANIELLE*A***MR*N559116~NM1*82*1*LEWIS*HOLLY*G***XX*1295234128~REF*EA*E0C95BAE17E54B9EB9A4A6265687CF6A~DTM*232*20200528~DTM*233*20200528~SVC*HC:90832*217.66*0**0**1~DTM*472*20200528~CAS*PI*119*217.66~REF*6R*CP0YIKP5A2PU~LQ*HE*N381~CLP*000100035302*4*312.06*0**MC*2020176021665~NM1*QC*1*TOTAKHAIL*SORAIYA****MR*O814415~NM1*82*1*HOOSHMAND-PARSI*KAYHOSROW****XX*1447291851~REF*EA*04C113A3AA8B4EF684EA63E0FFC11908~DTM*232*20200527~DTM*233*20200527~SVC*HC:99396*312.06*0**0**1~DTM*472*20200527~CAS*PI*5*312.06~REF*6R*CP0YT5XKCM57~LQ*HE*M77~LQ*HE*M77~CLP*000100035743*4*178.3*0**MC*2020178049779~NM1*QC*1*VIGIL*JULIE*M***MR*D989489~NM1*82*1*GRONEMEYER*LEANNE*R***XX*1659521045~REF*EA*E7A49789C977437DAC8E6896250873B0~DTM*232*20200603~DTM*233*20200603~SVC*HC:99213*178.3*0**0**1~DTM*472*20200603~CAS*PI*16*178.3~REF*6R*CP0I8Z01VZ9P~LQ*HE*N381~CLP*000100029874*4*120*0**MC*2020178049851~NM1*QC*1*WILLIS*DIANE****MR*D774337~NM1*82*1*SANCHEZ*LEANN*V***XX*1508990961~REF*EA*C6D1F97FC89C4A3DBFC1FFC17DEF20D0~DTM*232*20200213~DTM*233*20200213~SVC*HC:90791:HE*120*0**0**1~DTM*472*20200213~CAS*PI*119*120~REF*6R*CP0I2QOJRUKJ~LQ*HE*N293~LQ*HE*N56~LQ*HE*N381~CLP*25978*22*-496*-300.82**MC*2220028006747~NM1*QC*1*BURNS*KYRA*J***MR*O410409~DTM*232*20191202~DTM*233*20191202~SVC*HC:99214:25:FP*-134*-119.65**1~DTM*472*20191202~CAS*CO*45*-14.35~REF*HPI*1659521045~AMT*B6*119.65~LQ*HE*N381~SVC*HC:11982:FP*-180*-172.75**1~DTM*472*20191202~CAS*CO*45*-7.25~REF*HPI*1659521045~AMT*B6*172.75~LQ*HE*N381~LQ*HE*N381~SVC*HC:96372:FP*-32*0**0**1~DTM*472*20191202~CAS*PI*97*-32~REF*HPI*1659521045~LQ*HE*N20~LQ*HE*N381~SVC*HC:J1050:FP*-135*0**0**1~DTM*472*20191202~CAS*PI*16*-135~REF*HPI*1659521045~LQ*HE*M119~LQ*HE*N381~SVC*HC:81025:FP*-15*-8.42**1~DTM*472*20191202~CAS*CO*45*-6.58~REF*HPI*1659521045~AMT*B6*8.42~LQ*HE*N381~CLP*25978*1*496*316.49**MC*5920175012361~NM1*QC*1*BURNS*KYRA*J***MR*O410409~DTM*232*20191202~DTM*233*20191202~SVC*HC:99214:25:FP*134*119.65**1~DTM*472*20191202~CAS*CO*45*14.35~REF*HPI*1659521045~AMT*B6*119.65~LQ*HE*N381~SVC*HC:11982:59:FP*180*172.75**1~DTM*472*20191202~CAS*CO*45*7.25~REF*HPI*1659521045~AMT*B6*172.75~LQ*HE*N381~LQ*HE*N381~SVC*HC:96372:FP*32*15.67**1~DTM*472*20191202~CAS*CO*45*16.33~REF*HPI*1659521045~AMT*B6*15.67~LQ*HE*N381~SVC*HC:J1050:FP*135*0**0**1~DTM*472*20191202~CAS*PI*16*135~REF*HPI*1659521045~LQ*HE*M119~LQ*HE*N381~SVC*HC:81025:FP*15*8.42**1~DTM*472*20191202~CAS*CO*45*6.58~REF*HPI*1659521045~AMT*B6*8.42~LQ*HE*N381~CLP*000100026389*22*-401*-52.2**MC*2019352063933~NM1*QC*1*GONZALES*MARY*L***MR*F639710~NM1*74*1*GONZALEZ~NM1*82*1*LUCAS*PEGGI*S***XX*1366419582~REF*EA*CD77AE59541747CD9C8FFC9776C20545~DTM*232*20191206~DTM*233*20191206~SVC*HC:99205*-255*0**0**1~DTM*472*20191206~CAS*PI*97*-255~REF*6R*CPN1LRCRTSKB~LQ*HE*N20~LQ*HE*N381~SVC*HC:90471*-35*-19.46**1~DTM*472*20191206~CAS*CO*45*-15.54~REF*6R*CPN1BCSI6OUY~AMT*B6*19.46~LQ*HE*N381~SVC*HC:90674*-35*-21.74**1~DTM*472*20191206~CAS*CO*45*-13.26~REF*6R*CPN1XJ25430I~AMT*B6*21.74~LQ*HE*N381~SVC*HC:H0049*-36*0**0**1~DTM*472*20191206~CAS*PI*96*-36~REF*6R*CPN1ZSM0W28F~LQ*HE*N30~LQ*HE*N381~SVC*HC:G8510*-40*-11**1~DTM*472*20191206~CAS*CO*45*-29~REF*6R*CPN11M2L7DNF~AMT*B6*11~LQ*HE*N381~CLP*000100026389*1*401*249.45**MC*5920177011058~NM1*QC*1*GONZALEZ*MARY*L***MR*F639710~DTM*232*20191206~DTM*233*20191206~SVC*HC:99205:25*255*186.33**1~DTM*472*20191206~CAS*CO*45*68.67~REF*HPI*1366419582~AMT*B6*186.33~LQ*HE*N381~SVC*HC:90471*35*19.46**1~DTM*472*20191206~CAS*CO*45*15.54~REF*HPI*1366419582~AMT*B6*19.46~LQ*HE*N381~SVC*HC:90674*35*21.74**1~DTM*472*20191206~CAS*CO*45*13.26~REF*HPI*1366419582~AMT*B6*21.74~LQ*HE*N381~SVC*HC:H0049*36*10.92**1~DTM*472*20191206~CAS*CO*45*25.08~REF*HPI*1366419582~AMT*B6*10.92~LQ*HE*N381~SVC*HC:G8510*40*11**1~DTM*472*20191206~CAS*CO*45*29~REF*HPI*1366419582~AMT*B6*11~LQ*HE*N381~PLB*1508250911*20201231*CS:0000376159291*-300.82*CS:0000376159291*300.82*CS:0000376161044*-52.2*CS:0000376161044*52.2~SE*2898*000010010~GE*1*300039235~IEA*1*300039235~