ISA*00*          *00*          *ZZ*COMEDASSISTPROG*ZZ*6769489        *200720*0231*^*00501*200000591*0*P*:~GS*HP*COMEDASSISTPROG*6769489*20200720*023138*200000591*X*005010X221A1~ST*835*000010011~BPR*I*10841.14*C*ACH*CCP*01*075911603*DA*00000004556640373*1811725341**01*102106569*DA*2200002989138*20200720~TRN*1*001034421*1811725341~REF*EV*1508250911~DTM*405*20200717~N1*PR*CO_TXIX*XV*7912900843~N3*P.O. BOX 30~N4*DENVER*CO*80201~PER*CX*MEDICAID PROVIDER SERVICES*TE*8442352387~PER*BL*MEDICAID PROVIDER SERVICES*TE*8442352387~N1*PE*HEALTH SOLUTIONS MED CENTER*XX*1508250911~REF*TJ*841158933~LX*1~CLP*000100036039*2*22*2.28**MC*2020196007878~NM1*QC*1*AVILA*ROBERT*B***MR*F251953~NM1*82*1*CADDALI*ESTRELLA*A***XX*1164974580~REF*EA*E4CFCF7AFC0D445DB3713FB1E1B5CB82~DTM*232*20200610~DTM*233*20200610~SVC*HC:G2012*22*2.28**1~DTM*472*20200610~CAS*OA*P22*19.72~REF*6R*CP0ID5ZZDP8X~AMT*B6*2.28~LQ*HE*MA125~LQ*HE*MA125~CLP*000100035635*2*22*2.28**MC*2020197043697~NM1*QC*1*COOK*DAVID*T***MR*M267307~NM1*82*1*CADDALI*ESTRELLA*A***XX*1164974580~REF*EA*53E489E838484FE6B535F0E8AD7A3C43~DTM*232*20200602~DTM*233*20200602~SVC*HC:G2012*22*2.28**1~DTM*472*20200602~CAS*OA*P22*19.72~REF*6R*CP9QJSGY0WV9~AMT*B6*2.28~LQ*HE*MA125~CLP*26133*2*201*9.79**MC*2220198003564~NM1*QC*1*FENWICK*SUSAN*A***MR*I982356~DTM*232*20191203~DTM*233*20191203~SVC*HC:99214:25*134*9.79**1~DTM*472*20191203~CAS*CO*45*124.21~REF*HPI*1447291851~AMT*B6*9.79~LQ*HE*N381~LQ*HE*N381~SVC*HC:G0008*32*0**1~DTM*472*20191203~CAS*OA*P22*32~REF*HPI*1447291851~LQ*HE*MA125~SVC*HC:90674*35*0**1~DTM*472*20191203~CAS*CO*45*35~REF*HPI*1447291851~LQ*HE*N381~CLP*21929*2*134*9.79**MC*2220198004072~NM1*QC*1*FISHER*RONNI*J***MR*P809791~DTM*232*20190904~DTM*233*20190904~SVC*HC:99214*134*9.79**1~DTM*472*20190904~CAS*CO*45*124.21~REF*HPI*1215134705~AMT*B6*9.79~LQ*HE*N381~LQ*HE*N381~CLP*22463*2*149*9.79**MC*2220198004292~NM1*QC*1*FISHER*RONNI*J***MR*P809791~DTM*232*20190918~DTM*233*20190918~SVC*HC:99214:25*134*9.79**1~DTM*472*20190918~CAS*CO*45*124.21~REF*HPI*1215134705~AMT*B6*9.79~LQ*HE*N381~LQ*HE*N381~SVC*HC:81025*15*0**1~DTM*472*20190918~CAS*CO*45*15~REF*HPI*1215134705~LQ*HE*N381~CLP*24397*2*134*9.79**MC*2220198004799~NM1*QC*1*FORTUNE*CATHERINE*M***MR*O812250~DTM*232*20191031~DTM*233*20191031~SVC*HC:99214*134*9.79**1~DTM*472*20191031~CAS*CO*45*124.21~REF*HPI*1447291851~AMT*B6*9.79~LQ*HE*N381~LQ*HE*N381~CLP*30444*2*134*19**MC*2220198005004~NM1*QC*1*GALLEGOS*CARLOS*L***MR*P497529~DTM*232*20200225~DTM*233*20200225~SVC*HC:99214*134*19**1~DTM*472*20200225~CAS*CO*45*115~REF*HPI*1659521045~AMT*B6*19~LQ*HE*N381~LQ*HE*N381~CLP*33502*2*22*2.28**MC*2220198005116~NM1*QC*1*GALLEGOS*CARLOS*L***MR*P497529~DTM*232*20200421~DTM*233*20200421~SVC*HC:G2012*22*2.28**1~DTM*472*20200421~CAS*OA*P22*19.72~REF*HPI*1659521045~AMT*B6*2.28~LQ*HE*MA125~CLP*34020*2*90*6.14**MC*2220198005821~NM1*QC*1*HELLERICH*GREGG*R***MR*G051852~DTM*232*20190904~DTM*233*20190904~SVC*HC:99213*90*6.14**1~DTM*472*20190904~CAS*CO*45*83.86~REF*HPI*1447291851~AMT*B6*6.14~LQ*HE*N381~LQ*HE*N381~CLP*000100035804*2*22*2.28**MC*2020196007883~NM1*QC*1*HOBBS*LESLYE*M***MR*Y116733~NM1*82*1*GRONEMEYER*LEANNE*R***XX*1659521045~REF*EA*C4D7CE2D782E41CE8856411154974940~DTM*232*20200604~DTM*233*20200604~SVC*HC:G2012*22*2.28**1~DTM*472*20200604~CAS*OA*P22*19.72~REF*6R*CP0ITW41QLCN~AMT*B6*2.28~LQ*HE*MA125~LQ*HE*MA125~CLP*26792*2*194*45.69**MC*2220198006360~NM1*QC*1*HOBBS*LESLYE*M***MR*Y116733~DTM*232*20191216~DTM*233*20191216~SVC*HC:99214:25*134*39.45**1~DTM*472*20191216~CAS*CO*45*94.55~REF*HPI*1659521045~AMT*B6*39.45~LQ*HE*N381~LQ*HE*N381~SVC*HC:G0444*20*0**1~DTM*472*20191216~CAS*CO*45*20~REF*HPI*1659521045~SVC*HC:G0396*40*6.24**1~DTM*472*20191216~CAS*OA*P22*33.76~REF*HPI*1659521045~AMT*B6*6.24~LQ*HE*MA125~LQ*HE*MA125~CLP*26739*2*209*45.17**MC*2220198008544~NM1*QC*1*MARTINEZ*VANESSA*M***MR*D573523~DTM*232*20191213~DTM*233*20191213~SVC*HC:99214:25*134*18.93**1~DTM*472*20191213~CAS*CO*45*115.07~REF*HPI*1215134705~AMT*B6*18.93~LQ*HE*N381~LQ*HE*N381~SVC*HC:G0396*40*6.24**1~DTM*472*20191213~CAS*OA*P22*33.76~REF*HPI*1215134705~AMT*B6*6.24~LQ*HE*MA125~SVC*HC:G0444*20*20**1~DTM*472*20191213~REF*HPI*1215134705~AMT*B6*20~SVC*HC:81025*15*0**1~DTM*472*20191213~CAS*CO*45*15~REF*HPI*1215134705~LQ*HE*N381~CLP*26672*2*237.15*3.5**MC*2220198009236~NM1*QC*1*MURPHY*JAMES*P***MR*O503555~DTM*232*20191212~DTM*233*20191212~SVC*HC:G0438*214*0**1~DTM*472*20191212~CAS*OA*P22*214~REF*HPI*1447291851~LQ*HE*MA125~SVC*HC:93000*23.15*3.5**1~DTM*472*20191212~CAS*CO*45*19.65~REF*HPI*1447291851~AMT*B6*3.5~LQ*HE*N381~LQ*HE*N381~CLP*26595*2*265*34.88**MC*2220198009383~NM1*QC*1*PEREY*LOUIS****MR*Y362711~DTM*232*20191211~DTM*233*20191211~SVC*HC:99204:25*205*28.64**1~DTM*472*20191211~CAS*CO*45*176.36~REF*HPI*1396971230~AMT*B6*28.64~LQ*HE*N381~LQ*HE*N381~SVC*HC:G0444*20*0**1~DTM*472*20191211~CAS*CO*45*20~REF*HPI*1396971230~SVC*HC:G0396*40*6.24**1~DTM*472*20191211~CAS*OA*P22*33.76~REF*HPI*1396971230~AMT*B6*6.24~LQ*HE*MA125~LQ*HE*MA125~CLP*21639*2*197*32.28**MC*2220198009648~NM1*QC*1*QUINTANA*ALADINO*T***MR*J531853~DTM*232*20190827~DTM*233*20190827~SVC*HC:99203:25*145*0**1~DTM*472*20190827~CAS*CO*45*145~REF*HPI*1366419582~LQ*HE*N381~SVC*HC:96127*8*0**1~DTM*472*20190827~CAS*CO*45*3.76~CAS*OA*23*4.24~REF*HPI*1366419582~LQ*HE*N381~LQ*HE*N381~SVC*HC:99408*44*32.28**1~DTM*472*20190827~CAS*CO*45*11.72~REF*HPI*1366419582~AMT*B6*32.28~LQ*HE*N381~CLP*000100035485*2*178.3*13.11**MC*2020197043748~NM1*QC*1*WITHAAR*CHARLES*D***MR*R330415~NM1*82*1*CADDALI*ESTRELLA*A***XX*1164974580~REF*EA*34C8DB3967E0435CABEBC8D9C95C42A8~DTM*232*20200529~DTM*233*20200529~SVC*HC:99213:95*178.3*13.11**1~DTM*472*20200529~CAS*CO*45*165.19~REF*6R*CP9QRRIU7ENU~AMT*B6*13.11~LQ*HE*N381~LQ*HE*N381~CLP*000100029309*4*8*0**MC*2020199070112~NM1*QC*1*CONOVER*HOWARD*A***MR*G706370~NM1*82*1*GRONEMEYER*LEANNE*R***XX*1659521045~REF*EA*75D6896D1A9842BB83AA9B0E7A4D8982~DTM*232*20200203~DTM*233*20200203~SVC*HC:96127*8*0**0**1~DTM*472*20200203~CAS*PI*96*8~REF*6R*CP9A8KDS9FXG~LQ*HE*N56~CLP*000100035873*4*35*0**MC*2020197043657~NM1*QC*1*MANNON*ANGELA*T***MR*O289251~NM1*82*1*HOOSHMAND-PARSI*KAYHOSROW****XX*1447291851~REF*EA*9B8D746C9EED4375B912788DAAA54677~DTM*232*20200608~DTM*233*20200608~SVC*HC:99441*35*0**0**1~DTM*472*20200608~CAS*PI*96*35~REF*6R*CP9QCE90H9ZT~LQ*HE*N56~CLP*000100036503*1*272.99*97.11**MC*2020197044906~NM1*QC*1*AMES*STACY*L***MR*K978061~NM1*82*1*CADDALI*ESTRELLA*A***XX*1164974580~REF*EA*EF34B458D8AA45EE831D62ED6E496A40~DTM*232*20200619~DTM*233*20200619~SVC*HC:99214:25*272.99*97.11**1~DTM*472*20200619~CAS*CO*45*175.88~REF*6R*CP9QQOPZRMNY~AMT*B6*97.11~LQ*HE*N381~CLP*000100036503*1*54.67*21.5**MC*2020197044918~NM1*QC*1*AMES*STACY*L***MR*K978061~NM1*82*1*CADDALI*ESTRELLA*A***XX*1164974580~REF*EA*0BA5EE4422804FF2829EF4F42CD70A01~DTM*232*20200619~DTM*233*20200619~SVC*HC:93000*54.67*21.5**1~DTM*472*20200619~CAS*CO*45*33.17~REF*6R*CP9QT4ESUP6P~AMT*B6*21.5~LQ*HE*N381~CLP*000100036659*1*178.3*65.81**MC*2020197043759~NM1*QC*1*CHAVEZ*JACQULINE*M***MR*G934658~NM1*74*1*ANDERSON*JACKIE~NM1*82*1*SEARLES*DENISE*A***XX*1396971230~REF*EA*05702B243CE4435E8D5D796BF16464D8~DTM*232*20200623~DTM*233*20200623~SVC*HC:99213*178.3*65.81**1~DTM*472*20200623~CAS*CO*45*112.49~REF*6R*CP9Q3CYBZTGJ~AMT*B6*65.81~LQ*HE*N381~CLP*000100036906*1*88.54*37.39*2*MC*2020199070997~NM1*QC*1*ANTU*MICHAEL*K***MR*O549042~NM1*82*1*HOOSHMAND-PARSI*KAYHOSROW****XX*1447291851~REF*EA*EE1D925EBF3B43CC9D94F39705B4C38C~DTM*232*20200630~DTM*233*20200630~SVC*HC:99212*88.54*37.39**1~DTM*472*20200630~CAS*PR*3*2~CAS*CO*45*49.15~REF*6R*CP9A1SR2A3TY~AMT*B6*39.39~LQ*HE*N381~LQ*HE*N381~CLP*000100036818*1*893.24*169.51*2*MC*2020199071014~NM1*QC*1*ANTU*MICHAEL*K***MR*O549042~NM1*82*1*HOOSHMAND-PARSI*KAYHOSROW****XX*1447291851~REF*EA*C9EDE7986654497888E8AA9CDBB1F7F7~DTM*232*20200629~DTM*233*20200629~SVC*HC:99204:25*450.07*147.59**1~DTM*472*20200629~CAS*PR*3*2~CAS*CO*45*300.48~REF*6R*CP9AUDPJZM0D~AMT*B6*149.59~LQ*HE*N381~LQ*HE*N381~SVC*HC:H0049*403.17*10.92**1~DTM*472*20200629~CAS*CO*45*392.25~REF*6R*CP9AV6HPQ40N~AMT*B6*10.92~LQ*HE*N381~SVC*HC:G8510*40*11**1~DTM*472*20200629~CAS*CO*45*29~REF*6R*CP9ASHFZV73G~AMT*B6*11~LQ*HE*N381~CLP*000100036861*1*217.66*55.35**MC*2020199070640~NM1*QC*1*ARAGON*LISA*A***MR*I950981~NM1*82*1*LEWIS*HOLLY*G***XX*1295234128~REF*EA*749073D2E0024854A9C208691D8AE235~DTM*232*20200629~DTM*233*20200629~SVC*HC:90832*217.66*55.35**1~DTM*472*20200629~CAS*CO*45*162.31~REF*6R*CP9AKZLHJR9F~AMT*B6*55.35~LQ*HE*N381~CLP*000100036902*1*272.99*97.11**MC*2020199071144~NM1*QC*1*ARAGON*LISA*A***MR*I950981~NM1*82*1*CADDALI*ESTRELLA*A***XX*1164974580~REF*EA*8854BADC1D924BC9B4819850825BAA0C~DTM*232*20200630~DTM*233*20200630~SVC*HC:99214*272.99*97.11**1~DTM*472*20200630~CAS*CO*45*175.88~REF*6R*CP9AH2OIU9P6~AMT*B6*97.11~LQ*HE*N381~CLP*000100036917*1*178.3*65.81**MC*2020199070879~NM1*QC*1*ARAGON*NESTOR****MR*R427575~NM1*82*1*CADDALI*ESTRELLA*A***XX*1164974580~REF*EA*6A8783ABAD104294B00DA1E19CB79F0F~DTM*232*20200630~DTM*233*20200630~SVC*HC:99213*178.3*65.81**1~DTM*472*20200630~CAS*CO*45*112.49~REF*6R*CP9A4YG0Q4X9~AMT*B6*65.81~LQ*HE*N381~CLP*000100036823*1*178.3*65.81**MC*2020199070665~NM1*QC*1*ASKINS*NORRIS****MR*P134911~NM1*82*1*GRONEMEYER*LEANNE*R***XX*1659521045~REF*EA*D210F3D1AB054F37A2AF8DA2EAAC862A~DTM*232*20200629~DTM*233*20200629~SVC*HC:99213*178.3*65.81**1~DTM*472*20200629~CAS*CO*45*112.49~REF*6R*CP9AK3H5E3L9~AMT*B6*65.81~LQ*HE*N381~CLP*000100036425*1*178.3*65.81**MC*2020197044081~NM1*QC*1*AVILA*KRISTA*M***MR*K943511~NM1*82*1*SEARLES*DENISE*A***XX*1396971230~REF*EA*272F569250164843BBE4FA1AA965CFC7~DTM*232*20200618~DTM*233*20200618~SVC*HC:99213*178.3*65.81**1~DTM*472*20200618~CAS*CO*45*112.49~REF*6R*CP9Q43KAAET5~AMT*B6*65.81~LQ*HE*N381~CLP*000100036933*1*178.3*63.81*2*MC*2020197044434~NM1*QC*1*AVILA*SHANNA****MR*K598901~NM1*82*1*GRONEMEYER*LEANNE*R***XX*1659521045~REF*EA*D34A9F07DFCD4BFA8D0C4FD5015E4293~DTM*232*20200630~DTM*233*20200630~SVC*HC:99213:25*178.3*63.81**1~DTM*472*20200630~CAS*PR*3*2~CAS*CO*45*112.49~REF*6R*CP9QZ7Q88RG4~AMT*B6*65.81~LQ*HE*N381~LQ*HE*N381~CLP*000100036933*1*15*7.42*1*MC*2020197044457~NM1*QC*1*AVILA*SHANNA****MR*K598901~NM1*82*1*GRONEMEYER*LEANNE*R***XX*1659521045~REF*EA*20777A4DB1144E93840DC2F681EFC14A~DTM*232*20200630~DTM*233*20200630~SVC*HC:81025*15*7.42**1~DTM*472*20200630~CAS*PR*3*1~CAS*CO*45*6.58~REF*6R*CP9QBFUM65I1~AMT*B6*8.42~LQ*HE*N381~LQ*HE*N381~CLP*000100036454*1*621.47*87.73**MC*2020197044355~NM1*QC*1*BACKUSH*SUMAYAH*H***MR*Y862562~NM1*82*1*GRONEMEYER*LEANNE*R***XX*1659521045~REF*EA*C7115A7B91404A1086FDC8D27A701B9C~DTM*232*20200618~DTM*233*20200618~SVC*HC:99213:25*178.3*65.81**1~DTM*472*20200618~CAS*CO*45*112.49~REF*6R*CP9Q5KFPBQI4~AMT*B6*65.81~LQ*HE*N381~SVC*HC:H0049*403.17*10.92**1~DTM*472*20200618~CAS*CO*45*392.25~REF*6R*CP9QPE5ZYAGO~AMT*B6*10.92~LQ*HE*N381~SVC*HC:G8510*40*11**1~DTM*472*20200618~CAS*CO*45*29~REF*6R*CP9QHNG4L09U~AMT*B6*11~LQ*HE*N381~CLP*000100036460*1*178.3*65.81**MC*2020197044014~NM1*QC*1*BAIRD*ASHLYNN****MR*G563172~NM1*82*1*SEARLES*DENISE*A***XX*1396971230~REF*EA*B90C502D8A1C44D1B02E5A2EC045F662~DTM*232*20200618~DTM*233*20200618~SVC*HC:99213*178.3*65.81**1~DTM*472*20200618~CAS*CO*45*112.49~REF*6R*CP9QFR765HKQ~AMT*B6*65.81~LQ*HE*N381~CLP*000100036583*1*178.3*63.81*2*MC*2020197044263~NM1*QC*1*BEEBE*DUSTIN*C***MR*V104640~NM1*82*1*GRONEMEYER*LEANNE*R***XX*1659521045~REF*EA*C89E9F31F60C40FAA0BC65A9D093425A~DTM*232*20200622~DTM*233*20200622~SVC*HC:99213*178.3*63.81**1~DTM*472*20200622~CAS*PR*3*2~CAS*CO*45*112.49~REF*6R*CP9QIINBP5P3~AMT*B6*65.81~LQ*HE*N381~LQ*HE*N381~CLP*000100036439*1*178.3*63.81*2*MC*2020197044852~NM1*QC*1*BENAVIDEZ*KHRISTEN*D***MR*Y418586~NM1*82*1*GRONEMEYER*LEANNE*R***XX*1659521045~REF*EA*1C127AA06DED445AA3B34B7DD548B84C~DTM*232*20200618~DTM*233*20200618~SVC*HC:99213*178.3*63.81**1~DTM*472*20200618~CAS*PR*3*2~CAS*CO*45*112.49~REF*6R*CP9QOQRY4CUM~AMT*B6*65.81~LQ*HE*N381~LQ*HE*N381~CLP*000100036769*1*15*8.42**MC*2020197043976~NM1*QC*1*BOULIER*JEWEL*R***MR*W913486~NM1*82*1*SEARLES*DENISE*A***XX*1396971230~REF*EA*0051E46FB4E044E4893E8279DB94EE8D~DTM*232*20200625~DTM*233*20200625~SVC*HC:81025*15*8.42**1~DTM*472*20200625~CAS*CO*45*6.58~REF*6R*CP9Q904DCSSN~AMT*B6*8.42~LQ*HE*N381~CLP*000100036769*1*178.3*65.81**MC*2020197043993~NM1*QC*1*BOULIER*JEWEL*R***MR*W913486~NM1*82*1*SEARLES*DENISE*A***XX*1396971230~REF*EA*663C8E4B853E44A6A05EBD7112425E65~DTM*232*20200625~DTM*233*20200625~SVC*HC:99213:25*178.3*65.81**1~DTM*472*20200625~CAS*CO*45*112.49~REF*6R*CP9QECQZJZNT~AMT*B6*65.81~LQ*HE*N381~CLP*000100036908*1*178.3*65.81**MC*2020197043800~NM1*QC*1*BRODEUR*MICHAEL****MR*O634397~NM1*82*1*SEARLES*DENISE*A***XX*1396971230~REF*EA*643CB043D1034C328F772FAFECAC943D~DTM*232*20200630~DTM*233*20200630~SVC*HC:99213*178.3*65.81**1~DTM*472*20200630~CAS*CO*45*112.49~REF*6R*CP9QUZ2VDLM1~AMT*B6*65.81~LQ*HE*N381~CLP*000100030766*2*90*14.21**MC*2020199070949~NM1*QC*1*BROWN*SAMANTHA*L***MR*U792619~NM1*82*1*HOOSHMAND-PARSI*KAYHOSROW****XX*1447291851~REF*EA*9C9CB609FB6F413A8CC0907AD04CBA92~DTM*232*20200302~DTM*233*20200302~SVC*HC:99213:25*90*14.21**1~DTM*472*20200302~CAS*CO*45*24.19~CAS*OA*23*51.6~REF*6R*CP9A684BG0IG~AMT*B6*65.81~LQ*HE*MA125~LQ*HE*N381~CLP*000100028896*2*90*14.21**MC*2020199070955~NM1*QC*1*BROWN*SAMANTHA*L***MR*U792619~NM1*82*1*HOOSHMAND-PARSI*KAYHOSROW****XX*1447291851~REF*EA*2A6BEFB58AD949F8B84894FF581B5249~DTM*232*20200127~DTM*233*20200127~SVC*HC:99213:25*90*14.21**1~DTM*472*20200127~CAS*CO*45*24.19~CAS*OA*23*51.6~REF*6R*CP9AIVY41EVW~AMT*B6*65.81~LQ*HE*N293~LQ*HE*MA125~LQ*HE*N381~CLP*000100030372*2*90*14.21**MC*2020199070964~NM1*QC*1*BROWN*SAMANTHA*L***MR*U792619~NM1*82*1*HOOSHMAND-PARSI*KAYHOSROW****XX*1447291851~REF*EA*B54F3A1B0F1E44AEA92423DA5D414039~DTM*232*20200224~DTM*233*20200224~SVC*HC:99213:25*90*14.21**1~DTM*472*20200224~CAS*CO*45*24.19~CAS*OA*23*51.6~REF*6R*CP9A565JB70R~AMT*B6*65.81~LQ*HE*N293~LQ*HE*MA125~LQ*HE*N381~CLP*000100028051*2*134*5.91**MC*2020199070972~NM1*QC*1*BROWN*SAMANTHA*L***MR*U792619~NM1*82*1*HOOSHMAND-PARSI*KAYHOSROW****XX*1447291851~REF*EA*D33B0D36DD2C4D75A853038C33C3E1C0~DTM*232*20200113~DTM*233*20200113~SVC*HC:99214:25*134*5.91**1~DTM*472*20200113~CAS*CO*45*36.89~CAS*OA*23*91.2~REF*6R*CP9AG5EJ77X2~AMT*B6*97.11~LQ*HE*N293~LQ*HE*MA125~LQ*HE*N381~CLP*000100036939*1*178.3*63.81*2*MC*2020197043965~NM1*QC*1*BURKS*PATRICE****MR*R582437~NM1*82*1*CADDALI*ESTRELLA*A***XX*1164974580~REF*EA*F4D47F192CF84EF1AC7323B24F206C4F~DTM*232*20200630~DTM*233*20200630~SVC*HC:99213*178.3*63.81**1~DTM*472*20200630~CAS*PR*3*2~CAS*CO*45*112.49~REF*6R*CP9QZ24HDC0P~AMT*B6*65.81~LQ*HE*N381~LQ*HE*N381~CLP*000100036965*1*272.99*95.11*2*MC*2020197044250~NM1*QC*1*BURNS*KYRA*J***MR*O410409~NM1*82*1*GRONEMEYER*LEANNE*R***XX*1659521045~REF*EA*DEFAAAD4DC3A41B2A9101CAFD41807A5~DTM*232*20200630~DTM*233*20200630~SVC*HC:99214*272.99*95.11**1~DTM*472*20200630~CAS*PR*3*2~CAS*CO*45*175.88~REF*6R*CP9Q3Y7OJ9T6~AMT*B6*97.11~LQ*HE*N381~LQ*HE*N381~CLP*000100036677*1*178.3*65.81**MC*2020197044580~NM1*QC*1*CARRILLO*JOHN*P***MR*Q013327~NM1*82*1*SEARLES*DENISE*A***XX*1396971230~REF*EA*23ED29222A53475B98CAD0F0F9AA9060~DTM*232*20200624~DTM*233*20200624~SVC*HC:99213*178.3*65.81**1~DTM*472*20200624~CAS*CO*45*112.49~REF*6R*CP9QVSI3LFOL~AMT*B6*65.81~LQ*HE*N381~CLP*000100036805*1*178.3*65.81**MC*2020197044238~NM1*QC*1*CHACON*ALISSA****MR*P951315~NM1*82*1*SEARLES*DENISE*A***XX*1396971230~REF*EA*2D242404CCFA42C1AB2A334AA66D90A3~DTM*232*20200626~DTM*233*20200626~SVC*HC:99213*178.3*65.81**1~DTM*472*20200626~CAS*CO*45*112.49~REF*6R*CP9QQKA6JJL3~AMT*B6*65.81~LQ*HE*N381~CLP*000100036621*1*178.3*65.81**MC*2020197043818~NM1*QC*1*CHATMAN*BRITTANY*C***MR*Y447314~NM1*82*1*SEARLES*DENISE*A***XX*1396971230~REF*EA*7322B8E1470A4DF992F2BBC4E7EF2999~DTM*232*20200623~DTM*233*20200623~SVC*HC:99213*178.3*65.81**1~DTM*472*20200623~CAS*CO*45*112.49~REF*6R*CP9QN1F004FH~AMT*B6*65.81~LQ*HE*N381~CLP*000100036423*1*178.3*65.81**MC*2020197044734~NM1*QC*1*CHAVEZ*DANIEL*J***MR*F605042~NM1*82*1*CADDALI*ESTRELLA*A***XX*1164974580~REF*EA*B9BC0C06CEFA4943AB3D2D1044C1E284~DTM*232*20200618~DTM*233*20200618~SVC*HC:99213*178.3*65.81**1~DTM*472*20200618~CAS*CO*45*112.49~REF*6R*CP9Q0JOA7X74~AMT*B6*65.81~LQ*HE*N381~CLP*000100036488*1*178.3*63.81*2*MC*2020197044331~NM1*QC*1*COWEN*MARY*A***MR*O491346~NM1*82*1*CADDALI*ESTRELLA*A***XX*1164974580~REF*EA*1A1567836061443A9D51C0F36CC213BA~DTM*232*20200619~DTM*233*20200619~SVC*HC:99213*178.3*63.81**1~DTM*472*20200619~CAS*PR*3*2~CAS*CO*45*112.49~REF*6R*CP9Q825KQB3G~AMT*B6*65.81~LQ*HE*N381~LQ*HE*N381~CLP*000100036507*1*178.3*65.81**MC*2020197043953~NM1*QC*1*CRESPIN*GILBERT****MR*M707740~NM1*82*1*SEARLES*DENISE*A***XX*1396971230~REF*EA*71B912AD6A4F46E98BCBE9D249F42396~DTM*232*20200619~DTM*233*20200619~SVC*HC:99213*178.3*65.81**1~DTM*472*20200619~CAS*CO*45*112.49~REF*6R*CP9Q3K2HKBHK~AMT*B6*65.81~LQ*HE*N381~CLP*000100036880*1*88.54*37.39*2*MC*2020199071079~NM1*QC*1*DOBBS*DION*K***MR*P437953~NM1*82*1*HOOSHMAND-PARSI*KAYHOSROW****XX*1447291851~REF*EA*0BAB5A37AE6A4861A6BD9B9D26105706~DTM*232*20200629~DTM*233*20200629~SVC*HC:99212*88.54*37.39**1~DTM*472*20200629~CAS*PR*3*2~CAS*CO*45*49.15~REF*6R*CP9A1G9W7KG3~AMT*B6*39.39~LQ*HE*N381~LQ*HE*N381~CLP*000100036486*1*178.3*65.81**MC*2020197044055~NM1*QC*1*DURAN*DANELLE****MR*J114866~NM1*82*1*CADDALI*ESTRELLA*A***XX*1164974580~REF*EA*9809E9E2EFAF42B893C3C18405FF815D~DTM*232*20200619~DTM*233*20200619~SVC*HC:99213*178.3*65.81**1~DTM*472*20200619~CAS*CO*45*112.49~REF*6R*CP9QI5W19Z8H~AMT*B6*65.81~LQ*HE*N381~CLP*000100036554*1*178.3*65.81**MC*2020199071056~NM1*QC*1*DURAN*LUCIANO*K***MR*P804952~NM1*82*1*GRONEMEYER*LEANNE*R***XX*1659521045~REF*EA*C675AAB0266540B4BA1A51DD7146A4B7~DTM*232*20200622~DTM*233*20200622~SVC*HC:99213*178.3*65.81**1~DTM*472*20200622~CAS*CO*45*112.49~REF*6R*CP9AGD2YCHSY~AMT*B6*65.81~LQ*HE*N381~CLP*000100036847*1*193.3*74.23**MC*2020199070703~NM1*QC*1*EHLERS*DESIREE*F***MR*P131523~NM1*82*1*HOOSHMAND-PARSI*KAYHOSROW****XX*1447291851~REF*EA*DCE36798D98F41CE989ED7DF88CD9978~DTM*232*20200629~DTM*233*20200629~SVC*HC:99213:25*178.3*65.81**1~DTM*472*20200629~CAS*CO*45*112.49~REF*6R*CP9AVBXXXQAB~AMT*B6*65.81~LQ*HE*N381~SVC*HC:81025*15*8.42**1~DTM*472*20200629~CAS*CO*45*6.58~REF*6R*CP9AQ3JT8JA6~AMT*B6*8.42~LQ*HE*N381~CLP*000100036922*1*217.66*55.35**MC*2020199071170~NM1*QC*1*FERRIS*JOSHUA*R***MR*U655766~NM1*82*1*SANCHEZ*LEANN*V***XX*1508990961~REF*EA*9CC1B4483CF448DD89AA1DF336E126B0~DTM*232*20200630~DTM*233*20200630~SVC*HC:90832*217.66*55.35**1~DTM*472*20200630~CAS*CO*45*162.31~REF*6R*CP9AOBH8GH6A~AMT*B6*55.35~LQ*HE*N381~CLP*000100036764*1*178.3*65.81**MC*2020197043835~NM1*QC*1*GARCIA*MARIO****MR*D425963~NM1*82*1*SEARLES*DENISE*A***XX*1396971230~REF*EA*8F736C9B4D634A46A127C4C76A35758F~DTM*232*20200625~DTM*233*20200625~SVC*HC:99213*178.3*65.81**1~DTM*472*20200625~CAS*CO*45*112.49~REF*6R*CP9QLYVHCRJE~AMT*B6*65.81~LQ*HE*N381~CLP*000100036405*1*178.3*65.81**MC*2020197043852~NM1*QC*1*GARCIA*MARIO****MR*D425963~NM1*82*1*SEARLES*DENISE*A***XX*1396971230~REF*EA*C1C078BC720E4584AD2271691E8E7CFB~DTM*232*20200618~DTM*233*20200618~SVC*HC:99213*178.3*65.81**1~DTM*472*20200618~CAS*CO*45*112.49~REF*6R*CP9Q0YBG0BKV~AMT*B6*65.81~LQ*HE*N381~CLP*000100036858*1*2176.98*1359.53**MC*2020199071210~NM1*QC*1*GARCIA*TERRI*L***MR*D571618~NM1*82*1*HOOSHMAND-PARSI*KAYHOSROW****XX*1447291851~REF*EA*9CEC7D5BE2DB4383BBDEA5C749104599~DTM*232*20200629~DTM*233*20200629~SVC*HC:99214:25*272.99*97.11**1~DTM*472*20200629~CAS*CO*45*175.88~REF*6R*CP9AK12A0ZO6~AMT*B6*97.11~LQ*HE*N381~SVC*HC:81025*15*8.42**1~DTM*472*20200629~CAS*CO*45*6.58~REF*6R*CP9AO1VUMZN6~AMT*B6*8.42~LQ*HE*N381~SVC*HC:96372*83.99*0**0**1~DTM*472*20200629~CAS*CO*109*83.99~REF*6R*CP9A2RRK4A4U~LQ*HE*N381~SVC*HC:J2315*1805*1254**380~DTM*472*20200629~CAS*CO*45*551~REF*6R*CP9AAHGCIX2O~AMT*B6*1254~LQ*HE*N381~CLP*000100036820*1*178.3*63.81*2*MC*2020199071065~NM1*QC*1*GERMAN*NEAL*D***MR*P523767~NM1*82*1*GRONEMEYER*LEANNE*R***XX*1659521045~REF*EA*563FD1534EDB40D683930C6E863FE0E3~DTM*232*20200629~DTM*233*20200629~SVC*HC:99213*178.3*63.81**1~DTM*472*20200629~CAS*PR*3*2~CAS*CO*45*112.49~REF*6R*CP9A1PBUDT4O~AMT*B6*65.81~LQ*HE*N381~LQ*HE*N381~CLP*000100036909*1*88.54*37.39*2*MC*2020197044464~NM1*QC*1*GOMEZ*CHARLEE****MR*Y224607~NM1*82*1*SEARLES*DENISE*A***XX*1396971230~REF*EA*D2A116549ADC4A10903EB04F0B85DD1F~DTM*232*20200630~DTM*233*20200630~SVC*HC:99212*88.54*37.39**1~DTM*472*20200630~CAS*PR*3*2~CAS*CO*45*49.15~REF*6R*CP9QE9C2676L~AMT*B6*39.39~LQ*HE*N381~LQ*HE*N381~CLP*000100036870*1*15*7.42*1*MC*2020199071186~NM1*QC*1*GUERRERO*SONYA*M***MR*S127505~NM1*82*1*HOOSHMAND-PARSI*KAYHOSROW****XX*1447291851~REF*EA*3DA9C1A649834FA7921D373F2376D5D5~DTM*232*20200629~DTM*233*20200629~SVC*HC:81025*15*7.42**1~DTM*472*20200629~CAS*PR*3*1~CAS*CO*45*6.58~REF*6R*CP9A80A1MY6I~AMT*B6*8.42~LQ*HE*N381~LQ*HE*N381~CLP*000100036870*1*178.3*63.81*2*MC*2020199071198~NM1*QC*1*GUERRERO*SONYA*M***MR*S127505~NM1*82*1*HOOSHMAND-PARSI*KAYHOSROW****XX*1447291851~REF*EA*1662C253DAA648A78A46A22E2EC0651F~DTM*232*20200629~DTM*233*20200629~SVC*HC:99213:25*178.3*63.81**1~DTM*472*20200629~CAS*PR*3*2~CAS*CO*45*112.49~REF*6R*CP9AX105M0B7~AMT*B6*65.81~LQ*HE*N381~LQ*HE*N381~CLP*000100036876*1*178.3*65.81**MC*2020199070835~NM1*QC*1*HANSON*CYNTHIA****MR*W412067~NM1*82*1*HOOSHMAND-PARSI*KAYHOSROW****XX*1447291851~REF*EA*3DBE023417354F44B9A1AE5A9B6A7702~DTM*232*20200629~DTM*233*20200629~SVC*HC:99213*178.3*65.81**1~DTM*472*20200629~CAS*CO*45*112.49~REF*6R*CP9AGJFST2GN~AMT*B6*65.81~LQ*HE*N381~CLP*000100036702*1*178.3*65.81**MC*2020197044661~NM1*QC*1*HELVEY*RYAN*J***MR*N690416~NM1*82*1*SEARLES*DENISE*A***XX*1396971230~REF*EA*93734A0273704D839B810AD11EABE323~DTM*232*20200624~DTM*233*20200624~SVC*HC:99213:25*178.3*65.81**1~DTM*472*20200624~CAS*CO*45*112.49~REF*6R*CP9QYRKO2KGT~AMT*B6*65.81~LQ*HE*N381~CLP*000100036702*1*1888.99*1254**MC*2020197044676~NM1*QC*1*HELVEY*RYAN*J***MR*N690416~NM1*82*1*SEARLES*DENISE*A***XX*1396971230~REF*EA*2C937E2FA94A48A1BB7DB75AFFA125F2~DTM*232*20200624~DTM*233*20200624~SVC*HC:96372*83.99*0**0**1~DTM*472*20200624~CAS*CO*109*83.99~REF*6R*CP9QUCS5RPIU~LQ*HE*N381~SVC*HC:J2315*1805*1254**380~DTM*472*20200624~CAS*CO*45*551~REF*6R*CP9Q488BDLUH~AMT*B6*1254~LQ*HE*N381~CLP*000100036837*1*15*8.42**MC*2020199070729~NM1*QC*1*HEREDIA*NEISHA****MR*M350525~NM1*82*1*HOOSHMAND-PARSI*KAYHOSROW****XX*1447291851~REF*EA*62AED7D9F3854BFDB1E273730FFE8067~DTM*232*20200629~DTM*233*20200629~SVC*HC:81025*15*8.42**1~DTM*472*20200629~CAS*CO*45*6.58~REF*6R*CP9AF85SFLUZ~AMT*B6*8.42~LQ*HE*N381~CLP*000100036837*1*178.3*65.81**MC*2020199070753~NM1*QC*1*HEREDIA*NEISHA****MR*M350525~NM1*82*1*HOOSHMAND-PARSI*KAYHOSROW****XX*1447291851~REF*EA*286CB407621943BF9DB7B9BC2E8D86A4~DTM*232*20200629~DTM*233*20200629~SVC*HC:99213:25*178.3*65.81**1~DTM*472*20200629~CAS*CO*45*112.49~REF*6R*CP9AD60IYCW9~AMT*B6*65.81~LQ*HE*N381~CLP*000100036941*1*178.3*65.81**MC*2020197044068~NM1*QC*1*HERNANDEZ*PATRICIA****MR*N926539~NM1*82*1*CADDALI*ESTRELLA*A***XX*1164974580~REF*EA*4FF804094C464452AC902E1AF8326845~DTM*232*20200630~DTM*233*20200630~SVC*HC:99213*178.3*65.81**1~DTM*472*20200630~CAS*CO*45*112.49~REF*6R*CP9QEJIEMXV9~AMT*B6*65.81~LQ*HE*N381~CLP*000100036857*1*27.33*5.67*1*MC*2020199071239~NM1*QC*1*HOLMES*AMANDA****MR*Y146825~NM1*82*1*GRONEMEYER*LEANNE*R***XX*1659521045~REF*EA*786FF1E9292F4507942CD9CBDD50490F~DTM*232*20200629~DTM*233*20200629~SVC*HC:86580*27.33*5.67**1~DTM*472*20200629~CAS*PR*3*1~CAS*CO*45*20.66~REF*6R*CP9AJIIYWRD2~AMT*B6*6.67~LQ*HE*N381~LQ*HE*N381~CLP*000100036857*1*893.24*189.03*2*MC*2020199071256~NM1*QC*1*HOLMES*AMANDA****MR*Y146825~NM1*82*1*GRONEMEYER*LEANNE*R***XX*1659521045~REF*EA*B8035417E516485BBAA9D9DFCCA46C50~DTM*232*20200629~DTM*233*20200629~SVC*HC:99204:25*450.07*147.59**1~DTM*472*20200629~CAS*PR*3*2~CAS*CO*45*300.48~REF*6R*CP9AFM23FAY8~AMT*B6*149.59~LQ*HE*N381~LQ*HE*N381~SVC*HC:H0049*403.17*10.92**1~DTM*472*20200629~CAS*CO*45*392.25~REF*6R*CP9AHKF1MF4D~AMT*B6*10.92~LQ*HE*N381~SVC*HC:G8431*40*30.52**1~DTM*472*20200629~CAS*CO*45*9.48~REF*6R*CP9A986FY07F~AMT*B6*30.52~LQ*HE*N381~CLP*000100036688*1*178.3*64.81*1*MC*2020197044112~NM1*QC*1*JARAMILLO*RACHEL*A***MR*Y000126~NM1*82*1*SEARLES*DENISE*A***XX*1396971230~REF*EA*6D7A848B3D704DAB878D9F0E3B7C6932~DTM*232*20200624~DTM*233*20200624~SVC*HC:99213*178.3*64.81**1~DTM*472*20200624~CAS*PR*3*1~CAS*CO*45*112.49~REF*6R*CP9Q4PO2D4A5~AMT*B6*65.81~LQ*HE*N381~LQ*HE*N381~CLP*000100036336*1*178.3*63.81*2*MC*2020197044523~NM1*QC*1*JEX*LOUISE*E***MR*B117513~NM1*82*1*GRONEMEYER*LEANNE*R***XX*1659521045~REF*EA*BB437878B26C46548B65E037CF04B26C~DTM*232*20200617~DTM*233*20200617~SVC*HC:99213*178.3*63.81**1~DTM*472*20200617~CAS*PR*3*2~CAS*CO*45*112.49~REF*6R*CP9QQT4EAPYS~AMT*B6*65.81~LQ*HE*N381~LQ*HE*N381~CLP*000100036457*1*178.3*63.81*2*MC*2020197044285~NM1*QC*1*JOHNSON*LASHAWN*J***MR*J148245~NM1*82*1*SEARLES*DENISE*A***XX*1396971230~REF*EA*046D95663A5446268137C15079E1481B~DTM*232*20200618~DTM*233*20200618~SVC*HC:99213*178.3*63.81**1~DTM*472*20200618~CAS*PR*3*2~CAS*CO*45*112.49~REF*6R*CP9Q9F6ZU6U1~AMT*B6*65.81~LQ*HE*N381~LQ*HE*N381~CLP*000100036734*1*272.99*97.11**MC*2020197043658~NM1*QC*1*JONES*PAULA****MR*M040589~NM1*82*1*SEARLES*DENISE*A***XX*1396971230~REF*EA*0698D274F08746C48FF1919B2B30C2EF~DTM*232*20200625~DTM*233*20200625~SVC*HC:99214*272.99*97.11**1~DTM*472*20200625~CAS*CO*45*175.88~REF*6R*CP9Q8YX34K2D~AMT*B6*97.11~LQ*HE*N381~CLP*000100036581*1*178.3*63.81*2*MC*2020197044860~NM1*QC*1*KANTOR*LOUIS*W***MR*Y320329~NM1*82*1*HOOSHMAND-PARSI*KAYHOSROW****XX*1447291851~REF*EA*03CC0CD8981443B297D990E02D319D9C~DTM*232*20200622~DTM*233*20200622~SVC*HC:99213*178.3*63.81**1~DTM*472*20200622~CAS*PR*3*2~CAS*CO*45*112.49~REF*6R*CP9Q6SB8MXJU~AMT*B6*65.81~LQ*HE*N381~LQ*HE*N381~CLP*000100035484*2*15*4.27**MC*2020197044926~NM1*QC*1*KIPLINGER*JESSICA*L***MR*O676211~NM1*82*1*SEARLES*DENISE*A***XX*1396971230~REF*EA*F6EADA5ABC3F45F6A0F5B3AAF9440CCE~DTM*232*20200529~DTM*233*20200529~SVC*HC:81025*15*4.27**1~DTM*472*20200529~CAS*CO*45*6.58~CAS*OA*23*4.15~REF*6R*CP9Q80UJVK9H~AMT*B6*8.42~LQ*HE*MA125~LQ*HE*N381~CLP*000100036173*2*178.3*0**MC*2020197044932~NM1*QC*1*KIPLINGER*JESSICA*L***MR*O676211~NM1*82*1*SEARLES*DENISE*A***XX*1396971230~REF*EA*DABF41E7A9BD4B82A901AC0029E64670~DTM*232*20200612~DTM*233*20200612~SVC*HC:99213*178.3*0**1~DTM*472*20200612~CAS*CO*45*112.49~CAS*OA*23*65.81~REF*6R*CP9QSCRPDNXB~AMT*B6*65.81~LQ*HE*MA125~LQ*HE*MA125~LQ*HE*N381~CLP*000100035484*2*178.3*0**MC*2020197044940~NM1*QC*1*KIPLINGER*JESSICA*L***MR*O676211~NM1*82*1*SEARLES*DENISE*A***XX*1396971230~REF*EA*B112DE94BB9E4E4E987DA1B23FD1F06B~DTM*232*20200529~DTM*233*20200529~SVC*HC:99213:25*178.3*0**1~DTM*472*20200529~CAS*CO*45*112.49~CAS*OA*23*65.81~REF*6R*CP9QND3HSN9J~AMT*B6*65.81~LQ*HE*MA125~LQ*HE*MA125~LQ*HE*N381~CLP*000100035857*2*178.3*0**MC*2020197044947~NM1*QC*1*KIPLINGER*JESSICA*L***MR*O676211~NM1*82*1*SEARLES*DENISE*A***XX*1396971230~REF*EA*6FAA983A8F9445F087C32D6BE250403A~DTM*232*20200605~DTM*233*20200605~SVC*HC:99213*178.3*0**1~DTM*472*20200605~CAS*CO*45*112.49~CAS*OA*23*65.81~REF*6R*CP9Q4OGPGP5T~AMT*B6*65.81~LQ*HE*MA125~LQ*HE*MA125~LQ*HE*N381~CLP*000100036221*1*621.47*85.73*2*MC*2020197044685~NM1*QC*1*KNABE*VIOLA*E***MR*U328562~NM1*82*1*GRONEMEYER*LEANNE*R***XX*1659521045~REF*EA*DA8DAC255B4C4FA8BA64FE0648E2151F~DTM*232*20200615~DTM*233*20200615~SVC*HC:99213:25*178.3*63.81**1~DTM*472*20200615~CAS*PR*3*2~CAS*CO*45*112.49~REF*6R*CP9QLXSF4R53~AMT*B6*65.81~LQ*HE*N381~LQ*HE*N381~SVC*HC:H0049*403.17*10.92**1~DTM*472*20200615~CAS*CO*45*392.25~REF*6R*CP9Q057W6GA4~AMT*B6*10.92~LQ*HE*N381~SVC*HC:G8510*40*11**1~DTM*472*20200615~CAS*CO*45*29~REF*6R*CP9QBQA5Z9SL~AMT*B6*11~LQ*HE*N381~CLP*000100036544*1*178.3*63.81*2*MC*2020197043783~NM1*QC*1*LEFFEL*AMY*N***MR*O980464~NM1*82*1*GRONEMEYER*LEANNE*R***XX*1659521045~REF*EA*7938115C35BC43FAA557CEAFDB04D819~DTM*232*20200622~DTM*233*20200622~SVC*HC:99213*178.3*63.81**1~DTM*472*20200622~CAS*PR*3*2~CAS*CO*45*112.49~REF*6R*CP9Q53ILYC4U~AMT*B6*65.81~LQ*HE*N381~LQ*HE*N381~CLP*000100036491*1*178.3*63.81*2*MC*2020197044181~NM1*QC*1*LONGORIA*JULIE*A***MR*D395679~NM1*82*1*SEARLES*DENISE*A***XX*1396971230~REF*EA*5FE1D961EF4B4F9193ED9E5008B7DE22~DTM*232*20200619~DTM*233*20200619~SVC*HC:99213*178.3*63.81**1~DTM*472*20200619~CAS*PR*3*2~CAS*CO*45*112.49~REF*6R*CP9QN4XCONAJ~AMT*B6*65.81~LQ*HE*N381~LQ*HE*N381~CLP*000100036843*1*621.47*87.73**MC*2020199071111~NM1*QC*1*MAES*ROSE*A***MR*L391470~NM1*82*1*GRONEMEYER*LEANNE*R***XX*1659521045~REF*EA*2689F448E50A42D19DA4CB1BE0E226E9~DTM*232*20200629~DTM*233*20200629~SVC*HC:99213:25*178.3*65.81**1~DTM*472*20200629~CAS*CO*45*112.49~REF*6R*CP9A499401PT~AMT*B6*65.81~LQ*HE*N381~SVC*HC:H0049*403.17*10.92**1~DTM*472*20200629~CAS*CO*45*392.25~REF*6R*CP9AGMJYA6R3~AMT*B6*10.92~LQ*HE*N381~SVC*HC:G8510*40*11**1~DTM*472*20200629~CAS*CO*45*29~REF*6R*CP9ADUBFWDOS~AMT*B6*11~LQ*HE*N381~CLP*000100036422*1*178.3*65.81**MC*2020197044876~NM1*QC*1*MARTINEZ*CHRISTOPHER*J***MR*G484628~NM1*82*1*GRONEMEYER*LEANNE*R***XX*1659521045~REF*EA*D78D9B0CF10B4FF795F086AC675177C2~DTM*232*20200618~DTM*233*20200618~SVC*HC:99213*178.3*65.81**1~DTM*472*20200618~CAS*CO*45*112.49~REF*6R*CP9Q21975K4D~AMT*B6*65.81~LQ*HE*N381~CLP*000100036481*1*178.3*65.81**MC*2020197044793~NM1*QC*1*MARTINEZ*DEBRA*A***MR*D395711~NM1*82*1*SEARLES*DENISE*A***XX*1396971230~REF*EA*1B6503E04E8E48489B3322442CD46930~DTM*232*20200619~DTM*233*20200619~SVC*HC:99213*178.3*65.81**1~DTM*472*20200619~CAS*CO*45*112.49~REF*6R*CP9QV2KFPXEA~AMT*B6*65.81~LQ*HE*N381~CLP*000100036440*1*178.3*65.81**MC*2020197044343~NM1*QC*1*MARTINEZ*JOANNA*L***MR*D997532~NM1*82*1*CADDALI*ESTRELLA*A***XX*1164974580~REF*EA*174605594A784B8F8E1754F86C64A8CF~DTM*232*20200618~DTM*233*20200618~SVC*HC:99213*178.3*65.81**1~DTM*472*20200618~CAS*CO*45*112.49~REF*6R*CP9Q5AKC0L6O~AMT*B6*65.81~LQ*HE*N381~CLP*000100036777*1*178.3*65.81**MC*2020197044814~NM1*QC*1*MAURO*RONDA*L***MR*U480140~NM1*82*1*SEARLES*DENISE*A***XX*1396971230~REF*EA*D1B58991B12548E6BB40A2908E9BD037~DTM*232*20200625~DTM*233*20200625~SVC*HC:99213*178.3*65.81**1~DTM*472*20200625~CAS*CO*45*112.49~REF*6R*CP9QM05WH0IW~AMT*B6*65.81~LQ*HE*N381~CLP*000100036798*1*178.3*65.81**MC*2020197044702~NM1*QC*1*MCCANDLESS*ANTHONY****MR*X214553~NM1*82*1*SEARLES*DENISE*A***XX*1396971230~REF*EA*D4D79B3A51554E1B94EC1110619C50C9~DTM*232*20200626~DTM*233*20200626~SVC*HC:99213*178.3*65.81**1~DTM*472*20200626~CAS*CO*45*112.49~REF*6R*CP9Q7DOUV7RP~AMT*B6*65.81~LQ*HE*N381~CLP*000100036951*1*178.3*65.81**MC*2020197044716~NM1*QC*1*MCCANDLESS*ANTHONY****MR*X214553~NM1*82*1*SEARLES*DENISE*A***XX*1396971230~REF*EA*8055AC9188504E9BB10D2AF108DEE5EA~DTM*232*20200630~DTM*233*20200630~SVC*HC:99213*178.3*65.81**1~DTM*472*20200630~CAS*CO*45*112.49~REF*6R*CP9QDNL0WYWO~AMT*B6*65.81~LQ*HE*N381~CLP*000100036496*1*178.3*65.81**MC*2020197044723~NM1*QC*1*MCCANDLESS*ANTHONY****MR*X214553~NM1*82*1*SEARLES*DENISE*A***XX*1396971230~REF*EA*30F70260A20F443BB8982E344DEC26AD~DTM*232*20200619~DTM*233*20200619~SVC*HC:99213*178.3*65.81**1~DTM*472*20200619~CAS*CO*45*112.49~REF*6R*CP9QJSFIKRVK~AMT*B6*65.81~LQ*HE*N381~CLP*000100036021*1*443.17*21.92**MC*2020197044098~NM1*QC*1*MCGARVY*ROBBIN****MR*O755729~NM1*82*1*CADDALI*ESTRELLA*A***XX*1164974580~REF*EA*A5EDBA50E8C84631A75E6ACA908B3EB3~DTM*232*20200610~DTM*233*20200610~SVC*HC:H0049*403.17*10.92**1~DTM*472*20200610~CAS*CO*45*392.25~REF*6R*CP9Q2P890I1S~AMT*B6*10.92~LQ*HE*N381~SVC*HC:G8510*40*11**1~DTM*472*20200610~CAS*CO*45*29~REF*6R*CP9Q47JXD2LH~AMT*B6*11~LQ*HE*N381~CLP*000100036859*1*947.91*210.53*2*MC*2020199071130~NM1*QC*1*MEDINA*BRANDON****MR*R975649~NM1*82*1*GRONEMEYER*LEANNE*R***XX*1659521045~REF*EA*4F9462A7546742FF96214E684D8B3EC7~DTM*232*20200629~DTM*233*20200629~SVC*HC:99204:25*450.07*147.59**1~DTM*472*20200629~CAS*PR*3*2~CAS*CO*45*300.48~REF*6R*CP9A2R2Q9XU3~AMT*B6*149.59~LQ*HE*N381~LQ*HE*N381~SVC*HC:93000:76*54.67*21.5**1~DTM*472*20200629~CAS*CO*45*33.17~REF*6R*CP9AW1KNPN0N~AMT*B6*21.5~LQ*HE*N381~SVC*HC:H0049*403.17*10.92**1~DTM*472*20200629~CAS*CO*45*392.25~REF*6R*CP9A798IUZGN~AMT*B6*10.92~LQ*HE*N381~SVC*HC:G8431*40*30.52**1~DTM*472*20200629~CAS*CO*45*9.48~REF*6R*CP9AVIDQGWIF~AMT*B6*30.52~LQ*HE*N381~CLP*000100036838*1*178.3*65.81**MC*2020199071041~NM1*QC*1*MEDINA*EDWARD*R***MR*O654584~NM1*82*1*HOOSHMAND-PARSI*KAYHOSROW****XX*1447291851~REF*EA*F229F57CDA2C457384C5C74313C8B7AC~DTM*232*20200629~DTM*233*20200629~SVC*HC:99213*178.3*65.81**1~DTM*472*20200629~CAS*CO*45*112.49~REF*6R*CP9A7PHX9DAQ~AMT*B6*65.81~LQ*HE*N381~CLP*000100036505*1*178.3*65.81**MC*2020197043724~NM1*QC*1*MEDINA*JEANNINE****MR*H870875~NM1*82*1*SEARLES*DENISE*A***XX*1396971230~REF*EA*B9F6E5F29C104B8387DA58F87C79E5D1~DTM*232*20200619~DTM*233*20200619~SVC*HC:99213*178.3*65.81**1~DTM*472*20200619~CAS*CO*45*112.49~REF*6R*CP9QW91J45JL~AMT*B6*65.81~LQ*HE*N381~CLP*000100036525*1*178.3*65.81**MC*2020197043920~NM1*QC*1*METTS*MALCOLM*X***MR*P609645~NM1*82*1*GRONEMEYER*LEANNE*R***XX*1659521045~REF*EA*E45CA3B74CB345D68244A853C395BE53~DTM*232*20200622~DTM*233*20200622~SVC*HC:99213*178.3*65.81**1~DTM*472*20200622~CAS*CO*45*112.49~REF*6R*CP9QGECO1YWI~AMT*B6*65.81~LQ*HE*N381~CLP*000100036910*1*178.3*63.81*2*MC*2020197044895~NM1*QC*1*MILLER*JEFFREY*C***MR*G866706~NM1*82*1*SEARLES*DENISE*A***XX*1396971230~REF*EA*403012FC78ED45BE88C802743FA22D6C~DTM*232*20200630~DTM*233*20200630~SVC*HC:99213*178.3*63.81**1~DTM*472*20200630~CAS*PR*3*2~CAS*CO*45*112.49~REF*6R*CP9Q1GFPIWXV~AMT*B6*65.81~LQ*HE*N381~LQ*HE*N381~CLP*000100036455*1*178.3*63.81*2*MC*2020197044778~NM1*QC*1*MILNE*AMY****MR*O696037~NM1*82*1*GRONEMEYER*LEANNE*R***XX*1659521045~REF*EA*B55C1D6FB063476F84A4EB272E283FF7~DTM*232*20200618~DTM*233*20200618~SVC*HC:99213*178.3*63.81**1~DTM*472*20200618~CAS*PR*3*2~CAS*CO*45*112.49~REF*6R*CP9Q4D4KH922~AMT*B6*65.81~LQ*HE*N381~LQ*HE*N381~CLP*000100036456*1*178.3*63.81*2*MC*2020197044552~NM1*QC*1*NELSON*WILLIAM*L***MR*C654639~NM1*82*1*GRONEMEYER*LEANNE*R***XX*1659521045~REF*EA*DD69589DC3824BA09FC109124E1F31B1~DTM*232*20200618~DTM*233*20200618~SVC*HC:99213*178.3*63.81**1~DTM*472*20200618~CAS*PR*3*2~CAS*CO*45*112.49~REF*6R*CP9QN5HOZZAO~AMT*B6*65.81~LQ*HE*N381~LQ*HE*N381~CLP*000100036443*1*178.3*65.81**MC*2020197044384~NM1*QC*1*ORTIZ*EMILY****MR*L289179~NM1*82*1*GRONEMEYER*LEANNE*R***XX*1659521045~REF*EA*A43B5910AD144E278D299F0A861D750E~DTM*232*20200618~DTM*233*20200618~SVC*HC:99213*178.3*65.81**1~DTM*472*20200618~CAS*CO*45*112.49~REF*6R*CP9QMYDVTNMU~AMT*B6*65.81~LQ*HE*N381~CLP*000100036435*1*178.3*65.81**MC*2020197044764~NM1*QC*1*PATTERSON*MARCOS****MR*V516272~NM1*82*1*GRONEMEYER*LEANNE*R***XX*1659521045~REF*EA*219522950C5F4010AD729E7566182963~DTM*232*20200618~DTM*233*20200618~SVC*HC:99213*178.3*65.81**1~DTM*472*20200618~CAS*CO*45*112.49~REF*6R*CP9Q8X1C7QDR~AMT*B6*65.81~LQ*HE*N381~CLP*000100036950*1*178.3*65.81**MC*2020197044626~NM1*QC*1*PAULSEN*STACY*C***MR*W216187~NM1*82*1*CADDALI*ESTRELLA*A***XX*1164974580~REF*EA*18866B3C9C5047778E7239946ED86B01~DTM*232*20200630~DTM*233*20200630~SVC*HC:99213*178.3*65.81**1~DTM*472*20200630~CAS*CO*45*112.49~REF*6R*CP9Q5YO7MAJ3~AMT*B6*65.81~LQ*HE*N381~CLP*000100036856*1*178.3*63.81*2*MC*2020199071265~NM1*QC*1*PEREZ*ASHLEY****MR*E206362~NM1*82*1*GRONEMEYER*LEANNE*R***XX*1659521045~REF*EA*D3FC581055E74D759A95EE6FA84DBBFA~DTM*232*20200629~DTM*233*20200629~SVC*HC:99213*178.3*63.81**1~DTM*472*20200629~CAS*PR*3*2~CAS*CO*45*112.49~REF*6R*CP9A44P0AWT5~AMT*B6*65.81~LQ*HE*N381~LQ*HE*N381~CLP*000100036925*1*178.3*63.81*2*MC*2020197044498~NM1*QC*1*PEREZ*DEAN*J***MR*Y959714~NM1*82*1*GRONEMEYER*LEANNE*R***XX*1659521045~REF*EA*8D6B9E3D4AF04102821CC98A68564F56~DTM*232*20200630~DTM*233*20200630~SVC*HC:99213:25*178.3*63.81**1~DTM*472*20200630~CAS*PR*3*2~CAS*CO*45*112.49~REF*6R*CP9QSSOK2IOU~AMT*B6*65.81~LQ*HE*N381~LQ*HE*N381~CLP*000100036925*1*1892.29*1257**MC*2020197044510~NM1*QC*1*PEREZ*DEAN*J***MR*Y959714~NM1*82*1*GRONEMEYER*LEANNE*R***XX*1659521045~REF*EA*021A50251D8F42BDAA27D31F841A1DDC~DTM*232*20200630~DTM*233*20200630~SVC*HC:96372*83.99*0**0**1~DTM*472*20200630~CAS*CO*109*83.99~REF*6R*CP9Q66WH1NMK~LQ*HE*N381~SVC*HC:J2315*1805*1254**380~DTM*472*20200630~CAS*CO*45*551~REF*6R*CP9QCYPOPP8Z~AMT*B6*1254~LQ*HE*N381~SVC*HC:36415*3.3*3**1~DTM*472*20200630~CAS*CO*45*.3~REF*6R*CP9Q2RS09JMP~AMT*B6*3~LQ*HE*N381~CLP*000100036932*1*272.99*97.11**MC*2020197044884~NM1*QC*1*PERRICONE*PETER*R***MR*G814818~NM1*82*1*CADDALI*ESTRELLA*A***XX*1164974580~REF*EA*5BA85CB0D7164D7A906A3923596571AD~DTM*232*20200630~DTM*233*20200630~SVC*HC:99214*272.99*97.11**1~DTM*472*20200630~CAS*CO*45*175.88~REF*6R*CP9QU67LZL68~AMT*B6*97.11~LQ*HE*N381~CLP*000100036840*1*621.47*85.73*2*MC*2020199071153~NM1*QC*1*PINO*SAMANTHA*M***MR*O785220~NM1*82*1*GRONEMEYER*LEANNE*R***XX*1659521045~REF*EA*418D2E96B5254D45BA35A16AF170BC3E~DTM*232*20200629~DTM*233*20200629~SVC*HC:99213:25*178.3*63.81**1~DTM*472*20200629~CAS*PR*3*2~CAS*CO*45*112.49~REF*6R*CP9AB1EKFOJ9~AMT*B6*65.81~LQ*HE*N381~LQ*HE*N381~SVC*HC:H0049*403.17*10.92**1~DTM*472*20200629~CAS*CO*45*392.25~REF*6R*CP9A6TRAUMHI~AMT*B6*10.92~LQ*HE*N381~SVC*HC:G8510*40*11**1~DTM*472*20200629~CAS*CO*45*29~REF*6R*CP9AT28TGKOM~AMT*B6*11~LQ*HE*N381~CLP*000100036759*1*178.3*65.81**MC*2020197044205~NM1*QC*1*QUINTANA*DANIELLE*A***MR*N559116~NM1*82*1*SEARLES*DENISE*A***XX*1396971230~REF*EA*CE3FB1E7163544AD8A8B5F77E1FDC459~DTM*232*20200625~DTM*233*20200625~SVC*HC:99213:25*178.3*65.81**1~DTM*472*20200625~CAS*CO*45*112.49~REF*6R*CP9QCFP81V85~AMT*B6*65.81~LQ*HE*N381~CLP*000100036759*1*15*8.42**MC*2020197044233~NM1*QC*1*QUINTANA*DANIELLE*A***MR*N559116~NM1*82*1*SEARLES*DENISE*A***XX*1396971230~REF*EA*1092E5ED60DF403992A4F486535AF5B5~DTM*232*20200625~DTM*233*20200625~SVC*HC:81025*15*8.42**1~DTM*472*20200625~CAS*CO*45*6.58~REF*6R*CP9QRJJHBYG6~AMT*B6*8.42~LQ*HE*N381~CLP*000100036542*1*178.3*63.81*2*MC*2020197044043~NM1*QC*1*QUINTANA*JUSTIN*L***MR*Y962445~NM1*82*1*GRONEMEYER*LEANNE*R***XX*1659521045~REF*EA*D68E49ED0D914948BAF09BF0F16C6C4E~DTM*232*20200622~DTM*233*20200622~SVC*HC:99213*178.3*63.81**1~DTM*472*20200622~CAS*PR*3*2~CAS*CO*45*112.49~REF*6R*CP9QYOARHL2P~AMT*B6*65.81~LQ*HE*N381~LQ*HE*N381~CLP*000100036927*1*178.3*65.81**MC*2020197044835~NM1*QC*1*RATHBUN*AARON*W***MR*P304001~NM1*82*1*HOOSHMAND-PARSI*KAYHOSROW****XX*1447291851~REF*EA*32038852AE484277978A3C80E6F46245~DTM*232*20200630~DTM*233*20200630~SVC*HC:99213*178.3*65.81**1~DTM*472*20200630~CAS*CO*45*112.49~REF*6R*CP9Q1ZS1X5R0~AMT*B6*65.81~LQ*HE*N381~CLP*000100036966*1*272.99*97.11**MC*2020197044275~NM1*QC*1*RIVERA*MANUEL*J***MR*I331935~NM1*82*1*CADDALI*ESTRELLA*A***XX*1164974580~REF*EA*953707C9915240C9A041994E38BAED28~DTM*232*20200630~DTM*233*20200630~SVC*HC:99214*272.99*97.11**1~DTM*472*20200630~CAS*CO*45*175.88~REF*6R*CP9QDJWF6JYL~AMT*B6*97.11~LQ*HE*N381~CLP*000100036913*1*272.99*97.11**MC*2020199070918~NM1*QC*1*ROMERO*MARGARITO*L***MR*I929050~NM1*82*1*CADDALI*ESTRELLA*A***XX*1164974580~REF*EA*D33A25C6812D4924A5485D05149B19E6~DTM*232*20200630~DTM*233*20200630~SVC*HC:99214*272.99*97.11**1~DTM*472*20200630~CAS*CO*45*175.88~REF*6R*CP9AYE1JGDRD~AMT*B6*97.11~LQ*HE*N381~CLP*000100029856*2*24*7.7**MC*2020199070898~NM1*QC*1*RUSSELL*BILLY****MR*K795044~NM1*82*1*HOOSHMAND-PARSI*KAYHOSROW****XX*1447291851~REF*EA*498C6D9C367046AF80BA4F7A8D230B5A~DTM*232*20200212~DTM*233*20200212~SVC*HC:93000*24*7.7**1~DTM*472*20200212~CAS*CO*45*2.5~CAS*OA*23*13.8~REF*6R*CP9AN7IAJJW7~AMT*B6*21.5~LQ*HE*MA125~LQ*HE*N381~CLP*000100036796*1*178.3*63.81*2*MC*2020197044618~NM1*QC*1*SALAZAR*JEFFREY*J***MR*S659325~NM1*82*1*SEARLES*DENISE*A***XX*1396971230~REF*EA*AE03DE744E24425C9E7DFE49915090ED~DTM*232*20200626~DTM*233*20200626~SVC*HC:99213*178.3*63.81**1~DTM*472*20200626~CAS*PR*3*2~CAS*CO*45*112.49~REF*6R*CP9QR93MEFO2~AMT*B6*65.81~LQ*HE*N381~LQ*HE*N381~CLP*000100036955*1*178.3*65.81**MC*2020197043863~NM1*QC*1*SANCHEZ*YVONNE*A***MR*J289148~NM1*82*1*GRONEMEYER*LEANNE*R***XX*1659521045~REF*EA*7C60D16F910C4B709D208AE08F85E59B~DTM*232*20200630~DTM*233*20200630~SVC*HC:99213*178.3*65.81**1~DTM*472*20200630~CAS*CO*45*112.49~REF*6R*CP9QKCLNL4HY~AMT*B6*65.81~LQ*HE*N381~CLP*000100036850*1*15*8.42**MC*2020199070774~NM1*QC*1*SANCHEZ*YVONNE*A***MR*J289148~NM1*82*1*HOOSHMAND-PARSI*KAYHOSROW****XX*1447291851~REF*EA*237E2BB19F964BE19F45CE86C6C72475~DTM*232*20200629~DTM*233*20200629~SVC*HC:81025*15*8.42**1~DTM*472*20200629~CAS*CO*45*6.58~REF*6R*CP9ADM494GCO~AMT*B6*8.42~LQ*HE*N381~CLP*000100036850*1*178.3*65.81**MC*2020199070809~NM1*QC*1*SANCHEZ*YVONNE*A***MR*J289148~NM1*82*1*HOOSHMAND-PARSI*KAYHOSROW****XX*1447291851~REF*EA*F071C8E39D8A4B7485EEECF298873854~DTM*232*20200629~DTM*233*20200629~SVC*HC:99213:25*178.3*65.81**1~DTM*472*20200629~CAS*CO*45*112.49~REF*6R*CP9AZUCWH7WR~AMT*B6*65.81~LQ*HE*N381~CLP*000100036437*1*178.3*63.81*2*MC*2020197043936~NM1*QC*1*SCHUDAR*JOHN*R***MR*Y988342~NM1*82*1*SEARLES*DENISE*A***XX*1396971230~REF*EA*C12D7955C56E4A2BB234B83E416E9133~DTM*232*20200618~DTM*233*20200618~SVC*HC:99213*178.3*63.81**1~DTM*472*20200618~CAS*PR*3*2~CAS*CO*45*112.49~REF*6R*CP9QMWBGJWMY~AMT*B6*65.81~LQ*HE*N381~LQ*HE*N381~CLP*000100036778*1*178.3*65.81**MC*2020197044419~NM1*QC*1*SMITH*NICOLETTE*L***MR*J544310~NM1*82*1*SEARLES*DENISE*A***XX*1396971230~REF*EA*3C0F4272106140709C422D1802A4D94A~DTM*232*20200625~DTM*233*20200625~SVC*HC:99213*178.3*65.81**1~DTM*472*20200625~CAS*CO*45*112.49~REF*6R*CP9Q16GY6LDF~AMT*B6*65.81~LQ*HE*N381~CLP*000100036499*1*178.3*65.81**MC*2020197044483~NM1*QC*1*THOMPSON*LINDA*M***MR*E133889~NM1*82*1*CADDALI*ESTRELLA*A***XX*1164974580~REF*EA*703B1DE2D44849449FDADE0098624B34~DTM*232*20200619~DTM*233*20200619~SVC*HC:99213*178.3*65.81**1~DTM*472*20200619~CAS*CO*45*112.49~REF*6R*CP9QSQYCABCK~AMT*B6*65.81~LQ*HE*N381~CLP*000100036952*1*266.84*97.43**MC*2020197043892~NM1*QC*1*TRIPLETT*CHAZ*P***MR*O768038~NM1*82*1*CADDALI*ESTRELLA*A***XX*1164974580~REF*EA*749E833CC3B94FC4AA109AEBAC6177B3~DTM*232*20200630~DTM*233*20200630~SVC*HC:99203*266.84*97.43**1~DTM*472*20200630~CAS*CO*45*169.41~REF*6R*CP9QS4TZIDZB~AMT*B6*97.43~LQ*HE*N381~CLP*000100036374*1*178.3*65.81**MC*2020197044312~NM1*QC*1*TUCKER*JUDY*L***MR*W894116~NM1*82*1*GRONEMEYER*LEANNE*R***XX*1659521045~REF*EA*896C841B58D34EE48FC43F597CC22F3A~DTM*232*20200617~DTM*233*20200617~SVC*HC:99213*178.3*65.81**1~DTM*472*20200617~CAS*CO*45*112.49~REF*6R*CP9QJSDK7L9B~AMT*B6*65.81~LQ*HE*N381~CLP*000100036964*1*178.3*65.81**MC*2020197044963~NM1*QC*1*TURNER*SAMUEL****MR*V731137~NM1*82*1*SEARLES*DENISE*A***XX*1396971230~REF*EA*89E8F4C6DC744FD99F12DDA0918EAB31~DTM*232*20200630~DTM*233*20200630~SVC*HC:99213*178.3*65.81**1~DTM*472*20200630~CAS*CO*45*112.49~REF*6R*CP9QB48H64VY~AMT*B6*65.81~LQ*HE*N381~CLP*000100036944*1*178.3*65.81**MC*2020197044136~NM1*QC*1*VALDEZ*MICHAEL****MR*S188705~NM1*82*1*SEARLES*DENISE*A***XX*1396971230~REF*EA*D3EE9B85DBC644D9BEA1061AD021A9B9~DTM*232*20200630~DTM*233*20200630~SVC*HC:99213*178.3*65.81**1~DTM*472*20200630~CAS*CO*45*112.49~REF*6R*CP9QC5UJBY17~AMT*B6*65.81~LQ*HE*N381~CLP*000100036500*1*178.3*65.81**MC*2020197044150~NM1*QC*1*VALDEZ*MICHAEL****MR*S188705~NM1*82*1*SEARLES*DENISE*A***XX*1396971230~REF*EA*816B7831D4604227ACF208EF0F3A8F19~DTM*232*20200619~DTM*233*20200619~SVC*HC:99213*178.3*65.81**1~DTM*472*20200619~CAS*CO*45*112.49~REF*6R*CP9QCHMHYMG7~AMT*B6*65.81~LQ*HE*N381~CLP*000100036780*1*272.99*97.11**MC*2020197044162~NM1*QC*1*VALDEZ*MICHAEL****MR*S188705~NM1*82*1*SEARLES*DENISE*A***XX*1396971230~REF*EA*E30AC751687546D6984E0D896F71BD0C~DTM*232*20200626~DTM*233*20200626~SVC*HC:99214*272.99*97.11**1~DTM*472*20200626~CAS*CO*45*175.88~REF*6R*CP9QESNCB7CC~AMT*B6*97.11~LQ*HE*N381~CLP*000100036683*1*178.3*63.81*2*MC*2020197044367~NM1*QC*1*VALDEZ MARTINEZ*SONIA****MR*F174874~NM1*74*1*VALDEZ**A~NM1*82*1*SEARLES*DENISE*A***XX*1396971230~REF*EA*CBEB4383BEA0477286A20ACAB61247F0~DTM*232*20200624~DTM*233*20200624~SVC*HC:99213*178.3*63.81**1~DTM*472*20200624~CAS*PR*3*2~CAS*CO*45*112.49~REF*6R*CP9QPXGCCDK8~AMT*B6*65.81~LQ*HE*N381~LQ*HE*N381~CLP*000100036424*1*178.3*65.81**MC*2020197044644~NM1*QC*1*VALERIO*VIOLA*M***MR*G118028~NM1*82*1*SEARLES*DENISE*A***XX*1396971230~REF*EA*D1942E9BB8F14F6BA6B670E409D15F8B~DTM*232*20200618~DTM*233*20200618~SVC*HC:99213*178.3*65.81**1~DTM*472*20200618~CAS*CO*45*112.49~REF*6R*CP9QP1WKKRIM~AMT*B6*65.81~LQ*HE*N381~CLP*000100036421*1*178.3*65.81**MC*2020197044956~NM1*QC*1*VASQUEZ*RAYMOND*E***MR*I339227~NM1*82*1*CADDALI*ESTRELLA*A***XX*1164974580~REF*EA*3DCA96520CD54AC8855501BC64103154~DTM*232*20200618~DTM*233*20200618~SVC*HC:99213*178.3*65.81**1~DTM*472*20200618~CAS*CO*45*112.49~REF*6R*CP9Q2U8DQFZC~AMT*B6*65.81~LQ*HE*N381~CLP*000100036918*1*178.3*63.81*2*MC*2020199071092~NM1*QC*1*VIGIL*CANDICE*A***MR*U952528~NM1*82*1*CADDALI*ESTRELLA*A***XX*1164974580~REF*EA*2BBA7D3061894F61BAEB2601CA2EE576~DTM*232*20200630~DTM*233*20200630~SVC*HC:99213*178.3*63.81**1~DTM*472*20200630~CAS*PR*3*2~CAS*CO*45*112.49~REF*6R*CP9ARAQFVACW~AMT*B6*65.81~LQ*HE*N381~LQ*HE*N381~CLP*000100036427*1*178.3*65.81**MC*2020197043900~NM1*QC*1*WALKER*CHANTEL*R***MR*P824583~NM1*82*1*CADDALI*ESTRELLA*A***XX*1164974580~REF*EA*BDAD35B4D5AB490894B154B444DADB30~DTM*232*20200618~DTM*233*20200618~SVC*HC:99213*178.3*65.81**1~DTM*472*20200618~CAS*CO*45*112.49~REF*6R*CP9QK7V3DRB0~AMT*B6*65.81~LQ*HE*N381~CLP*000100036768*1*178.3*65.81**MC*2020197044599~NM1*QC*1*WILLIAMS*ARRON*R***MR*O943376~NM1*82*1*SEARLES*DENISE*A***XX*1396971230~REF*EA*D9BFBFF31B9D46C1AFACB1543C812D21~DTM*232*20200625~DTM*233*20200625~SVC*HC:99213*178.3*65.81**1~DTM*472*20200625~CAS*CO*45*112.49~REF*6R*CP9QPEJMMWLD~AMT*B6*65.81~LQ*HE*N381~CLP*000100036451*1*178.3*65.81**MC*2020197044610~NM1*QC*1*WILLIAMS*ARRON*R***MR*O943376~NM1*82*1*SEARLES*DENISE*A***XX*1396971230~REF*EA*131917F4D1D448189961F78342D55378~DTM*232*20200618~DTM*233*20200618~SVC*HC:99213*178.3*65.81**1~DTM*472*20200618~CAS*CO*45*112.49~REF*6R*CP9Q96WR88ET~AMT*B6*65.81~LQ*HE*N381~CLP*000100036220*4*290.21*0**MC*2020197044004~NM1*QC*1*BOISVERT*ORIEN*K***MR*O244414~NM1*82*1*SANCHEZ*LEANN*V***XX*1508990961~REF*EA*AD19AA32577D404CABD5018B57D20514~DTM*232*20200615~DTM*233*20200615~SVC*HC:90834*290.21*0**0**1~DTM*472*20200615~CAS*PI*16*290.21~REF*6R*CP9QHAYOXAMU~LQ*HE*N56~LQ*HE*N381~CLP*000100036908*4*178.3*0**MC*2020199070681~NM1*QC*1*BRODEUR*MICHAEL****MR*O634397~NM1*82*1*SEARLES*DENISE*A***XX*1396971230~REF*EA*C2ACAD93BC77432D8C67005244260B19~DTM*232*20200630~DTM*233*20200630~SVC*HC:99213*178.3*0**0**1~DTM*472*20200630~CAS*PI*16*178.3~REF*6R*CP9AWBDEB8HB~LQ*HE*N381~CLP*000100035543*4*436.54*0**MC*2020199070622~NM1*QC*1*BROWN*SAMANTHA*L***MR*U792619~NM1*82*1*LEWIS*HOLLY*G***XX*1295234128~REF*EA*58998E0EDC2D41F7BB17B719A14A6737~DTM*232*20200601~DTM*233*20200601~SVC*HC:90837*436.54*0**0**1~DTM*472*20200601~CAS*PI*119*436.54~REF*6R*CP9AWXTU76ML~LQ*HE*N381~CLP*000100035884*4*436.54*0**MC*2020199070636~NM1*QC*1*BROWN*SAMANTHA*L***MR*U792619~NM1*82*1*LEWIS*HOLLY*G***XX*1295234128~REF*EA*50A09925D81842EAA376FDF3E2C5B51B~DTM*232*20200608~DTM*233*20200608~SVC*HC:90837*436.54*0**0**1~DTM*472*20200608~CAS*PI*119*436.54~REF*6R*CP9AK2YYQ1UT~LQ*HE*N381~CLP*000100036805*4*178.3*0**MC*2020199071036~NM1*QC*1*CHACON*ALISSA****MR*P951315~NM1*82*1*SEARLES*DENISE*A***XX*1396971230~REF*EA*8CE04791A9DA4D2E92C3968C0E6F94BF~DTM*232*20200626~DTM*233*20200626~SVC*HC:99213*178.3*0**0**1~DTM*472*20200626~CAS*PI*16*178.3~REF*6R*CP9AW5UUVAA7~LQ*HE*N56~LQ*HE*N381~CLP*000100031061*4*134*0**MC*2020199070696~NM1*QC*1*DIAZ*GEORGINA*L***MR*I770082~NM1*82*1*SEARLES*DENISE*A***XX*1396971230~REF*EA*07776C8732EE4C519A2930E322FBB49C~DTM*232*20200305~DTM*233*20200305~SVC*HC:99214*134*0**0**1~DTM*472*20200305~CAS*PI*96*134~REF*6R*CP9A1FX0JFM3~LQ*HE*N30~LQ*HE*MA92~CLP*000100030638*4*134*0**MC*2020199070700~NM1*QC*1*DIAZ*GEORGINA*L***MR*I770082~NM1*82*1*SEARLES*DENISE*A***XX*1396971230~REF*EA*62B8BBC7A28C4A009C35C62AAE605121~DTM*232*20200227~DTM*233*20200227~SVC*HC:99214*134*0**0**1~DTM*472*20200227~CAS*PI*96*134~REF*6R*CP9AYSA15BK9~LQ*HE*N293~LQ*HE*N30~LQ*HE*MA92~CLP*000100036688*4*178.3*0**MC*2020199070982~NM1*QC*1*JARAMILLO*RACHEL*A***MR*Y000126~NM1*82*1*SEARLES*DENISE*A***XX*1396971230~REF*EA*899622A4A00D416CA9A2A07C245E5737~DTM*232*20200624~DTM*233*20200624~SVC*HC:99213*178.3*0**0**1~DTM*472*20200624~CAS*PI*16*178.3~REF*6R*CP9A7LAPS3AV~LQ*HE*N56~LQ*HE*N381~CLP*000100036734*4*272.99*0**MC*2020199070653~NM1*QC*1*JONES*PAULA****MR*M040589~NM1*82*1*SEARLES*DENISE*A***XX*1396971230~REF*EA*D0328C64ADCE4C678C984C7A0A3FCAEF~DTM*232*20200625~DTM*233*20200625~SVC*HC:99214*272.99*0**0**1~DTM*472*20200625~CAS*PI*16*272.99~REF*6R*CP9APHFUFRXG~LQ*HE*N381~CLP*000100030946*4*8*0**MC*2020199070768~NM1*QC*1*MAES*JUDY*A***MR*H492803~NM1*82*1*HOOSHMAND-PARSI*KAYHOSROW****XX*1447291851~REF*EA*208EFBE02139496E809598DD57D4C94E~DTM*232*20200304~DTM*233*20200304~SVC*HC:96127*8*0**0**1~DTM*472*20200304~CAS*PI*96*8~REF*6R*CP9ASDK0DG01~LQ*HE*N30~LQ*HE*MA92~CLP*000100029841*4*8*0**MC*2020199071107~NM1*QC*1*PINEDA*REBECCA****MR*G931467~NM1*82*1*CADDALI*ESTRELLA*A***XX*1164974580~REF*EA*7A0AD558405244B393820BD84BBBF286~DTM*232*20200212~DTM*233*20200212~SVC*HC:96127*8*0**0**1~DTM*472*20200212~CAS*PI*16*8~REF*6R*CP9A8NJVZZJ2~LQ*HE*MA63~LQ*HE*MA92~LQ*HE*MA92~LQ*HE*N56~CLP*000100036952*4*266.84*0**MC*2020199070827~NM1*QC*1*TRIPLETT*CHAZ*P***MR*O768038~NM1*82*1*CADDALI*ESTRELLA*A***XX*1164974580~REF*EA*FD22FBE476FE4B4EA238CCE38443CC61~DTM*232*20200630~DTM*233*20200630~SVC*HC:99203*266.84*0**0**1~DTM*472*20200630~CAS*PI*16*266.84~REF*6R*CP9A9BNXXP3A~LQ*HE*N56~LQ*HE*N381~CLP*000100036964*4*178.3*0**MC*2020199071284~NM1*QC*1*TURNER*SAMUEL****MR*V731137~NM1*82*1*SEARLES*DENISE*A***XX*1396971230~REF*EA*AA64231AFC884EB5875D64FC121938DB~DTM*232*20200630~DTM*233*20200630~SVC*HC:99213*178.3*0**0**1~DTM*472*20200630~CAS*PI*16*178.3~REF*6R*CP9ASPK8C9EI~LQ*HE*N56~LQ*HE*N381~CLP*000100036944*4*178.3*0**MC*2020199070991~NM1*QC*1*VALDEZ*MICHAEL****MR*S188705~NM1*82*1*SEARLES*DENISE*A***XX*1396971230~REF*EA*06DE2EDFBB2743C88FBEFB427D323C23~DTM*232*20200630~DTM*233*20200630~SVC*HC:99213*178.3*0**0**1~DTM*472*20200630~CAS*PI*16*178.3~REF*6R*CP9A22I1QQRL~LQ*HE*N381~CLP*000100036318*4*437.77*0**MC*2020197044026~NM1*QC*1*VIGIL*JULIE*M***MR*D989489~NM1*82*1*SANCHEZ*LEANN*V***XX*1508990961~REF*EA*B758042D84D040BCB1E662742863C2CE~DTM*232*20200617~DTM*233*20200617~SVC*HC:90791*437.77*0**0**1~DTM*472*20200617~CAS*PI*16*437.77~REF*6R*CP9Q8MB6P4S9~LQ*HE*N381~CLP*000100028215*4*40*0**MC*2020199070691~NM1*QC*1*WATSON*TERI*A***MR*F048052~NM1*82*1*HOOSHMAND-PARSI*KAYHOSROW****XX*1447291851~REF*EA*E4E90DF3207642249488242C78280D3C~DTM*232*20200115~DTM*233*20200115~SVC*HC:G0396*40*0**0**1~DTM*472*20200115~CAS*CO*56*40~REF*6R*CP9ALOB36EXG~LQ*HE*N130~LQ*HE*N130~CLP*000100036996*4*272.99*0**MC*2020197044753~NM1*QC*1*WYATT*NADINE*D***MR*O816818~NM1*82*1*CADDALI*ESTRELLA*A***XX*1164974580~REF*EA*1EF5F64B59394B9A84897BD8CE838D30~DTM*232*20200701~DTM*233*20200701~SVC*HC:99214*272.99*0**0**1~DTM*472*20200701~CAS*PI*16*272.99~REF*6R*CP9QY6W84JRB~LQ*HE*N45~LQ*HE*N56~LQ*HE*N381~CLP*000100030080*22*-134*-95.11**MC*2020073041105~NM1*QC*1*CORDOVA*WILLIAM*D***MR*G439008~NM1*82*1*GRONEMEYER*LEANNE*R***XX*1659521045~REF*EA*C44C64BBA5504347B068C3E963178ADC~DTM*232*20200218~DTM*233*20200218~SVC*HC:99214*-134*-95.11**1~DTM*472*20200218~CAS*PR*3*-2~CAS*CO*45*-36.89~REF*6R*CP56LKZ2AAXH~AMT*B6*97.11~LQ*HE*N77~LQ*HE*N381~LQ*HE*N381~CLP*000100030080*4*134*0**MC*5920199010624~NM1*QC*1*CORDOVA*WILLIAM*D***MR*G439008~NM1*82*1*GRONEMEYER*LEANNE*R***XX*1659521045~REF*EA*C44C64BBA5504347B068C3E963178ADC~DTM*232*20200218~DTM*233*20200218~SVC*HC:99214*134*0**1~DTM*472*20200218~CAS*CO*129*134~REF*6R*CP56LKZ2AAXH~LQ*HE*N59~CLP*000100031613*22*-134*-95.11**MC*2020092058262~NM1*QC*1*CORDOVA*WILLIAM*D***MR*G439008~NM1*82*1*GRONEMEYER*LEANNE*R***XX*1659521045~REF*EA*2BC862391AE64B499AF091276A3090BE~DTM*232*20200317~DTM*233*20200317~SVC*HC:99214*-134*-95.11**1~DTM*472*20200317~CAS*PR*3*-2~CAS*CO*45*-36.89~REF*6R*CPEMLOMTIV2I~AMT*B6*97.11~LQ*HE*N77~LQ*HE*N381~LQ*HE*N381~CLP*000100031613*4*134*0**MC*5920199010635~NM1*QC*1*CORDOVA*WILLIAM*D***MR*G439008~NM1*82*1*GRONEMEYER*LEANNE*R***XX*1659521045~REF*EA*2BC862391AE64B499AF091276A3090BE~DTM*232*20200317~DTM*233*20200317~SVC*HC:99214*134*0**1~DTM*472*20200317~CAS*CO*129*134~REF*6R*CPEMLOMTIV2I~LQ*HE*N59~CLP*000100025438*22*-333*-180.03**MC*5820106015301~NM1*QC*1*MACE*BRANDY*G***MR*O919510~NM1*82*1*CADDALI*ESTRELLA*A***XX*1164974580~REF*EA*E85E23C2FAB746448754E5DB6B5981DB~DTM*232*20191119~DTM*233*20191119~SVC*HC:99396:25*-175*-114.94**1~DTM*472*20191119~CAS*CO*45*-60.06~REF*6R*CPEDUMU42AA6~AMT*B6*114.94~LQ*HE*N377~LQ*HE*N381~SVC*HC:90471*-70*0**0**2~DTM*472*20191119~CAS*PI*119*-70~REF*6R*CPEDPN9Z836D~LQ*HE*N377~LQ*HE*N362~LQ*HE*N381~SVC*HC:90715*-53*-43.35**1~DTM*472*20191119~CAS*CO*45*-9.65~REF*6R*CPEDTH7S55AK~AMT*B6*43.35~LQ*HE*N377~LQ*HE*N381~SVC*HC:90674*-35*-21.74**1~DTM*472*20191119~CAS*CO*45*-13.26~REF*6R*CPEDYKGEKYEO~AMT*B6*21.74~LQ*HE*N377~LQ*HE*N381~CLP*000100025438*1*339*210.79**MC*5920198010787~NM1*QC*1*MACE*BRANDY****MR*O919510~DTM*232*20191119~DTM*233*20191119~SVC*HC:99396:25*175*114.94**1~DTM*472*20191119~CAS*CO*45*60.06~REF*HPI*1164974580~AMT*B6*114.94~LQ*HE*N381~SVC*HC:90471*35*19.46**1~DTM*472*20191119~CAS*CO*45*15.54~REF*HPI*1164974580~AMT*B6*19.46~LQ*HE*N381~SVC*HC:90715*53*43.35**1~DTM*472*20191119~CAS*CO*45*9.65~REF*HPI*1164974580~AMT*B6*43.35~LQ*HE*N381~SVC*HC:90674*35*21.74**1~DTM*472*20191119~CAS*CO*45*13.26~REF*HPI*1164974580~AMT*B6*21.74~LQ*HE*N381~SVC*HC:90472*41*11.3**1~DTM*472*20191119~CAS*CO*45*29.7~REF*HPI*1164974580~AMT*B6*11.3~LQ*HE*N381~CLP*000100022605*22*-289.66*-186.71**MC*5820106039161~NM1*QC*1*MOORE*MELISSA****MR*O302777~NM1*82*1*HOOSHMAND-PARSI*KAYHOSROW****XX*1447291851~REF*EA*A13C367F830447D48E956831C27C3DBB~DTM*232*20190920~DTM*233*20190920~SVC*HC:99204*-205*-149.59**1~DTM*472*20190920~CAS*CO*45*-55.41~REF*6R*CP2DKN8B1FB3~AMT*B6*149.59~LQ*HE*N377~LQ*HE*N381~SVC*HC:H0049*-36*0**0**1~DTM*472*20190920~CAS*PI*97*-36~REF*6R*CP2DJ6GN806V~LQ*HE*N377~LQ*HE*N20~LQ*HE*N381~SVC*HC:G8431*-40*-30.52**1~DTM*472*20190920~CAS*CO*45*-9.48~REF*6R*CP2D9XSHVO9O~AMT*B6*30.52~LQ*HE*N377~LQ*HE*N381~SVC*HC:86580*-8.66*-6.6**1~DTM*472*20190920~CAS*CO*45*-2.06~REF*6R*CP2D2N01LP7K~AMT*B6*6.6~LQ*HE*N377~LQ*HE*N381~CLP*000100022605*1*289.66*197.7**MC*5920198011145~NM1*QC*1*MOORE*MELISSA****MR*O302777~DTM*232*20190920~DTM*233*20190920~SVC*HC:99204:25*205*149.59**1~DTM*472*20190920~CAS*CO*45*55.41~REF*HPI*1396971230~AMT*B6*149.59~LQ*HE*N381~SVC*HC:H0049*36*10.92**1~DTM*472*20190920~CAS*CO*45*25.08~REF*HPI*1396971230~AMT*B6*10.92~LQ*HE*N381~SVC*HC:G8431*40*30.52**1~DTM*472*20190920~CAS*CO*45*9.48~REF*HPI*1396971230~AMT*B6*30.52~LQ*HE*N381~SVC*HC:86580*8.66*6.67**1~DTM*472*20190920~CAS*CO*45*1.99~REF*HPI*1396971230~AMT*B6*6.67~LQ*HE*N381~PLB*1508250911*20201231*CS:0000376541377*-180.03*CS:0000376541377*180.03*CS:0000376541624*-186.71*CS:0000376541624*186.71*CS:0000376542416*-95.11*CS:0000376542416*95.11~PLB*1508250911*20201231*CS:0000376542423*-95.11*CS:0000376542423*95.11~SE*2271*000010011~GE*1*200000591~IEA*1*200000591~