ISA*00*          *00*          *ZZ*COMEDASSISTPROG*ZZ*6769489        *200907*0231*^*00501*100013425*0*P*:~GS*HP*COMEDASSISTPROG*6769489*20200907*023115*100013425*X*005010X221A1~ST*835*000010013~BPR*I*2469.98*C*ACH*CCP*01*075911603*DA*00000004556640373*1811725341**01*102106569*DA*2200002989138*20200907~TRN*1*001077810*1811725341~REF*EV*1508250911~DTM*405*20200904~N1*PR*CO_TXIX*XV*7912900843~N3*P.O. BOX 30~N4*DENVER*CO*80201~PER*CX*MEDICAID PROVIDER SERVICES*TE*8442352387~PER*BL*MEDICAID PROVIDER SERVICES*TE*8442352387~N1*PE*HEALTH SOLUTIONS MED CENTER*XX*1508250911~REF*TJ*841158933~LX*1~CLP*000100037339*2*2082.29*261.19**MC*2020242001284~NM1*QC*1*BARNELL*SHANNA*V***MR*R948166~NM1*82*1*SEARLES*DENISE*A***XX*1396971230~REF*EA*C6C23F78FA3044079E06B92EA3B50DCD~DTM*232*20200709~DTM*233*20200709~SVC*HC:99213:25*178.3*12.69**1~DTM*472*20200709~CAS*CO*45*165.61~REF*6R*CPJ6XDN7L137~AMT*B6*12.69~LQ*HE*N45~LQ*HE*N381~LQ*HE*N381~SVC*HC:96372*83.99*2.49**1~DTM*472*20200709~CAS*CO*45*81.5~REF*6R*CPJ64DCLKO7W~AMT*B6*2.49~LQ*HE*N381~LQ*HE*N381~SVC*HC:J2315*1805*246.01**380~DTM*472*20200709~CAS*CO*45*1558.99~REF*6R*CPJ6K6PBAT1L~AMT*B6*246.01~LQ*HE*N381~LQ*HE*N381~SVC*HC:81025*15*0**1~DTM*472*20200709~CAS*CO*45*15~REF*6R*CPJ6WVB4QSOQ~LQ*HE*N381~CLP*23222*2*161.15*3.5**MC*2220245002688~NM1*QC*1*GUNN*MELITA*G***MR*O588174~DTM*232*20191003~DTM*233*20191003~SVC*HC:99214:25*134*0**1~DTM*472*20191003~CAS*CO*45*134~REF*HPI*1447291851~LQ*HE*N381~SVC*HC:93000*23.15*3.5**1~DTM*472*20191003~CAS*CO*45*19.65~REF*HPI*1447291851~AMT*B6*3.5~LQ*HE*N381~LQ*HE*N381~SVC*HC:81002*4*0**1~DTM*472*20191003~CAS*CO*45*4~REF*HPI*1447291851~LQ*HE*N381~CLP*000100038007*2*587.88*20.53**MC*2020242001303~NM1*QC*1*JOHNSON*ANN*K***MR*D460564~NM1*82*1*HOOSHMAND-PARSI*KAYHOSROW****XX*1447291851~REF*EA*758D4C47881844D8B22438F370581433~DTM*232*20200723~DTM*233*20200723~SVC*HC:99204:25*450.07*13.13**1~DTM*472*20200723~CAS*CO*45*436.94~REF*6R*CPJ6S4BUDG7Z~AMT*B6*13.13~LQ*HE*N45~LQ*HE*N381~LQ*HE*N381~SVC*HC:G0444*30.75*0**1~DTM*472*20200723~CAS*CO*45*30.75~REF*6R*CPJ6ARZPWVND~SVC*HC:G0396*107.06*7.4**1~DTM*472*20200723~CAS*OA*P22*99.66~REF*6R*CPJ69TZJ56NX~AMT*B6*7.4~LQ*HE*MA125~LQ*HE*MA125~CLP*22405*2*134*0**MC*2220245003294~NM1*QC*1*LACY*CHRISTINE*M***MR*O291451~DTM*232*20190917~DTM*233*20190917~SVC*HC:99214*134*0**1~DTM*472*20190917~CAS*CO*45*36.89~CAS*OA*23*97.11~REF*HPI*1659521045~LQ*HE*N381~LQ*HE*N381~CLP*23985*2*191*0**MC*2220245003407~NM1*QC*1*LACY*CHRISTINE*M***MR*O291451~DTM*232*20191021~DTM*233*20191021~SVC*HC:99214:25*134*0**1~DTM*472*20191021~CAS*CO*45*36.89~CAS*OA*23*97.11~REF*HPI*1659521045~LQ*HE*N381~LQ*HE*N381~SVC*HC:G0008*32*0**1~DTM*472*20191021~CAS*OA*P22*32~REF*HPI*1659521045~LQ*HE*MA125~SVC*HC:Q2039*25*0**1~DTM*472*20191021~CAS*OA*P22*25~REF*HPI*1659521045~LQ*HE*MA125~CLP*30946*2*142*32.38**MC*2220245003534~NM1*QC*1*MAES*JUDITH*A***MR*H492803~DTM*232*20200304~DTM*233*20200304~SVC*HC:99213:25*90*0**1~DTM*472*20200304~CAS*CO*45*90~REF*HPI*1447291851~LQ*HE*N381~SVC*HC:96127*8*.1**1~DTM*472*20200304~CAS*CO*45*7.9~REF*HPI*1447291851~AMT*B6*.1~LQ*HE*N381~LQ*HE*N381~SVC*HC:99408*44*32.28**1~DTM*472*20200304~CAS*CO*45*11.72~REF*HPI*1447291851~AMT*B6*32.28~LQ*HE*N381~CLP*000100038440*2*404.65*156.29**MC*2020246009429~NM1*QC*1*MARQUEZ*ERNEST*A***MR*H996555~NM1*82*1*CADDALI*ESTRELLA*A***XX*1164974580~REF*EA*573E8C4EB993459AA94CE43DCB8C3A63~DTM*232*20200731~DTM*233*20200731~SVC*HC:99203:25*266.84*94.07**1~DTM*472*20200731~CAS*CO*45*172.77~REF*6R*CPKUMLXZ2IZ8~AMT*B6*94.07~LQ*HE*N45~LQ*HE*N381~LQ*HE*N381~SVC*HC:G0444*30.75*30.75**1~DTM*472*20200731~REF*6R*CPKU5J3WKSGE~AMT*B6*30.75~SVC*HC:G0396*107.06*31.47**1~DTM*472*20200731~CAS*OA*P22*75.59~REF*6R*CPKU4IGIZ4ZV~AMT*B6*31.47~LQ*HE*MA125~CLP*32830*2*178.3*8.93**MC*2220245004509~NM1*QC*1*NIOUS*LATEEFAH*S***MR*J459949~DTM*232*20200407~DTM*233*20200407~SVC*HC:99213*178.3*8.93**1~DTM*472*20200407~CAS*CO*45*169.37~REF*HPI*1659521045~AMT*B6*8.93~LQ*HE*N381~LQ*HE*N381~CLP*33520*2*178.3*13.11**MC*2220245004583~NM1*QC*1*NIOUS*LATEEFAH*S***MR*J459949~DTM*232*20200421~DTM*233*20200421~SVC*HC:99213*178.3*13.11**1~DTM*472*20200421~CAS*CO*45*165.19~REF*HPI*1659521045~AMT*B6*13.11~LQ*HE*N381~LQ*HE*N381~CLP*34422*2*272.99*19**MC*2220245004646~NM1*QC*1*NIOUS*LATEEFAH*S***MR*J459949~DTM*232*20200507~DTM*233*20200507~SVC*HC:99214*272.99*19**1~DTM*472*20200507~CAS*CO*45*253.99~REF*HPI*1659521045~AMT*B6*19~LQ*HE*N381~LQ*HE*N381~CLP*35042*2*178.3*13.11**MC*2220245004709~NM1*QC*1*NIOUS*LATEEFAH*S***MR*J459949~DTM*232*20200520~DTM*233*20200520~SVC*HC:99213*178.3*13.11**1~DTM*472*20200520~CAS*CO*45*165.19~REF*HPI*1659521045~AMT*B6*13.11~LQ*HE*N381~LQ*HE*N381~CLP*29841*2*257*32.38**MC*2220245006905~NM1*QC*1*PINEDA*REBECCA****MR*G931467~DTM*232*20200212~DTM*233*20200212~SVC*HC:99204:25*205*0**1~DTM*472*20200212~CAS*CO*45*205~REF*HPI*1164974580~LQ*HE*N381~SVC*HC:96127*8*.1**1~DTM*472*20200212~CAS*CO*45*7.9~REF*HPI*1164974580~AMT*B6*.1~LQ*HE*N381~LQ*HE*N381~SVC*HC:99408*44*32.28**1~DTM*472*20200212~CAS*CO*45*11.72~REF*HPI*1164974580~AMT*B6*32.28~LQ*HE*N381~CLP*000100038000*2*193.3*3.44**MC*2020242001310~NM1*QC*1*POLZIN*VICTORIA*D***MR*L287355~NM1*82*1*HOOSHMAND-PARSI*KAYHOSROW****XX*1447291851~REF*EA*BA575FEC7A164E708F22CCC63BE15892~DTM*232*20200723~DTM*233*20200723~SVC*HC:99213:25*178.3*3.44**1~DTM*472*20200723~CAS*CO*45*174.86~REF*6R*CPJ66X4UHO3C~AMT*B6*3.44~LQ*HE*N45~LQ*HE*N381~LQ*HE*N381~SVC*HC:81025*15*0**1~DTM*472*20200723~CAS*CO*45*15~REF*6R*CPJ6MGN6EOTC~LQ*HE*N381~CLP*000100037541*2*178.3*3.44**MC*2020242001314~NM1*QC*1*POLZIN*VICTORIA*D***MR*L287355~NM1*82*1*HOOSHMAND-PARSI*KAYHOSROW****XX*1447291851~REF*EA*4B46B7D8D4F64329B57523AAB3B612FF~DTM*232*20200714~DTM*233*20200714~SVC*HC:99213*178.3*3.44**1~DTM*472*20200714~CAS*CO*45*174.86~REF*6R*CPJ6Q4TK6XQL~AMT*B6*3.44~LQ*HE*N45~LQ*HE*N381~LQ*HE*N381~CLP*000100038012*2*410.8*25.29**MC*2020242001264~NM1*QC*1*SOUSIE*KATHLEEN*A***MR*G599543~NM1*82*1*GRONEMEYER*LEANNE*R***XX*1659521045~REF*EA*2063B22BDE184D949BA31A9ACB004C71~DTM*232*20200723~DTM*233*20200723~SVC*HC:99214:25*272.99*19**1~DTM*472*20200723~CAS*CO*45*253.99~REF*6R*CPJ6S2FW268F~AMT*B6*19~LQ*HE*N45~LQ*HE*N381~LQ*HE*N381~SVC*HC:G0444*30.75*0**1~DTM*472*20200723~CAS*CO*45*30.75~REF*6R*CPJ68PYDVUIW~SVC*HC:G0396*107.06*6.29**1~DTM*472*20200723~CAS*OA*P22*100.77~REF*6R*CPJ635PGZ6PU~AMT*B6*6.29~LQ*HE*MA125~CLP*000100038006*2*511.37*6.29**MC*2020242001307~NM1*QC*1*VIGIL*ANDREA****MR*F904809~NM1*82*1*GRONEMEYER*LEANNE*R***XX*1659521045~REF*EA*E120CEE36A55478CBD9FE1C9E5419644~DTM*232*20200723~DTM*233*20200723~SVC*HC:G0439*373.56*0**1~DTM*472*20200723~CAS*OA*P22*373.56~REF*6R*CPJ60KEI26CI~LQ*HE*MA125~SVC*HC:G0444*30.75*0**1~DTM*472*20200723~CAS*CO*45*30.75~REF*6R*CPJ67Z5V39E0~SVC*HC:G0396*107.06*6.29**1~DTM*472*20200723~CAS*OA*P22*100.77~REF*6R*CPJ67918SH5B~AMT*B6*6.29~LQ*HE*MA125~CLP*000100037963*2*178.3*12.69**MC*2020242001297~NM1*QC*1*VIGIL*AUGUSTINE****MR*Y811310~NM1*82*1*GRONEMEYER*LEANNE*R***XX*1659521045~REF*EA*F9B1A8EE639C4302B25A792631566CA8~DTM*232*20200722~DTM*233*20200722~SVC*HC:99213*178.3*12.69**1~DTM*472*20200722~CAS*CO*45*165.61~REF*6R*CPJ6FPJSFCK6~AMT*B6*12.69~LQ*HE*N45~LQ*HE*N381~LQ*HE*N381~CLP*000100039462*1*178.3*65.15**MC*2020247083491~NM1*QC*1*ARMSTRONG*JONATHON*H***MR*N774392~NM1*82*1*CADDALI*ESTRELLA*A***XX*1164974580~REF*EA*D80A0E81F17F49C78172620D43D2F3DD~DTM*232*20200820~DTM*233*20200820~SVC*HC:99213:25*178.3*65.15**1~DTM*472*20200820~CAS*CO*45*113.15~REF*6R*CPS6MZ8UV4IT~AMT*B6*65.15~LQ*HE*N45~LQ*HE*N381~CLP*000100032249*1*15*8.42**MC*2020247083468~NM1*QC*1*ARPAN*JERIQAH****MR*G223525~NM1*82*1*GRONEMEYER*LEANNE*R***XX*1659521045~REF*EA*84678F45CDFC46DE8EDBB65B0EC7A565~DTM*232*20200326~DTM*233*20200326~SVC*HC:81025:FP*15*8.42**1~DTM*472*20200326~CAS*CO*45*6.58~REF*6R*CPS6BHYI0015~AMT*B6*8.42~LQ*HE*N381~CLP*000100038397*1*178.3*80.73**MC*2020247083416~NM1*QC*1*BOULIER*JEWEL*R***MR*W913486~NM1*82*1*CADDALI*ESTRELLA*A***XX*1164974580~REF*EA*E90850604077497DB4D288CCD940BFA0~DTM*232*20200730~DTM*233*20200730~SVC*HC:99213:FP*178.3*80.73**1~DTM*472*20200730~CAS*CO*45*97.57~REF*6R*CPS6U4JEBFPT~AMT*B6*80.73~LQ*HE*N45~LQ*HE*N381~CLP*000100029392*1*5*1**MC*2020247083440~NM1*QC*1*CHILO*DONALD****MR*O822591~NM1*82*1*CADDALI*ESTRELLA*A***XX*1164974580~REF*EA*86897824ACBC4337A9944B5E70EE233E~DTM*232*20200204~DTM*233*20200204~SVC*HC:J1885*5*1**2~DTM*472*20200204~CAS*CO*45*4~REF*6R*CPS6SLD43SX3~AMT*B6*1~LQ*HE*N381~CLP*000100039490*1*563.74*286.36**MC*2020247083453~NM1*QC*1*CORDOVA*ROBYN*P***MR*J022143~NM1*82*1*CADDALI*ESTRELLA*A***XX*1164974580~REF*EA*CC8D60A32BCD424A844A18883F2DAF94~DTM*232*20200820~DTM*233*20200820~SVC*HC:99396:25*312.06*113.79**1~DTM*472*20200820~CAS*CO*45*198.27~REF*6R*CPS69P5LAPAJ~AMT*B6*113.79~LQ*HE*N45~LQ*HE*N381~SVC*HC:90471*53.53*19.27**1~DTM*472*20200820~CAS*CO*45*34.26~REF*6R*CPS6PV3I4RZ3~AMT*B6*19.27~LQ*HE*N45~LQ*HE*N381~SVC*HC:90715*53*42.92**1~DTM*472*20200820~CAS*CO*45*10.08~REF*6R*CPS6PWXUSCM1~AMT*B6*42.92~LQ*HE*N381~SVC*HC:90472*41*11.19**1~DTM*472*20200820~CAS*CO*45*29.81~REF*6R*CPS6QTTZEUQQ~AMT*B6*11.19~LQ*HE*N45~LQ*HE*N381~SVC*HC:90732*104.15*99.19**1~DTM*472*20200820~CAS*CO*45*4.96~REF*6R*CPS6D5GDRJMT~AMT*B6*99.19~LQ*HE*N381~CLP*000100032436*1*15*7.42*1*MC*2020247083400~NM1*QC*1*CRAMER*CHELSEA*C***MR*G314138~NM1*82*1*HOOSHMAND-PARSI*KAYHOSROW****XX*1447291851~REF*EA*3CF2EB551BE049ABA0728BD0EF41B0C9~DTM*232*20200330~DTM*233*20200330~SVC*HC:81025*15*7.42**1~DTM*472*20200330~CAS*PR*3*1~CAS*CO*45*6.58~REF*6R*CPS6W0JILTLG~AMT*B6*8.42~LQ*HE*N59~LQ*HE*N381~LQ*HE*N381~CLP*000100039522*1*217.66*54.8**MC*2020247083372~NM1*QC*1*DORRIS*DREW*R***MR*P467667~NM1*82*1*LEWIS*HOLLY*G***XX*1295234128~REF*EA*CE62E76722B540378D3F0E859BB0B4AB~DTM*232*20200821~DTM*233*20200821~SVC*HC:90832*217.66*54.8**1~DTM*472*20200821~CAS*CO*45*162.86~REF*6R*CPS6M37OFJG0~AMT*B6*54.8~LQ*HE*N381~CLP*000100039515*1*272.99*96.14**MC*2020247083523~NM1*QC*1*DORRIS*DREW*R***MR*P467667~NM1*82*1*CADDALI*ESTRELLA*A***XX*1164974580~REF*EA*E808E43F08004E05A80866A2D2B03256~DTM*232*20200821~DTM*233*20200821~SVC*HC:99214*272.99*96.14**1~DTM*472*20200821~CAS*CO*45*176.85~REF*6R*CPS65IMPVC4L~AMT*B6*96.14~LQ*HE*N45~LQ*HE*N381~CLP*000100039633*1*178.3*65.15**MC*2020247083392~NM1*QC*1*FIORINI*CHRISTENA*E***MR*Y109693~NM1*82*1*CADDALI*ESTRELLA*A***XX*1164974580~REF*EA*E9A8D771ECEA42E4AAB6C3A414D965E4~DTM*232*20200825~DTM*233*20200825~SVC*HC:99213*178.3*65.15**1~DTM*472*20200825~CAS*CO*45*113.15~REF*6R*CPS6WZ73ZWQ7~AMT*B6*65.15~LQ*HE*N45~LQ*HE*N381~CLP*000100039497*1*362.99*117.84**MC*2020247083512~NM1*QC*1*GOW*LAYLA*A***MR*O314223~NM1*82*1*GRONEMEYER*LEANNE*R***XX*1659521045~REF*EA*F2F2FFD36B544812978EA33864FCA10F~DTM*232*20200820~DTM*233*20200820~SVC*HC:99214:25*272.99*96.14**1~DTM*472*20200820~CAS*CO*45*176.85~REF*6R*CPS66YPGRWP3~AMT*B6*96.14~LQ*HE*N45~LQ*HE*N381~SVC*HC:H0049*50*10.81**1~DTM*472*20200820~CAS*CO*45*39.19~REF*6R*CPS6QLUIUY85~AMT*B6*10.81~LQ*HE*N381~SVC*HC:G8510*40*10.89**1~DTM*472*20200820~CAS*CO*45*29.11~REF*6R*CPS6X4YKDZHW~AMT*B6*10.89~LQ*HE*N45~LQ*HE*N381~CLP*000100033287*1*15*8.42**MC*2020247083518~NM1*QC*1*GOW*LAYLA*A***MR*O314223~NM1*82*1*GRONEMEYER*LEANNE*R***XX*1659521045~REF*EA*0C0808B948724DC6AD8C0BD9466528D1~DTM*232*20200415~DTM*233*20200415~SVC*HC:81025*15*8.42**1~DTM*472*20200415~CAS*CO*45*6.58~REF*6R*CPS6UY272ENR~AMT*B6*8.42~LQ*HE*N59~LQ*HE*N381~CLP*000100032528*1*15*7.42*1*MC*2020247083503~NM1*QC*1*GUERRERO*SONYA*M***MR*S127505~NM1*82*1*HOOSHMAND-PARSI*KAYHOSROW****XX*1447291851~REF*EA*B86163FBEF2E4F3A8C00E4C86DE506B7~DTM*232*20200331~DTM*233*20200331~SVC*HC:81025*15*7.42**1~DTM*472*20200331~CAS*PR*3*1~CAS*CO*45*6.58~REF*6R*CPS6R0G0WF4A~AMT*B6*8.42~LQ*HE*N59~LQ*HE*N381~LQ*HE*N381~CLP*000100039524*1*178.3*65.15**MC*2020247083461~NM1*QC*1*KEENEY*AMBER*D***MR*G217802~NM1*82*1*CADDALI*ESTRELLA*A***XX*1164974580~REF*EA*23FEBB0968BA45F2AECB08E70CFC3A83~DTM*232*20200821~DTM*233*20200821~SVC*HC:99213*178.3*65.15**1~DTM*472*20200821~CAS*CO*45*113.15~REF*6R*CPS6XMRP6STM~AMT*B6*65.15~LQ*HE*N45~LQ*HE*N381~CLP*000100039537*1*178.3*65.15**MC*2020247083471~NM1*QC*1*LARK*WILLIAM*R***MR*K533858~NM1*82*1*CADDALI*ESTRELLA*A***XX*1164974580~REF*EA*2D46D45CC84648A9A48CFB56D9047CF0~DTM*232*20200821~DTM*233*20200821~SVC*HC:99213*178.3*65.15**1~DTM*472*20200821~CAS*CO*45*113.15~REF*6R*CPS6RNCJQ7O3~AMT*B6*65.15~LQ*HE*N45~LQ*HE*N381~CLP*000100038374*1*362.06*113.79**MC*2020247083379~NM1*QC*1*MEDINA*JEANNINE****MR*H870875~NM1*82*1*TSAMBIKOS*RICHARD****XX*1467985713~REF*EA*ABC8D907E2AB46FAA6CD5EC3666CED89~DTM*232*20200730~DTM*233*20200730~SVC*HC:99396*312.06*113.79**1~DTM*472*20200730~CAS*CO*45*198.27~REF*6R*CPS6WJ1QEDKC~AMT*B6*113.79~LQ*HE*N45~LQ*HE*N381~SVC*HC:88142*50*0**0**1~DTM*472*20200730~CAS*PI*4*50~REF*6R*CPS6CWVR5J8R~LQ*HE*N519~LQ*HE*N519~CLP*000100033233*1*54.67*21.5**MC*2020247083429~NM1*QC*1*MOORE*MELISSA****MR*O302777~NM1*82*1*CADDALI*ESTRELLA*A***XX*1164974580~REF*EA*235CE772B999447DA8392AF663B0BBE9~DTM*232*20200415~DTM*233*20200415~SVC*HC:93000*54.67*21.5**1~DTM*472*20200415~CAS*CO*45*33.17~REF*6R*CPS6BJJEA37J~AMT*B6*21.5~LQ*HE*N381~CLP*000100032719*1*15*8.42**MC*2020247083437~NM1*QC*1*MOORE*MELISSA****MR*O302777~NM1*82*1*CADDALI*ESTRELLA*A***XX*1164974580~REF*EA*1928453FC29E4D6A95C1ED0055D8AC7E~DTM*232*20200403~DTM*233*20200403~SVC*HC:81025*15*8.42**1~DTM*472*20200403~CAS*CO*45*6.58~REF*6R*CPS67BHN4YQV~AMT*B6*8.42~LQ*HE*N381~CLP*000100039501*1*178.3*63.15*2*MC*2020247083474~NM1*QC*1*NELSON*WILLIAM*L***MR*C654639~NM1*82*1*GRONEMEYER*LEANNE*R***XX*1659521045~REF*EA*B004F9A8DB8B40AC9928D4C016AF5F99~DTM*232*20200820~DTM*233*20200820~SVC*HC:99213*178.3*63.15**1~DTM*472*20200820~CAS*PR*3*2~CAS*CO*45*113.15~REF*6R*CPS6KQ1XRZXP~AMT*B6*65.15~LQ*HE*N45~LQ*HE*N381~LQ*HE*N381~CLP*000100039488*1*406.06*138.86**MC*2020247083508~NM1*QC*1*PHILLIPS*LENORA****MR*A067537~NM1*82*1*GRONEMEYER*LEANNE*R***XX*1659521045~REF*EA*098915A6EB90499F9151FE85637C69C1~DTM*232*20200820~DTM*233*20200820~SVC*HC:99396:25*312.06*113.79**1~DTM*472*20200820~CAS*CO*45*198.27~REF*6R*CPS6I8PWKC8X~AMT*B6*113.79~LQ*HE*N45~LQ*HE*N381~SVC*HC:H0049*50*10.81**1~DTM*472*20200820~CAS*CO*45*39.19~REF*6R*CPS61VH5FIRZ~AMT*B6*10.81~LQ*HE*N381~SVC*HC:G8510*40*10.89**1~DTM*472*20200820~CAS*CO*45*29.11~REF*6R*CPS67L1T09XS~AMT*B6*10.89~LQ*HE*N45~LQ*HE*N381~SVC*HC:81002*4*3.37**1~DTM*472*20200820~CAS*CO*45*.63~REF*6R*CPS6D3W622PV~AMT*B6*3.37~LQ*HE*N381~CLP*000100039547*1*217.66*54.8**MC*2020247083336~NM1*QC*1*RICHARDSON*REBECCA****MR*E158290~NM1*82*1*LEWIS*HOLLY*G***XX*1295234128~REF*EA*C353D586E3CF4FF481715D5D10561EF4~DTM*232*20200821~DTM*233*20200821~SVC*HC:90832*217.66*54.8**1~DTM*472*20200821~CAS*CO*45*162.86~REF*6R*CPS6RSCLWF2W~AMT*B6*54.8~LQ*HE*N381~CLP*000100039546*1*178.3*63.15*2*MC*2020247083397~NM1*QC*1*RICHARDSON*REBECCA****MR*E158290~NM1*82*1*CADDALI*ESTRELLA*A***XX*1164974580~REF*EA*133C8E15A0FA4003B34093C6AC7DF057~DTM*232*20200821~DTM*233*20200821~SVC*HC:99213*178.3*63.15**1~DTM*472*20200821~CAS*PR*3*2~CAS*CO*45*113.15~REF*6R*CPS65MILQX6Z~AMT*B6*65.15~LQ*HE*N45~LQ*HE*N381~LQ*HE*N381~CLP*000100039530*1*178.3*65.15**MC*2020247083494~NM1*QC*1*SAIS*PHILIP*R***MR*T398012~NM1*82*1*CADDALI*ESTRELLA*A***XX*1164974580~REF*EA*D35B443D8D454C7A8867B1DCA45A1E74~DTM*232*20200821~DTM*233*20200821~SVC*HC:99213*178.3*65.15**1~DTM*472*20200821~CAS*CO*45*113.15~REF*6R*CPS6V5OEJW66~AMT*B6*65.15~LQ*HE*N45~LQ*HE*N381~CLP*000100039591*1*217.66*54.8**MC*2020247083354~NM1*QC*1*SINTAS*GILBERT****MR*H114357~NM1*82*1*LEWIS*HOLLY*G***XX*1295234128~REF*EA*07CAD146717E41E09D1F86CA45E978A4~DTM*232*20200824~DTM*233*20200824~SVC*HC:90832*217.66*54.8**1~DTM*472*20200824~CAS*CO*45*162.86~REF*6R*CPS6YPLG5BX6~AMT*B6*54.8~LQ*HE*N381~CLP*000100039457*1*272.99*96.14**MC*2020247083411~NM1*QC*1*SUSANJ*PAMILA****MR*G602621~NM1*82*1*GRONEMEYER*LEANNE*R***XX*1659521045~REF*EA*CFFBC61A1D574AAD90F808F941E551C0~DTM*232*20200820~DTM*233*20200820~SVC*HC:99214*272.99*96.14**1~DTM*472*20200820~CAS*CO*45*176.85~REF*6R*CPS694480YHA~AMT*B6*96.14~LQ*HE*N45~LQ*HE*N381~CLP*000100039480*1*276.99*99.51**MC*2020247083444~NM1*QC*1*VALDEZ*MICHAEL****MR*S188705~NM1*82*1*GRONEMEYER*LEANNE*R***XX*1659521045~REF*EA*30E5390D588B47AB8EA80616217D59B2~DTM*232*20200820~DTM*233*20200820~SVC*HC:99214:25*272.99*96.14**1~DTM*472*20200820~CAS*CO*45*176.85~REF*6R*CPS6AX5BVE60~AMT*B6*96.14~LQ*HE*N45~LQ*HE*N381~SVC*HC:81002*4*3.37**1~DTM*472*20200820~CAS*CO*45*.63~REF*6R*CPS6RVRGJDLG~AMT*B6*3.37~LQ*HE*N381~CLP*000100039481*1*266.84*96.46**MC*2020247083407~NM1*QC*1*VELASQUEZ*MARISSA****MR*G632633~NM1*82*1*CADDALI*ESTRELLA*A***XX*1164974580~REF*EA*956E063E42CF433C96214EA971EA18EB~DTM*232*20200820~DTM*233*20200820~SVC*HC:99203*266.84*96.46**1~DTM*472*20200820~CAS*CO*45*170.38~REF*6R*CPS6C9202400~AMT*B6*96.46~LQ*HE*N45~LQ*HE*N381~CLP*000100038950*1*540.07*203.88**MC*2020247083483~NM1*QC*1*YARBROUGH*MADALYNN*G***MR*P919527~NM1*82*1*TSAMBIKOS*RICHARD****XX*1467985713~REF*EA*43CA356BED734CD5ADD92BD6E96184DA~DTM*232*20200811~DTM*233*20200811~SVC*HC:99204:FP:25*450.07*182.18**1~DTM*472*20200811~CAS*CO*45*267.89~REF*6R*CPS6AZJEPKGZ~AMT*B6*182.18~LQ*HE*N45~LQ*HE*N381~SVC*HC:H0049:FP*50*10.81**1~DTM*472*20200811~CAS*CO*45*39.19~REF*6R*CPS6S5LQ64GG~AMT*B6*10.81~LQ*HE*N381~SVC*HC:G8510:FP*40*10.89**1~DTM*472*20200811~CAS*CO*45*29.11~REF*6R*CPS6EYA2VPW1~AMT*B6*10.89~LQ*HE*N45~LQ*HE*N381~CLP*000100039339*1*345.3*136.06**MC*2020247083486~NM1*QC*1*YARBROUGH*MADALYNN*G***MR*P919527~NM1*82*1*TSAMBIKOS*RICHARD****XX*1467985713~REF*EA*4DB68A6708714CF3A25DBE9C9B6C45CB~DTM*232*20200818~DTM*233*20200818~SVC*HC:99213:25*178.3*65.15**1~DTM*472*20200818~CAS*CO*45*113.15~REF*6R*CPS6S8K7CVSN~AMT*B6*65.15~LQ*HE*N45~LQ*HE*N381~SVC*HC:20551:LT*80*47.27**1~DTM*472*20200818~CAS*CO*45*32.73~REF*6R*CPS61BBTNZCS~AMT*B6*47.27~LQ*HE*N381~LQ*HE*N381~SVC*HC:J3301:LT*3.5*0**0**1~DTM*472*20200818~CAS*PI*16*3.5~REF*6R*CPS6ZPEXT9K2~LQ*HE*M119~LQ*HE*N381~SVC*HC:20551:RT*80*23.64**1~DTM*472*20200818~CAS*CO*45*56.36~REF*6R*CPS6GADLDTWJ~AMT*B6*23.64~LQ*HE*N381~LQ*HE*N381~SVC*HC:J3301:RT*3.5*0**0**1~DTM*472*20200818~CAS*PI*16*3.5~REF*6R*CPS69KDWOXFP~LQ*HE*M119~LQ*HE*N381~CLP*000100037497*4*272.99*0**MC*2020247083442~NM1*QC*1*BROWN*SAMANTHA*L***MR*U792619~NM1*82*1*LAZENBY*SHERI*L***XX*1336489053~REF*EA*BCD3E96ECCC049898A7BFB67EB310722~DTM*232*20200714~DTM*233*20200714~SVC*HC:99214*272.99*0**0**1~DTM*472*20200714~CAS*PI*16*272.99~REF*6R*CPS6C5LGWUSU~LQ*HE*MA70~CLP*000100023222*4*23.15*0**MC*2020247083520~NM1*QC*1*GUNN*MELITA*G***MR*O588174~NM1*82*1*HOOSHMAND-PARSI*KAYHOSROW****XX*1447291851~REF*EA*5C994370AF8B437EB1C9D256F2DB2A45~DTM*232*20191003~DTM*233*20191003~SVC*HC:93000*23.15*0**0**1~DTM*472*20191003~CAS*PI*96*23.15~REF*6R*CPS6CAQH6BCL~LQ*HE*N30~LQ*HE*MA92~CLP*000100037894*4*557.13*0**MC*2020247083458~NM1*QC*1*VELASQUEZ*JOE*L***MR*H473605~NM1*82*1*CADDALI*ESTRELLA*A***XX*1164974580~REF*EA*FD937DBC74CF4081815DCE92A693A1C4~DTM*232*20200721~DTM*233*20200721~SVC*HC:99204:25*450.07*0**0**1~DTM*472*20200721~CAS*PI*96*450.07~REF*6R*CPS6OW0WNH0J~LQ*HE*N30~LQ*HE*MA92~SVC*HC:G0396*107.06*0**0**1~DTM*472*20200721~CAS*CO*56*107.06~REF*6R*CPS6FEHIAR4T~LQ*HE*N130~CLP*000100033428*22*-621.47*-10.92**MC*2020140045782~NM1*QC*1*GREEN*DAVID****MR*N673974~NM1*82*1*GRONEMEYER*LEANNE*R***XX*1659521045~REF*EA*7727359BAC664A938125895732DE9F4E~DTM*232*20200420~DTM*233*20200420~SVC*HC:99213:25*-178.3*0**0**1~DTM*472*20200420~CAS*PI*16*-178.3~REF*6R*CPPUH9C2GY24~LQ*HE*MA92~LQ*HE*MA92~LQ*HE*N56~SVC*HC:H0049*-403.17*-10.92**1~DTM*472*20200420~CAS*CO*45*-392.25~REF*6R*CPPUNHJKPNMY~AMT*B6*10.92~LQ*HE*N381~SVC*HC:G8510*-40*0**0**1~DTM*472*20200420~CAS*PI*16*-40~REF*6R*CPPUDONN4Y51~LQ*HE*MA92~LQ*HE*MA92~LQ*HE*N56~CLP*000100033428*4*621.47*0**MC*5920245011920~NM1*QC*1*GREEN*DAVID****MR*N673974~NM1*82*1*GRONEMEYER*LEANNE*R***XX*1659521045~REF*EA*7727359BAC664A938125895732DE9F4E~DTM*232*20200420~DTM*233*20200420~SVC*HC:99213:25*178.3*0**0**1~DTM*472*20200420~CAS*CO*129*178.3~REF*6R*CPPUH9C2GY24~LQ*HE*N59~SVC*HC:H0049*403.17*0**1~DTM*472*20200420~CAS*CO*129*403.17~REF*6R*CPPUNHJKPNMY~LQ*HE*N59~SVC*HC:G8510*40*0**0**1~DTM*472*20200420~CAS*CO*129*40~REF*6R*CPPUDONN4Y51~LQ*HE*N59~CLP*000100034847*22*-178.3*-65.81**MC*2020226032808~NM1*QC*1*MCCRORY*EOWYN****MR*G951424~NM1*82*1*CADDALI*ESTRELLA*A***XX*1164974580~REF*EA*FC2ADF3F273B4FB58C5331CE1D0F392A~DTM*232*20200515~DTM*233*20200515~SVC*HC:99213*-178.3*-65.81**1~DTM*472*20200515~CAS*CO*45*-112.49~REF*6R*CPJ6CPEZT9S4~AMT*B6*65.81~LQ*HE*N381~CLP*000100034847*4*178.3*0**MC*5920245012634~NM1*QC*1*MCCRORY*EOWYN****MR*G951424~NM1*82*1*CADDALI*ESTRELLA*A***XX*1164974580~REF*EA*FC2ADF3F273B4FB58C5331CE1D0F392A~DTM*232*20200515~DTM*233*20200515~SVC*HC:99213*178.3*0**1~DTM*472*20200515~CAS*CO*129*178.3~REF*6R*CPJ6CPEZT9S4~LQ*HE*N59~CLP*000100035079*22*-88.54*-39.39**MC*2020226032814~NM1*QC*1*MCCRORY*EOWYN****MR*G951424~NM1*82*1*CADDALI*ESTRELLA*A***XX*1164974580~REF*EA*CF755721C3B14D44AE866CC21EA9C5AF~DTM*232*20200520~DTM*233*20200520~SVC*HC:99212*-88.54*-39.39**1~DTM*472*20200520~CAS*CO*45*-49.15~REF*6R*CPJ6QEKPV6Z8~AMT*B6*39.39~LQ*HE*N381~CLP*000100035079*4*88.54*0**MC*5920245012638~NM1*QC*1*MCCRORY*EOWYN****MR*G951424~NM1*82*1*CADDALI*ESTRELLA*A***XX*1164974580~REF*EA*CF755721C3B14D44AE866CC21EA9C5AF~DTM*232*20200520~DTM*233*20200520~SVC*HC:99212*88.54*0**1~DTM*472*20200520~CAS*CO*129*88.54~REF*6R*CPJ6QEKPV6Z8~LQ*HE*N59~CLP*000100027284*22*-65*-34.35**MC*2020043044272~NM1*QC*1*MCCRORY*EOWYN****MR*G951424~NM1*82*1*LEWIS*HOLLY*G***XX*1295234128~REF*EA*53886AF478304026BC3143E4FE0A0193~DTM*232*20191227~DTM*233*20191227~SVC*HC:90832*-65*-34.35**1~DTM*472*20191227~CAS*CO*45*-9.65~CAS*OA*23*-21~REF*6R*CPVET6CYDTVN~AMT*B6*55.35~LQ*HE*MA125~LQ*HE*N381~CLP*000100027284*4*65*0**MC*5920245012645~NM1*QC*1*MCCRORY*EOWYN****MR*G951424~NM1*82*1*LEWIS*HOLLY*G***XX*1295234128~REF*EA*53886AF478304026BC3143E4FE0A0193~DTM*232*20191227~DTM*233*20191227~SVC*HC:90832*65*0**1~DTM*472*20191227~CAS*CO*129*65~REF*6R*CPVET6CYDTVN~LQ*HE*N59~CLP*000100028126*22*-54*-26.41**MC*2020052103998~NM1*QC*1*MCCRORY*EOWYN****MR*G951424~NM1*82*1*CADDALI*ESTRELLA*A***XX*1164974580~REF*EA*FDFE338C92B54BAD9739925988FB4FC3~DTM*232*20200114~DTM*233*20200114~SVC*HC:99212*-54*-26.41**1~DTM*472*20200114~CAS*CO*45*-14.61~CAS*OA*23*-12.98~REF*6R*CPWMQNRK32EP~AMT*B6*39.39~LQ*HE*MA125~LQ*HE*N381~CLP*000100028126*4*54*0**MC*5920245012656~NM1*QC*1*MCCRORY*EOWYN****MR*G951424~NM1*82*1*CADDALI*ESTRELLA*A***XX*1164974580~REF*EA*FDFE338C92B54BAD9739925988FB4FC3~DTM*232*20200114~DTM*233*20200114~SVC*HC:99212*54*0**1~DTM*472*20200114~CAS*CO*129*54~REF*6R*CPWMQNRK32EP~LQ*HE*N59~CLP*000100033971*22*-178.3*-46.38**MC*2020143046731~NM1*QC*1*MCCRORY*EOWYN****MR*G951424~NM1*82*1*CADDALI*ESTRELLA*A***XX*1164974580~REF*EA*8C4CDD99D82A410FAE72C1C40A526AE0~DTM*232*20200429~DTM*233*20200429~SVC*HC:99213*-178.3*-46.38**1~DTM*472*20200429~CAS*CO*45*-112.49~CAS*OA*23*-19.43~REF*6R*CPQEQRPEYM6H~AMT*B6*65.81~LQ*HE*MA125~LQ*HE*N381~CLP*000100033971*4*178.3*0**MC*5920245012662~NM1*QC*1*MCCRORY*EOWYN****MR*G951424~NM1*82*1*CADDALI*ESTRELLA*A***XX*1164974580~REF*EA*8C4CDD99D82A410FAE72C1C40A526AE0~DTM*232*20200429~DTM*233*20200429~SVC*HC:99213*178.3*0**1~DTM*472*20200429~CAS*CO*129*178.3~REF*6R*CPQEQRPEYM6H~LQ*HE*N59~CLP*000100037690*22*-178.3*-63.15**MC*2020226032761~NM1*QC*1*NORIEGA*JUDY*L***MR*I831249~NM1*82*1*GRONEMEYER*LEANNE*R***XX*1659521045~REF*EA*860BDE39DF9A46A9A3A1410CD7323373~DTM*232*20200716~DTM*233*20200716~SVC*HC:99213*-178.3*-63.15**1~DTM*472*20200716~CAS*PR*3*-2~CAS*CO*45*-113.15~REF*6R*CPJ68A9UYPOV~AMT*B6*65.15~LQ*HE*N45~LQ*HE*N381~LQ*HE*N381~CLP*000100037690*4*178.3*0**MC*5920244004921~NM1*QC*1*NORIEGA*JUDY*L***MR*I831249~NM1*82*1*GRONEMEYER*LEANNE*R***XX*1659521045~REF*EA*860BDE39DF9A46A9A3A1410CD7323373~DTM*232*20200716~DTM*233*20200716~SVC*HC:99213*178.3*0**1~DTM*472*20200716~CAS*CO*129*178.3~REF*6R*CPJ68A9UYPOV~LQ*HE*N59~PLB*1508250911*20201231*CS:0000376612958*-63.15*CS:0000376612958*63.15*CS:0000376613536*-10.92*CS:0000376613536*10.92*CS:0000376613915*-65.81*CS:0000376613915*65.81~PLB*1508250911*20201231*CS:0000376613918*-39.39*CS:0000376613918*39.39*CS:0000376613924*-34.35*CS:0000376613924*34.35*CS:0000376613932*-26.41*CS:0000376613932*26.41~PLB*1508250911*20201231*CS:0000376613938*-46.38*CS:0000376613938*46.38~SE*1040*000010013~GE*1*100013425~IEA*1*100013425~