ISA*00*          *00*          *ZZ*COMEDASSISTPROG*ZZ*6769489        *200817*0232*^*00501*100025127*0*P*:~GS*HP*COMEDASSISTPROG*6769489*20200817*023247*100025127*X*005010X221A1~ST*835*000010013~BPR*I*3424.12*C*ACH*CCP*01*075911603*DA*00000004556640373*1811725341**01*102106569*DA*2200002989138*20200817~TRN*1*001059211*1811725341~REF*EV*1508250911~DTM*405*20200814~N1*PR*CO_TXIX*XV*7912900843~N3*P.O. BOX 30~N4*DENVER*CO*80201~PER*CX*MEDICAID PROVIDER SERVICES*TE*8442352387~PER*BL*MEDICAID PROVIDER SERVICES*TE*8442352387~N1*PE*HEALTH SOLUTIONS MED CENTER*XX*1508250911~REF*TJ*841158933~LX*1~CLP*000100037079*2*272.99*19**MC*2020224010144~NM1*QC*1*ANDERSON*KATHLEEN*R***MR*P388137~NM1*82*1*GRONEMEYER*LEANNE*R***XX*1659521045~REF*EA*6D19C244E3004426BFD702308A157B6C~DTM*232*20200702~DTM*233*20200702~SVC*HC:99214*272.99*19**1~DTM*472*20200702~CAS*CO*45*253.99~REF*6R*CPAYBFMU6U0D~AMT*B6*19~LQ*HE*N45~LQ*HE*N381~LQ*HE*N381~CLP*000100037158*2*276.99*19**MC*2020227004055~NM1*QC*1*BACA*FLORA*J***MR*N338297~NM1*82*1*GRONEMEYER*LEANNE*R***XX*1659521045~REF*EA*45E3874D20C740E4B6A0341F657AA454~DTM*232*20200706~DTM*233*20200706~SVC*HC:99214:25*272.99*19**1~DTM*472*20200706~CAS*CO*45*253.99~REF*6R*CPAUUODHA6C9~AMT*B6*19~LQ*HE*N45~LQ*HE*N381~LQ*HE*N381~SVC*HC:81002*4*0**1~DTM*472*20200706~CAS*CO*45*4~REF*6R*CPAU1GEYVSYB~LQ*HE*N381~CLP*000100037183*2*178.3*12.69**MC*2020224010136~NM1*QC*1*CIRULLO*ROSEANN****MR*L489928~NM1*82*1*CADDALI*ESTRELLA*A***XX*1164974580~REF*EA*1B45697956334939A7655977117D0A1A~DTM*232*20200707~DTM*233*20200707~SVC*HC:99213*178.3*12.69**1~DTM*472*20200707~CAS*CO*45*165.61~REF*6R*CPAYR4U5B7X6~AMT*B6*12.69~LQ*HE*N45~LQ*HE*N381~LQ*HE*N381~CLP*000100037904*2*178.3*12.69**MC*2020227004075~NM1*QC*1*CIRULLO*ROSEANN****MR*L489928~NM1*82*1*CADDALI*ESTRELLA*A***XX*1164974580~REF*EA*BB0E0E28C01C413A9313EACFCB23DF0E~DTM*232*20200721~DTM*233*20200721~SVC*HC:99213*178.3*12.69**1~DTM*472*20200721~CAS*CO*45*165.61~REF*6R*CPAUKBUZH1BH~AMT*B6*12.69~LQ*HE*N45~LQ*HE*N381~LQ*HE*N381~CLP*000100038019*2*272.99*19**MC*2020227004059~NM1*QC*1*COOK*DAVID*T***MR*M267307~NM1*82*1*CADDALI*ESTRELLA*A***XX*1164974580~REF*EA*FC4F0F48B49A482CBE1536EA6108936D~DTM*232*20200723~DTM*233*20200723~SVC*HC:99214*272.99*19**1~DTM*472*20200723~CAS*CO*45*253.99~REF*6R*CPAUXJ0G3PMG~AMT*B6*19~LQ*HE*N45~LQ*HE*N381~LQ*HE*N381~CLP*000100037654*2*272.99*19**MC*2020227004056~NM1*QC*1*COWLING*CHRISTOPH****MR*D759791~NM1*82*1*CADDALI*ESTRELLA*A***XX*1164974580~REF*EA*2855FCC40495467E801DD81D5104326B~DTM*232*20200716~DTM*233*20200716~SVC*HC:99214*272.99*19**1~DTM*472*20200716~CAS*CO*45*253.99~REF*6R*CPAUP3OESVL3~AMT*B6*19~LQ*HE*N45~LQ*HE*N381~LQ*HE*N381~CLP*000100036776*2*88.54*7.49**MC*2020227004057~NM1*QC*1*FENWICK*SUSAN****MR*I982356~NM1*82*1*SEARLES*DENISE*A***XX*1396971230~REF*EA*6579990E682A4FD0A371573A3FDA8443~DTM*232*20200625~DTM*233*20200625~SVC*HC:99212:95*88.54*7.49**1~DTM*472*20200625~CAS*CO*45*81.05~REF*6R*CPAUQRXT6BF1~AMT*B6*7.49~LQ*HE*N381~LQ*HE*N381~CLP*000100037724*2*59*2.53**MC*2020227004081~NM1*QC*1*HUBBARD*LORI*E***MR*K898939~NM1*82*1*SEARLES*DENISE*A***XX*1396971230~REF*EA*0161BD1A91184DEDABB670BDABAF8E8A~DTM*232*20200717~DTM*233*20200717~SVC*HC:G2012*55*2.53**1~DTM*472*20200717~CAS*OA*P22*52.47~REF*6R*CPAUMHUYQCIH~AMT*B6*2.53~LQ*HE*MA125~SVC*HC:81002*4*0**1~DTM*472*20200717~CAS*CO*45*4~REF*6R*CPAUXBSYPR72~LQ*HE*N381~CLP*000100037209*2*178.3*12.69**MC*2020224010122~NM1*QC*1*KLIPFEL*SHARON*L***MR*B029833~NM1*82*1*CADDALI*ESTRELLA*A***XX*1164974580~REF*EA*10FB713FCAD34968954A605A262E8DB0~DTM*232*20200707~DTM*233*20200707~SVC*HC:99213:95*178.3*12.69**1~DTM*472*20200707~CAS*CO*45*165.61~REF*6R*CPAYPEKQFAXF~AMT*B6*12.69~LQ*HE*N45~LQ*HE*N381~LQ*HE*N381~CLP*000100037987*2*88.54*5.28**MC*2020227004096~NM1*QC*1*MAJOR*MARION*J***MR*O960190~NM1*82*1*HOOSHMAND-PARSI*KAYHOSROW****XX*1447291851~REF*EA*EBDD6395E38E4F40894C0FFC21911E0C~DTM*232*20200722~DTM*233*20200722~SVC*HC:99212*88.54*5.28**1~DTM*472*20200722~CAS*CO*45*83.26~REF*6R*CPAUFD2204PO~AMT*B6*5.28~LQ*HE*N45~LQ*HE*N381~LQ*HE*N381~CLP*000100032858*2*178.3*10.51**MC*2020224010116~NM1*QC*1*MARRONE*JOHN*H***MR*G491256~NM1*82*1*ROBERTS*BRAD*A***XX*1538435698~REF*EA*969032F88C944E47973DB6FFABE54AD6~DTM*232*20200407~DTM*233*20200407~SVC*HC:99213*178.3*10.51**1~DTM*472*20200407~CAS*CO*45*167.79~REF*6R*CPAYU5QPSZOL~AMT*B6*10.51~LQ*HE*N381~LQ*HE*N381~CLP*000100036898*2*287.99*19**MC*2020224010133~NM1*QC*1*NIOUS*LATEEFAH*S***MR*J459949~NM1*82*1*GRONEMEYER*LEANNE*R***XX*1659521045~REF*EA*B0E1622B4EB84CE1BE626C57F03ECE81~DTM*232*20200630~DTM*233*20200630~SVC*HC:99214:25*272.99*19**1~DTM*472*20200630~CAS*CO*45*253.99~REF*6R*CPAYJ9CR42X0~AMT*B6*19~LQ*HE*N381~LQ*HE*N381~SVC*HC:81025*15*0**1~DTM*472*20200630~CAS*CO*45*15~REF*6R*CPAYIDSKJUPR~LQ*HE*N381~CLP*000100037888*2*272.99*19**MC*2020227004103~NM1*QC*1*REINSMITH*GARY****MR*G105684~NM1*82*1*CADDALI*ESTRELLA*A***XX*1164974580~REF*EA*5FA5B8C503BD437588EB2F664E46B0D9~DTM*232*20200721~DTM*233*20200721~SVC*HC:99214*272.99*19**1~DTM*472*20200721~CAS*CO*45*253.99~REF*6R*CPAU3JNOC7BR~AMT*B6*19~LQ*HE*N45~LQ*HE*N381~LQ*HE*N381~CLP*000100037155*2*178.3*8.93**MC*2020224010111~NM1*QC*1*REYNOLDS*CATHERINE****MR*P336806~NM1*82*1*GRONEMEYER*LEANNE*R***XX*1659521045~REF*EA*EF3CB1F44F6B4ECDB749D63F53B5BAB2~DTM*232*20200706~DTM*233*20200706~SVC*HC:99213*178.3*8.93**1~DTM*472*20200706~CAS*CO*45*169.37~REF*6R*CPAY2IJ704RA~AMT*B6*8.93~LQ*HE*N45~LQ*HE*N381~LQ*HE*N381~CLP*000100036585*2*40*0**MC*2020224010129~NM1*QC*1*THOMAS*SIDNEY****MR*B976371~NM1*82*1*HOOSHMAND-PARSI*KAYHOSROW****XX*1447291851~REF*EA*F5682B1784C84AE2B6F5FA2E5C0F7D50~DTM*232*20200622~DTM*233*20200622~SVC*HC:99442*40*0**1~DTM*472*20200622~CAS*CO*45*11.75~CAS*OA*23*28.25~REF*6R*CPAYO949Z4T3~LQ*HE*N381~LQ*HE*N381~CLP*000100037642*2*178.3*12.69**MC*2020227004098~NM1*QC*1*TUTTLE*CHRISTOPH*D***MR*W102437~NM1*82*1*CADDALI*ESTRELLA*A***XX*1164974580~REF*EA*9F95F21A3B034539A9E6BC6008BAA430~DTM*232*20200716~DTM*233*20200716~SVC*HC:99213*178.3*12.69**1~DTM*472*20200716~CAS*CO*45*165.61~REF*6R*CPAURM0JAZ0U~AMT*B6*12.69~LQ*HE*N45~LQ*HE*N381~LQ*HE*N381~CLP*000100036839*2*272.99*7.69**MC*2020224010140~NM1*QC*1*VIGIL*AUGUSTINE****MR*Y811310~NM1*82*1*HOOSHMAND-PARSI*KAYHOSROW****XX*1447291851~REF*EA*F7E66279E7084D9EA5D2A6F9098B24EA~DTM*232*20200629~DTM*233*20200629~SVC*HC:99214*272.99*7.69**1~DTM*472*20200629~CAS*CO*45*265.3~REF*6R*CPAYY3E3UFF3~AMT*B6*7.69~LQ*HE*N381~LQ*HE*N381~CLP*000100036841*4*218.99*0**MC*2020224010114~NM1*QC*1*DICKERSON*RAUNITA****MR*G832391~NM1*82*1*GRONEMEYER*LEANNE*R***XX*1659521045~REF*EA*5DC3E807531A449AB4391B0ABFA95835~DTM*232*20200629~DTM*233*20200629~SVC*HC:96372*83.99*0**0**1~DTM*472*20200629~CAS*PI*16*83.99~REF*6R*CPAYPX39IKMD~LQ*HE*N554~SVC*HC:J1050*135*0**0**150~DTM*472*20200629~CAS*PI*16*135~REF*6R*CPAYV6S6Z55F~LQ*HE*N554~CLP*000100031501*1*1805*1257.8**MC*2020226032778~NM1*QC*1*BACA*DONOVAN*D***MR*U406657~NM1*82*1*SEARLES*DENISE*A***XX*1396971230~REF*EA*3BADFFD4453C43DBAC1471AC8EC57C15~DTM*232*20200313~DTM*233*20200313~SVC*HC:J2315*1805*1257.8**380~DTM*472*20200313~CAS*CO*45*547.2~REF*6R*CPJMYLDQE52Y~AMT*B6*1257.8~LQ*HE*N59~LQ*HE*N381~CLP*000100029757*1*1805*1257.8**MC*2020226032790~NM1*QC*1*BACA*DONOVAN*D***MR*U406657~NM1*82*1*HOOSHMAND-PARSI*KAYHOSROW****XX*1447291851~REF*EA*A1C4AD03EDB643E99FCBB202B944E9AB~DTM*232*20200211~DTM*233*20200211~SVC*HC:J2315*1805*1257.8**380~DTM*472*20200211~CAS*CO*45*547.2~REF*6R*CPJMD4KB9NYS~AMT*B6*1257.8~LQ*HE*N293~LQ*HE*N59~LQ*HE*N381~CLP*000100038097*1*272.99*96.14**MC*2020226032710~NM1*QC*1*BARRAGAN*YVETTE*M***MR*J700821~NM1*82*1*CADDALI*ESTRELLA*A***XX*1164974580~REF*EA*DA5958A2EC0347B6BECD5E4F448A07B6~DTM*232*20200724~DTM*233*20200724~SVC*HC:99214*272.99*96.14**1~DTM*472*20200724~CAS*CO*45*176.85~REF*6R*CPJ6ERHLI9P8~AMT*B6*96.14~LQ*HE*N45~LQ*HE*N381~CLP*000100038058*1*178.3*65.15**MC*2020226032749~NM1*QC*1*HILER*GIOVANNI****MR*G602173~NM1*82*1*CADDALI*ESTRELLA*A***XX*1164974580~REF*EA*F014FA84E9974AE0A860D8ADAA2B1CB1~DTM*232*20200724~DTM*233*20200724~SVC*HC:99213*178.3*65.15**1~DTM*472*20200724~CAS*CO*45*113.15~REF*6R*CPJ6MVESA1MK~AMT*B6*65.15~LQ*HE*N45~LQ*HE*N381~CLP*000100037999*1*893.24*187.11*2*MC*2020226032673~NM1*QC*1*HOFFMAN*GABRIEL*S***MR*Y532457~NM1*82*1*CADDALI*ESTRELLA*A***XX*1164974580~REF*EA*A700D2A4E6DA41C79F4C1DA7CBACDC7D~DTM*232*20200723~DTM*233*20200723~SVC*HC:99204:25*450.07*146.09**1~DTM*472*20200723~CAS*PR*3*2~CAS*CO*45*301.98~REF*6R*CPJ682VUUP1H~AMT*B6*148.09~LQ*HE*N45~LQ*HE*N381~LQ*HE*N381~SVC*HC:H0049*403.17*10.81**1~DTM*472*20200723~CAS*CO*45*392.36~REF*6R*CPJ66NRSGKP5~AMT*B6*10.81~LQ*HE*N381~SVC*HC:G8431*40*30.21**1~DTM*472*20200723~CAS*CO*45*9.79~REF*6R*CPJ6IC8EDLN6~AMT*B6*30.21~LQ*HE*N45~LQ*HE*N381~CLP*000100034847*1*178.3*65.81**MC*2020226032808~NM1*QC*1*MCCRORY*EOWYN****MR*G951424~NM1*82*1*CADDALI*ESTRELLA*A***XX*1164974580~REF*EA*FC2ADF3F273B4FB58C5331CE1D0F392A~DTM*232*20200515~DTM*233*20200515~SVC*HC:99213*178.3*65.81**1~DTM*472*20200515~CAS*CO*45*112.49~REF*6R*CPJ6CPEZT9S4~AMT*B6*65.81~LQ*HE*N381~CLP*000100035079*1*88.54*39.39**MC*2020226032814~NM1*QC*1*MCCRORY*EOWYN****MR*G951424~NM1*82*1*CADDALI*ESTRELLA*A***XX*1164974580~REF*EA*CF755721C3B14D44AE866CC21EA9C5AF~DTM*232*20200520~DTM*233*20200520~SVC*HC:99212*88.54*39.39**1~DTM*472*20200520~CAS*CO*45*49.15~REF*6R*CPJ6QEKPV6Z8~AMT*B6*39.39~LQ*HE*N381~CLP*000100038080*1*232.97*86.44**MC*2020226032609~NM1*QC*1*MITCHELL*SHERRY****MR*I873951~NM1*82*1*CADDALI*ESTRELLA*A***XX*1164974580~REF*EA*9F66DA6F369046F9891EFF339EE0F0B2~DTM*232*20200724~DTM*233*20200724~SVC*HC:99213:25*178.3*65.15**1~DTM*472*20200724~CAS*CO*45*113.15~REF*6R*CPJ6G09RUL0L~AMT*B6*65.15~LQ*HE*N45~LQ*HE*N381~SVC*HC:93000*54.67*21.29**1~DTM*472*20200724~CAS*CO*45*33.38~REF*6R*CPJ6DT1TVZXP~AMT*B6*21.29~LQ*HE*N381~CLP*000100037690*1*178.3*63.15*2*MC*2020226032761~NM1*QC*1*NORIEGA*JUDY*L***MR*I831249~NM1*82*1*GRONEMEYER*LEANNE*R***XX*1659521045~REF*EA*860BDE39DF9A46A9A3A1410CD7323373~DTM*232*20200716~DTM*233*20200716~SVC*HC:99213*178.3*63.15**1~DTM*472*20200716~CAS*PR*3*2~CAS*CO*45*113.15~REF*6R*CPJ68A9UYPOV~AMT*B6*65.15~LQ*HE*N45~LQ*HE*N381~LQ*HE*N381~CLP*000100037455*1*272.99*96.14**MC*2020226032641~NM1*QC*1*SANDOVAL*THERESA*M***MR*D398624~NM1*82*1*GRONEMEYER*LEANNE*R***XX*1659521045~REF*EA*85485402E7BA4B53A734891BFD754178~DTM*232*20200713~DTM*233*20200713~SVC*HC:99214*272.99*96.14**1~DTM*472*20200713~CAS*CO*45*176.85~REF*6R*CPJ6KHTY1L7Y~AMT*B6*96.14~LQ*HE*N45~LQ*HE*N381~CLP*000100038060*1*178.3*65.15**MC*2020226032740~NM1*QC*1*SILVER*GABRIEL****MR*G431733~NM1*82*1*CADDALI*ESTRELLA*A***XX*1164974580~REF*EA*C71D7BB0531F43AF9EAFA9D6916ECE67~DTM*232*20200724~DTM*233*20200724~SVC*HC:99213*178.3*65.15**1~DTM*472*20200724~CAS*CO*45*113.15~REF*6R*CPJ6I2IJKGKU~AMT*B6*65.15~LQ*HE*N45~LQ*HE*N381~CLP*000100038037*4*178.3*0**MC*2020226032796~NM1*QC*1*ANDREWS*HEIDI****MR*O787323~NM1*82*1*GRONEMEYER*LEANNE*R***XX*1659521045~REF*EA*DFAF46AE369C4D72BFA322B47D6024CC~DTM*232*20200723~DTM*233*20200723~SVC*HC:99213*178.3*0**0**1~DTM*472*20200723~CAS*PI*16*178.3~REF*6R*CPJ6JR33EHGY~LQ*HE*N45~LQ*HE*N381~CLP*000100036212*4*290.21*0**MC*2020226032554~NM1*QC*1*BROWN*SAMANTHA*L***MR*U792619~NM1*82*1*LEWIS*HOLLY*G***XX*1295234128~REF*EA*BC6F906C40B3439887053409EEF5A940~DTM*232*20200615~DTM*233*20200615~SVC*HC:90834*290.21*0**0**1~DTM*472*20200615~CAS*PI*16*290.21~REF*6R*CPJ6LASPT99E~LQ*HE*MA64~CLP*000100033418*4*178.3*0**MC*2020226032627~NM1*QC*1*BROWN*SAMANTHA*L***MR*U792619~NM1*82*1*HOOSHMAND-PARSI*KAYHOSROW****XX*1447291851~REF*EA*239194A882324F2F8A42ED679E6A1EA2~DTM*232*20200420~DTM*233*20200420~SVC*HC:99213*178.3*0**0**1~DTM*472*20200420~CAS*PI*16*178.3~REF*6R*CPJ6WUYV1UXJ~LQ*HE*MA64~CLP*000100035656*4*272.99*0**MC*2020226032632~NM1*QC*1*BROWN*SAMANTHA*L***MR*U792619~NM1*82*1*LAZENBY*SHERI*L***XX*1336489053~REF*EA*7D525DBC8B4140DF8A74EEF1D58CA681~DTM*232*20200602~DTM*233*20200602~SVC*HC:99214*272.99*0**0**1~DTM*472*20200602~CAS*PI*16*272.99~REF*6R*CPJ6XX61E2Y7~LQ*HE*MA70~CLP*000100031975*4*178.3*0**MC*2020226032634~NM1*QC*1*BROWN*SAMANTHA*L***MR*U792619~NM1*82*1*HOOSHMAND-PARSI*KAYHOSROW****XX*1447291851~REF*EA*7155820DDECE466DB57DBEE2B5BCCEF5~DTM*232*20200323~DTM*233*20200323~SVC*HC:99213*178.3*0**0**1~DTM*472*20200323~CAS*PI*16*178.3~REF*6R*CPJ648T0VZ5K~LQ*HE*MA64~CLP*000100034911*4*178.3*0**MC*2020226032635~NM1*QC*1*BROWN*SAMANTHA*L***MR*U792619~NM1*82*1*HOOSHMAND-PARSI*KAYHOSROW****XX*1447291851~REF*EA*4A2FB5593A704D0B8F478479219A29E0~DTM*232*20200518~DTM*233*20200518~SVC*HC:99213*178.3*0**0**1~DTM*472*20200518~CAS*PI*16*178.3~REF*6R*CPJ6N2F00FIV~LQ*HE*MA64~CLP*000100035908*4*178.3*0**MC*2020226032639~NM1*QC*1*BROWN*SAMANTHA*L***MR*U792619~NM1*82*1*HOOSHMAND-PARSI*KAYHOSROW****XX*1447291851~REF*EA*A11324CC989545798D7AC72719124E25~DTM*232*20200608~DTM*233*20200608~SVC*HC:99213:25*178.3*0**0**1~DTM*472*20200608~CAS*PI*16*178.3~REF*6R*CPJ6KOECM3SF~LQ*HE*MA64~CLP*000100034621*4*178.3*0**MC*2020226032801~NM1*QC*1*CORDOVA*WILLIAM*D***MR*G439008~NM1*82*1*GRONEMEYER*LEANNE*R***XX*1659521045~REF*EA*23298578A7E44199A064110ABC15BEBE~DTM*232*20200512~DTM*233*20200512~SVC*HC:99213*178.3*0**0**1~DTM*472*20200512~CAS*PI*16*178.3~REF*6R*CPJ6XZNV8D16~LQ*HE*MA64~CLP*000100035933*4*3.3*0**MC*2020226032805~NM1*QC*1*CORDOVA*WILLIAM*D***MR*G439008~NM1*82*1*SEARLES*DENISE*A***XX*1396971230~REF*EA*6691FDA6F80340D486BD3064619B90F9~DTM*232*20200609~DTM*233*20200609~SVC*HC:36415*3.3*0**0**1~DTM*472*20200609~CAS*PI*16*3.3~REF*6R*CPJ6ASG5OMVS~LQ*HE*N77~LQ*HE*MA64~CLP*000100036841*4*83.99*0**MC*2020226032697~NM1*QC*1*DICKERSON*RAUNITA****MR*G832391~NM1*82*1*GRONEMEYER*LEANNE*R***XX*1659521045~REF*EA*7B7F8EF8EB40406DB4C0462C600B5B33~DTM*232*20200629~DTM*233*20200629~SVC*HC:96372:FP*83.99*0**0**1~DTM*472*20200629~CAS*PI*16*83.99~REF*6R*CPJ6FQFORPSL~LQ*HE*N30~LQ*HE*MA92~LQ*HE*MA92~CLP*000100031974*4*218.99*0**MC*2020226032700~NM1*QC*1*DICKERSON*RAUNITA****MR*G832391~NM1*82*1*GRONEMEYER*LEANNE*R***XX*1659521045~REF*EA*5D54FD96BCC74B1489DE464A61E9F1D1~DTM*232*20200323~DTM*233*20200323~SVC*HC:96372:FP*83.99*0**0**1~DTM*472*20200323~CAS*PI*16*83.99~REF*6R*CPJ6BUJOX5U1~LQ*HE*MA92~SVC*HC:J1050:FP*135*0**0**150~DTM*472*20200323~CAS*PI*16*135~REF*6R*CPJ641UFG0PB~LQ*HE*MA92~CLP*000100037094*4*178.3*0**MC*2020226032821~NM1*QC*1*GROVE*JOHN*W***MR*P705132~NM1*82*1*HOOSHMAND-PARSI*KAYHOSROW****XX*1447291851~REF*EA*7F05EF6809164B6BB320D8B2482C4DD1~DTM*232*20200702~DTM*233*20200702~SVC*HC:99213:95*178.3*0**0**1~DTM*472*20200702~CAS*PI*16*178.3~REF*6R*CPJ607QDC8MJ~LQ*HE*MA92~LQ*HE*MA92~LQ*HE*N56~CLP*000100037118*4*272.99*0**MC*2020226032706~NM1*QC*1*JOHNSON*GEORGE*W***MR*O540732~NM1*82*1*GRONEMEYER*LEANNE*R***XX*1659521045~REF*EA*DAFBCAA670254974A02CEA14527824FF~DTM*232*20200706~DTM*233*20200706~SVC*HC:99214*272.99*0**0**1~DTM*472*20200706~CAS*PI*16*272.99~REF*6R*CPJ63IK8N364~LQ*HE*MA92~CLP*000100038544*4*178.3*0**MC*2020226032599~NM1*QC*1*METTS*MALCOLM*X***MR*P609645~NM1*82*1*GRONEMEYER*LEANNE*R***XX*1659521045~REF*EA*5CDDDB74E5644BA180796F450CA9A97E~DTM*232*20200803~DTM*233*20200803~SVC*HC:99213*178.3*0**0**1~DTM*472*20200803~CAS*PI*16*178.3~REF*6R*CPJ6UQU8ZK6L~LQ*HE*N45~LQ*HE*N381~CLP*000100037990*4*314.34*0**MC*2020226032693~NM1*QC*1*MOLZOW*THOMAS*P***MR*O956576~NM1*82*1*TSAMBIKOS*RICHARD****XX*1467985713~REF*EA*05A81747A83E4A63A31EF16D39541B99~DTM*232*20200722~DTM*233*20200722~SVC*HC:99385:25*314.34*0**0**1~DTM*472*20200722~CAS*PI*16*314.34~REF*6R*CPJ68MOB3TRL~LQ*HE*MA70~CLP*000100037990*4*443.17*0**MC*2020226032696~NM1*QC*1*MOLZOW*THOMAS*P***MR*O956576~NM1*82*1*TSAMBIKOS*RICHARD****XX*1467985713~REF*EA*B69462CF31E04346BBFE9FF22B8E3C23~DTM*232*20200722~DTM*233*20200722~SVC*HC:H0049*403.17*0**0**1~DTM*472*20200722~CAS*PI*16*403.17~REF*6R*CPJ61EWAIWUM~LQ*HE*MA70~SVC*HC:G8510*40*0**0**1~DTM*472*20200722~CAS*PI*16*40~REF*6R*CPJ6WGUKBIA0~LQ*HE*MA70~CLP*000100037960*4*716.16*0**MC*2020226032606~NM1*QC*1*RASMUSSEN*KATHERINE*J***MR*K431756~NM1*82*1*TSAMBIKOS*RICHARD****XX*1467985713~REF*EA*277889E4FD5F429F8A976B4CB7CC12B1~DTM*232*20200722~DTM*233*20200722~SVC*HC:99214:25*272.99*0**0**1~DTM*472*20200722~CAS*PI*16*272.99~REF*6R*CPJ629NN6WNG~LQ*HE*MA70~SVC*HC:H0049*403.17*0**0**1~DTM*472*20200722~CAS*PI*16*403.17~REF*6R*CPJ6GC6KW8NG~LQ*HE*MA70~SVC*HC:G8431*40*0**0**1~DTM*472*20200722~CAS*PI*16*40~REF*6R*CPJ6P6SP4KAL~LQ*HE*MA70~CLP*000100033695*4*373.9*0**MC*2020226032687~NM1*QC*1*SNYDER*NEVADA*E***MR*P936342~NM1*82*1*GRONEMEYER*LEANNE*R***XX*1659521045~REF*EA*C9C1DC2FBA2E466CB37C543C5ABC217C~DTM*232*20200423~DTM*233*20200423~SVC*HC:99203:95:25*266.84*0**0**1~DTM*472*20200423~CAS*PI*16*266.84~REF*6R*CPJ6U94YZRXO~LQ*HE*MA92~SVC*HC:G0396*107.06*0**0**1~DTM*472*20200423~CAS*CO*56*107.06~REF*6R*CPJ6D0Z6SFMI~LQ*HE*N130~CLP*000100037439*22*-178.3*-63.15**MC*2020204032971~NM1*QC*1*ANTU*MICHAEL*K***MR*O549042~NM1*82*1*HOOSHMAND-PARSI*KAYHOSROW****XX*1447291851~REF*EA*1E7E7451E14D489AAC27884035745BCF~DTM*232*20200713~DTM*233*20200713~SVC*HC:99213*-178.3*-63.15**1~DTM*472*20200713~CAS*PR*3*-2~CAS*CO*45*-113.15~REF*6R*CPAEWAWBFQLB~AMT*B6*65.15~LQ*HE*N45~LQ*HE*N381~LQ*HE*N381~CLP*000100037439*4*178.3*0**MC*5920225011259~NM1*QC*1*ANTU*MICHAEL*K***MR*O549042~NM1*82*1*HOOSHMAND-PARSI*KAYHOSROW****XX*1447291851~REF*EA*1E7E7451E14D489AAC27884035745BCF~DTM*232*20200713~DTM*233*20200713~SVC*HC:99213*178.3*0**1~DTM*472*20200713~CAS*CO*129*178.3~REF*6R*CPAEWAWBFQLB~LQ*HE*N59~PLB*1508250911*20201231*CS:0000376585820*-63.15*CS:0000376585820*63.15~SE*698*000010013~GE*1*100025127~IEA*1*100025127~