ISA*00*          *00*          *ZZ*COMEDASSISTPROG*ZZ*6769489        *200713*0230*^*00501*100050993*0*P*:~GS*HP*COMEDASSISTPROG*6769489*20200713*023045*100050993*X*005010X221A1~ST*835*000010011~BPR*I*12088.4*C*ACH*CCP*01*075911603*DA*00000004556640373*1811725341**01*102106569*DA*2200002989138*20200713~TRN*1*001028016*1811725341~REF*EV*1508250911~DTM*405*20200710~N1*PR*CO_TXIX*XV*7912900843~N3*P.O. BOX 30~N4*DENVER*CO*80201~PER*CX*MEDICAID PROVIDER SERVICES*TE*8442352387~PER*BL*MEDICAID PROVIDER SERVICES*TE*8442352387~N1*PE*HEALTH SOLUTIONS MED CENTER*XX*1508250911~REF*TJ*841158933~LX*1~CLP*000100035444*2*22*2.28**MC*2020192006754~NM1*QC*1*ACOSTA*ROSALINA****MR*P610914~NM1*82*1*GRONEMEYER*LEANNE*R***XX*1659521045~REF*EA*AD40796D81744A8ABE67DE482CF61A00~DTM*232*20200528~DTM*233*20200528~SVC*HC:G2012*22*2.28**1~DTM*472*20200528~CAS*OA*P22*19.72~REF*6R*CP0Y28UZHCVN~AMT*B6*2.28~LQ*HE*MA125~CLP*000100035447*2*178.3*13.11**MC*2020192006719~NM1*QC*1*BARNELL*SHANNA*V***MR*R948166~NM1*82*1*SEARLES*DENISE*A***XX*1396971230~REF*EA*1596022BA74B428DBB33770CD75D2FD0~DTM*232*20200528~DTM*233*20200528~SVC*HC:99213:95*178.3*13.11**1~DTM*472*20200528~CAS*CO*45*165.19~REF*6R*CP0YEBTUCSF1~AMT*B6*13.11~LQ*HE*N381~LQ*HE*N381~CLP*000100035790*2*316.11*19.4**MC*2020192006711~NM1*QC*1*REDDINGCANALE*PAULETT****MR*O413200~NM1*74*1*CANALES*PAULETTE*R~NM1*82*1*GRONEMEYER*LEANNE*R***XX*1659521045~REF*EA*82C10B01EC024E9EA3A9324F09FBE8E1~DTM*232*20200604~DTM*233*20200604~SVC*HC:99213:95:25*178.3*13.11**1~DTM*472*20200604~CAS*CO*45*165.19~REF*6R*CP0YGXJN0KH7~AMT*B6*13.11~LQ*HE*N381~LQ*HE*N381~SVC*HC:G0444:95*30.75*0**1~DTM*472*20200604~CAS*CO*45*30.75~REF*6R*CP0Y1ETKZBH6~SVC*HC:G0396*107.06*6.29**1~DTM*472*20200604~CAS*OA*P22*100.77~REF*6R*CP0YQKCI5URP~AMT*B6*6.29~LQ*HE*MA125~CLP*000100035411*2*178.3*4.1**MC*2020192006736~NM1*QC*1*FORTUNE*CATHERINE*M***MR*O812250~NM1*82*1*HOOSHMAND-PARSI*KAYHOSROW****XX*1447291851~REF*EA*E7E30D24AE904BCD935DB63A5BBE0895~DTM*232*20200528~DTM*233*20200528~SVC*HC:99213:95*178.3*4.1**1~DTM*472*20200528~CAS*CO*45*174.2~REF*6R*CP0YK9OCDYVH~AMT*B6*4.1~LQ*HE*N381~LQ*HE*N381~CLP*000100035494*2*178.3*13.11**MC*2020192006725~NM1*QC*1*GARCIA*DANIELLE*N***MR*Q868241~NM1*82*1*SEARLES*DENISE*A***XX*1396971230~REF*EA*CE48D69E937A46378A12CB6F03E0EF5A~DTM*232*20200529~DTM*233*20200529~SVC*HC:99213:95*178.3*13.11**1~DTM*472*20200529~CAS*CO*45*165.19~REF*6R*CP0Y0JG6LZC6~AMT*B6*13.11~LQ*HE*N381~LQ*HE*N381~CLP*000100035394*2*740.6*192.62**MC*2020192006732~NM1*QC*1*GARCIA*DANIELLE*N***MR*Q868241~NM1*82*1*SEARLES*DENISE*A***XX*1396971230~REF*EA*41A7A0308502408DA6F090A2FDFA9E56~DTM*232*20200528~DTM*233*20200528~SVC*HC:99205:95:25*587.79*186.33**1~DTM*472*20200528~CAS*CO*45*401.46~REF*6R*CP0Y2ONRVUNW~AMT*B6*186.33~LQ*HE*N381~SVC*HC:81025:95*15*0**1~DTM*472*20200528~CAS*CO*45*15~REF*6R*CP0YD4DQLB04~LQ*HE*N381~SVC*HC:G0444:95*30.75*0**1~DTM*472*20200528~CAS*CO*45*30.75~REF*6R*CP0YNV6LFP29~SVC*HC:G0396:95*107.06*6.29**1~DTM*472*20200528~CAS*OA*P22*100.77~REF*6R*CP0YRAZ1A87N~AMT*B6*6.29~LQ*HE*MA125~LQ*HE*MA125~CLP*000100033997*2*178.3*8.93**MC*2020192006712~NM1*QC*1*GREEN*DAVID*W***MR*N673974~NM1*82*1*GRONEMEYER*LEANNE*R***XX*1659521045~REF*EA*6EB4E2211860431DBA4F1FECA26BDC7D~DTM*232*20200429~DTM*233*20200429~SVC*HC:99213*178.3*8.93**1~DTM*472*20200429~CAS*CO*45*169.37~REF*6R*CP0YYOHU93JX~AMT*B6*8.93~LQ*HE*N381~LQ*HE*N381~CLP*000100035637*2*40*0**MC*2020192006705~NM1*QC*1*MARRONE*JOHN*H***MR*G491256~NM1*82*1*ROBERTS*BRAD*A***XX*1538435698~REF*EA*4E89438CFED8469FAF5E0052F9684E00~DTM*232*20200602~DTM*233*20200602~SVC*HC:99442*40*0**1~DTM*472*20200602~CAS*CO*45*11.75~CAS*OA*23*28.25~REF*6R*CP0YLVVMH5MW~LQ*HE*N381~LQ*HE*N381~CLP*000100035125*2*178.3*13.11**MC*2020185009800~NM1*QC*1*MARTINEZ FOOS*CHRISTINA*M***MR*H925604~NM1*74*1*MARTINEZ~NM1*82*1*GRONEMEYER*LEANNE*R***XX*1659521045~REF*EA*BE94045D1A9348BEB9E60EC1C9C59DA4~DTM*232*20200521~DTM*233*20200521~SVC*HC:99213:95*178.3*13.11**1~DTM*472*20200521~CAS*CO*45*165.19~REF*6R*CPZA6I9JKXU1~AMT*B6*13.11~LQ*HE*N381~LQ*HE*N381~CLP*000100035224*2*22*2.28**MC*2020185009789~NM1*QC*1*MATTHEWS*MICHAEL*P***MR*L679106~NM1*82*1*CADDALI*ESTRELLA*A***XX*1164974580~REF*EA*3A708B6435814925A7DBEAA6DA8C55EB~DTM*232*20200526~DTM*233*20200526~SVC*HC:G2012*22*2.28**1~DTM*472*20200526~CAS*OA*P22*19.72~REF*6R*CPZAYQB9IUZ4~AMT*B6*2.28~LQ*HE*MA125~CLP*000100035337*2*178.3*13.11**MC*2020192006740~NM1*QC*1*NIOUS*LATEEFAH*S***MR*J459949~NM1*82*1*GRONEMEYER*LEANNE*R***XX*1659521045~REF*EA*83AF56F2DAA9498D8CE7FE084EF343F5~DTM*232*20200527~DTM*233*20200527~SVC*HC:99213:95*178.3*13.11**1~DTM*472*20200527~CAS*CO*45*165.19~REF*6R*CP0YQ2GSN6H9~AMT*B6*13.11~LQ*HE*N381~LQ*HE*N381~CLP*000100035386*2*178.3*13.11**MC*2020192006746~NM1*QC*1*POWELL*CHRISTINE*L***MR*P635957~NM1*82*1*GRONEMEYER*LEANNE*R***XX*1659521045~REF*EA*87E0CF3457714351A4753A3DE0B4F7FF~DTM*232*20200528~DTM*233*20200528~SVC*HC:99213:95*178.3*13.11**1~DTM*472*20200528~CAS*CO*45*165.19~REF*6R*CP0YRBRL8JGE~AMT*B6*13.11~LQ*HE*N381~LQ*HE*N381~CLP*000100035398*2*22*2.28**MC*2020192006709~NM1*QC*1*RAY*ANTHONY****MR*P910642~NM1*82*1*GRONEMEYER*LEANNE*R***XX*1659521045~REF*EA*C77DBC2AE2B0461EB990FA708E9EB021~DTM*232*20200528~DTM*233*20200528~SVC*HC:G2012*22*2.28**1~DTM*472*20200528~CAS*OA*P22*19.72~REF*6R*CP0YHIZ6MNLN~AMT*B6*2.28~LQ*HE*MA125~LQ*HE*MA125~CLP*000100035542*2*178.3*13.11**MC*2020192006704~NM1*QC*1*REYNOLDS*CATHERINE****MR*P336806~NM1*82*1*GRONEMEYER*LEANNE*R***XX*1659521045~REF*EA*6B97670CB78D4AA99F972FAE81345BB8~DTM*232*20200601~DTM*233*20200601~SVC*HC:99213:95*178.3*13.11**1~DTM*472*20200601~CAS*CO*45*165.19~REF*6R*CP0YCHIU54R7~AMT*B6*13.11~LQ*HE*N381~LQ*HE*N381~CLP*000100031125*2*342.81*34.97**MC*2020192006717~NM1*QC*1*ROCCHIO*JAMES*J***MR*M614136~NM1*82*1*LUCAS*PEGGI*S***XX*1366419582~REF*EA*A4E7C4AA9EED489B9B91F4FE6E90D228~DTM*232*20200306~DTM*233*20200306~SVC*HC:99204:25*205*28.68**1~DTM*472*20200306~CAS*CO*45*176.32~REF*6R*CP0Y1HFSWPHR~AMT*B6*28.68~LQ*HE*N381~LQ*HE*N381~SVC*HC:G0444*30.75*0**1~DTM*472*20200306~CAS*CO*45*30.75~REF*6R*CP0Y7JTZUVFW~SVC*HC:G0396*107.06*6.29**1~DTM*472*20200306~CAS*OA*P22*100.77~REF*6R*CP0YMBFW2GXR~AMT*B6*6.29~LQ*HE*MA125~CLP*000100035152*2*178.3*13.11**MC*2020185009781~NM1*QC*1*SOUSIE*KATHLEEN*A***MR*G599543~NM1*82*1*GRONEMEYER*LEANNE*R***XX*1659521045~REF*EA*A1D8E4D511174A34B08C8DE447039DAE~DTM*232*20200521~DTM*233*20200521~SVC*HC:99213:95*178.3*13.11**1~DTM*472*20200521~CAS*CO*45*165.19~REF*6R*CPZA4BLL4JJR~AMT*B6*13.11~LQ*HE*N381~LQ*HE*N381~CLP*000100035684*2*272.99*19**MC*2020192006748~NM1*QC*1*TUTTLE*CHRISTOPH*D***MR*W102437~NM1*82*1*CADDALI*ESTRELLA*A***XX*1164974580~REF*EA*C9A45975B66F44A99B9E1DA15D2F70B4~DTM*232*20200603~DTM*233*20200603~SVC*HC:99214:95*272.99*19**1~DTM*472*20200603~CAS*CO*45*253.99~REF*6R*CP0YPE6AB4JY~AMT*B6*19~LQ*HE*N381~LQ*HE*N381~CLP*000100031238*2*346.81*34.97**MC*2020192006744~NM1*QC*1*ULIBARRI*JOHN****MR*F174411~NM1*82*1*GRONEMEYER*LEANNE*R***XX*1659521045~REF*EA*23A8D7E02C4A43C78AB53EF797B3F4A4~DTM*232*20200310~DTM*233*20200310~SVC*HC:99204:25*205*28.68**1~DTM*472*20200310~CAS*CO*45*176.32~REF*6R*CP0Y01GNCDHH~AMT*B6*28.68~LQ*HE*N381~LQ*HE*N381~SVC*HC:G0396*107.06*6.29**1~DTM*472*20200310~CAS*OA*P22*100.77~REF*6R*CP0YDOT3M1XG~AMT*B6*6.29~LQ*HE*MA125~LQ*HE*MA125~SVC*HC:G0444*30.75*0**1~DTM*472*20200310~CAS*CO*45*30.75~REF*6R*CP0YQAEBPRG0~SVC*HC:81002*4*0**1~DTM*472*20200310~CAS*CO*45*4~REF*6R*CP0YEXPZ68LR~LQ*HE*N381~CLP*000100035332*2*178.3*13.11**MC*2020185009804~NM1*QC*1*WAGNER*DOROTHY*J***MR*P790476~NM1*82*1*CADDALI*ESTRELLA*A***XX*1164974580~REF*EA*8E4420AEB4694AB2B059DC469D3F8BB5~DTM*232*20200527~DTM*233*20200527~SVC*HC:99213:95*178.3*13.11**1~DTM*472*20200527~CAS*CO*45*165.19~REF*6R*CPZAD876FAN8~AMT*B6*13.11~LQ*HE*N381~LQ*HE*N381~CLP*000100035698*2*316.11*19.4**MC*2020192006752~NM1*QC*1*WAGNER*DOROTHY*J***MR*P790476~NM1*82*1*CADDALI*ESTRELLA*A***XX*1164974580~REF*EA*99DC2F2C3A4F46D99016A94FC0EFC788~DTM*232*20200603~DTM*233*20200603~SVC*HC:99213:95:25*178.3*13.11**1~DTM*472*20200603~CAS*CO*45*165.19~REF*6R*CP0YRI95X2M1~AMT*B6*13.11~LQ*HE*N381~LQ*HE*N381~SVC*HC:G0444:95*30.75*0**1~DTM*472*20200603~CAS*CO*45*30.75~REF*6R*CP0Y073SQF86~SVC*HC:G0396:95*107.06*6.29**1~DTM*472*20200603~CAS*OA*P22*100.77~REF*6R*CP0YRWYV5LGZ~AMT*B6*6.29~LQ*HE*MA125~CLP*000100035267*2*22*2.28**MC*2020185009802~NM1*QC*1*ZARATE*JOHN****MR*I805862~NM1*82*1*SEARLES*DENISE*A***XX*1396971230~REF*EA*293363DE047743BC9F3018D7970B7645~DTM*232*20200526~DTM*233*20200526~SVC*HC:G2012*22*2.28**1~DTM*472*20200526~CAS*OA*P22*19.72~REF*6R*CPZAM17NGICX~AMT*B6*2.28~LQ*HE*MA125~LQ*HE*MA125~CLP*000100036302*1*178.3*65.81**MC*2020192038249~NM1*QC*1*ANDERSON*JACQULINE*M***MR*G934658~NM1*82*1*SEARLES*DENISE*A***XX*1396971230~REF*EA*1FCFF5E7A0724BFEB1E02610F41ED65B~DTM*232*20200616~DTM*233*20200616~SVC*HC:99213*178.3*65.81**1~DTM*472*20200616~CAS*CO*45*112.49~REF*6R*CP9UJRLL0HCG~AMT*B6*65.81~LQ*HE*N381~CLP*000100035858*1*710.01*136.87*2*MC*2020192038481~NM1*QC*1*ARCHULETA*HOPE****MR*Y395671~NM1*82*1*CADDALI*ESTRELLA*A***XX*1164974580~REF*EA*C94DB47F9D774F52A4E7FACDF98F56B6~DTM*232*20200605~DTM*233*20200605~SVC*HC:99203:25*266.84*95.43**1~DTM*472*20200605~CAS*PR*3*2~CAS*CO*45*169.41~REF*6R*CP9UXOU20LTY~AMT*B6*97.43~LQ*HE*N381~LQ*HE*N381~SVC*HC:H0049*403.17*10.92**1~DTM*472*20200605~CAS*CO*45*392.25~REF*6R*CP9UW1P6HZJ4~AMT*B6*10.92~LQ*HE*N381~SVC*HC:G8431*40*30.52**1~DTM*472*20200605~CAS*CO*45*9.48~REF*6R*CP9ULUPXQ7RE~AMT*B6*30.52~LQ*HE*N381~CLP*000100036322*1*272.99*95.11*2*MC*2020192038761~NM1*QC*1*ARGUELLO*MARY*L***MR*I158767~NM1*82*1*GRONEMEYER*LEANNE*R***XX*1659521045~REF*EA*83E016F3CB1E483EA41F078E44A2C54D~DTM*232*20200617~DTM*233*20200617~SVC*HC:99214:25*272.99*95.11**1~DTM*472*20200617~CAS*PR*3*2~CAS*CO*45*175.88~REF*6R*CP9UBDWYTHLN~AMT*B6*97.11~LQ*HE*N381~LQ*HE*N381~CLP*000100036322*1*15*7.42*1*MC*2020192038763~NM1*QC*1*ARGUELLO*MARY*L***MR*I158767~NM1*82*1*GRONEMEYER*LEANNE*R***XX*1659521045~REF*EA*735890ABA4B541D586F7C86EE3C28518~DTM*232*20200617~DTM*233*20200617~SVC*HC:81025*15*7.42**1~DTM*472*20200617~CAS*PR*3*1~CAS*CO*45*6.58~REF*6R*CP9UFQUMHZ8X~AMT*B6*8.42~LQ*HE*N381~LQ*HE*N381~CLP*000100035829*1*178.3*65.81**MC*2020192038509~NM1*QC*1*AVILA*KRISTA*M***MR*K943511~NM1*82*1*SEARLES*DENISE*A***XX*1396971230~REF*EA*5C404622A31544DEBB890659473DA9B0~DTM*232*20200605~DTM*233*20200605~SVC*HC:99213*178.3*65.81**1~DTM*472*20200605~CAS*CO*45*112.49~REF*6R*CP9U8UWHFQKS~AMT*B6*65.81~LQ*HE*N381~CLP*000100036111*1*178.3*65.81**MC*2020192038518~NM1*QC*1*AVILA*KRISTA*M***MR*K943511~NM1*82*1*SEARLES*DENISE*A***XX*1396971230~REF*EA*266C6D90A91B4E2B8FCFDAC8A01F55A8~DTM*232*20200611~DTM*233*20200611~SVC*HC:99213*178.3*65.81**1~DTM*472*20200611~CAS*CO*45*112.49~REF*6R*CP9UKSQXZ6VV~AMT*B6*65.81~LQ*HE*N381~CLP*000100035969*1*18.3*10.42*1*MC*2020192038652~NM1*QC*1*AVILA*SHANNA****MR*K598901~NM1*82*1*SEARLES*DENISE*A***XX*1396971230~REF*EA*E6779695BFA94537ADED6F953F9FF394~DTM*232*20200609~DTM*233*20200609~SVC*HC:36415*3.3*3**1~DTM*472*20200609~CAS*CO*45*.3~REF*6R*CP9UY71TWNNK~AMT*B6*3~LQ*HE*N381~SVC*HC:81025*15*7.42**1~DTM*472*20200609~CAS*PR*3*1~CAS*CO*45*6.58~REF*6R*CP9U7UY39MKM~AMT*B6*8.42~LQ*HE*N381~LQ*HE*N381~CLP*000100036275*1*178.3*63.81*2*MC*2020192038660~NM1*QC*1*AVILA*SHANNA****MR*K598901~NM1*82*1*GRONEMEYER*LEANNE*R***XX*1659521045~REF*EA*E01C26BE87B746ECAD6E011F260F9AF7~DTM*232*20200616~DTM*233*20200616~SVC*HC:99213:25*178.3*63.81**1~DTM*472*20200616~CAS*PR*3*2~CAS*CO*45*112.49~REF*6R*CP9UXFEIS0HV~AMT*B6*65.81~LQ*HE*N381~LQ*HE*N381~CLP*000100036275*1*19*10.82*1*MC*2020192038664~NM1*QC*1*AVILA*SHANNA****MR*K598901~NM1*82*1*GRONEMEYER*LEANNE*R***XX*1659521045~REF*EA*F2229AC2601E4DD6AA541B8C9A0BFE19~DTM*232*20200616~DTM*233*20200616~SVC*HC:81025*15*7.42**1~DTM*472*20200616~CAS*PR*3*1~CAS*CO*45*6.58~REF*6R*CP9U68S92G45~AMT*B6*8.42~LQ*HE*N381~LQ*HE*N381~SVC*HC:81002*4*3.4**1~DTM*472*20200616~CAS*CO*45*.6~REF*6R*CP9UXR7GXQ7W~AMT*B6*3.4~LQ*HE*N381~CLP*000100035969*1*178.3*63.81*2*MC*2020192038666~NM1*QC*1*AVILA*SHANNA****MR*K598901~NM1*82*1*SEARLES*DENISE*A***XX*1396971230~REF*EA*2947B03D91FC49C689F3F04F3E0BB039~DTM*232*20200609~DTM*233*20200609~SVC*HC:99213:25*178.3*63.81**1~DTM*472*20200609~CAS*PR*3*2~CAS*CO*45*112.49~REF*6R*CP9U6JCEE53B~AMT*B6*65.81~LQ*HE*N381~LQ*HE*N381~CLP*000100036220*1*290.21*71.25**MC*2020192038397~NM1*QC*1*BOISVERT*ORIEN*K***MR*O244414~NM1*82*1*SANCHEZ*LEANN*V***XX*1508990961~REF*EA*A05C25865EAC416BA02F5DFAA8C66759~DTM*232*20200615~DTM*233*20200615~SVC*HC:90834*290.21*71.25**1~DTM*472*20200615~CAS*CO*45*218.96~REF*6R*CP9U53OO7N99~AMT*B6*71.25~LQ*HE*N381~CLP*000100036232*1*178.3*65.81**MC*2020192038560~NM1*QC*1*BURACKER MARTINEZ*BRENDON*G***MR*Y807368~NM1*74*1*BURACKERMARTINE~NM1*82*1*GRONEMEYER*LEANNE*R***XX*1659521045~REF*EA*70FA74E575554389B53B505749C0EDA1~DTM*232*20200615~DTM*233*20200615~SVC*HC:99213*178.3*65.81**1~DTM*472*20200615~CAS*CO*45*112.49~REF*6R*CP9U1QBIP3F4~AMT*B6*65.81~LQ*HE*N381~CLP*000100036167*1*710.01*117.35*2*MC*2020192038373~NM1*QC*1*BURKS*PATRICE****MR*R582437~NM1*82*1*CADDALI*ESTRELLA*A***XX*1164974580~REF*EA*45514BF8B6CF45C4AB698B923C851600~DTM*232*20200612~DTM*233*20200612~SVC*HC:99203:25*266.84*95.43**1~DTM*472*20200612~CAS*PR*3*2~CAS*CO*45*169.41~REF*6R*CP9UI99BCJUE~AMT*B6*97.43~LQ*HE*N381~LQ*HE*N381~SVC*HC:H0049*403.17*10.92**1~DTM*472*20200612~CAS*CO*45*392.25~REF*6R*CP9UMD3NAP1B~AMT*B6*10.92~LQ*HE*N381~SVC*HC:G8510*40*11**1~DTM*472*20200612~CAS*CO*45*29~REF*6R*CP9U7M6P9Q5M~AMT*B6*11~LQ*HE*N381~CLP*000100035882*1*893.24*169.51*2*MC*2020192038678~NM1*QC*1*CHAVEZ*MONIQUE*L***MR*K568938~NM1*82*1*HOOSHMAND-PARSI*KAYHOSROW****XX*1447291851~REF*EA*8AB71A9C40814D5D89A75BBF1535A3D7~DTM*232*20200608~DTM*233*20200608~SVC*HC:99204:25*450.07*147.59**1~DTM*472*20200608~CAS*PR*3*2~CAS*CO*45*300.48~REF*6R*CP9U72JHIXU5~AMT*B6*149.59~LQ*HE*N381~LQ*HE*N381~SVC*HC:H0049*403.17*10.92**1~DTM*472*20200608~CAS*CO*45*392.25~REF*6R*CP9UDW6G9AMM~AMT*B6*10.92~LQ*HE*N381~SVC*HC:G8510*40*11**1~DTM*472*20200608~CAS*CO*45*29~REF*6R*CP9U38J7YLSN~AMT*B6*11~LQ*HE*N381~CLP*000100035882*1*15*7.42*1*MC*2020192038684~NM1*QC*1*CHAVEZ*MONIQUE*L***MR*K568938~NM1*82*1*HOOSHMAND-PARSI*KAYHOSROW****XX*1447291851~REF*EA*78AE15DDD36443EAAB4A208A2B89123F~DTM*232*20200608~DTM*233*20200608~SVC*HC:81025*15*7.42**1~DTM*472*20200608~CAS*PR*3*1~CAS*CO*45*6.58~REF*6R*CP9U9TSO0SX3~AMT*B6*8.42~LQ*HE*N381~LQ*HE*N381~CLP*000100036290*1*178.3*65.81**MC*2020192038713~NM1*QC*1*COBERLY*DOUGLAS*D***MR*R899013~NM1*82*1*GRONEMEYER*LEANNE*R***XX*1659521045~REF*EA*E21C9A21F97240ABB20181CFA062EA69~DTM*232*20200616~DTM*233*20200616~SVC*HC:99213*178.3*65.81**1~DTM*472*20200616~CAS*CO*45*112.49~REF*6R*CP9UQU3OWWQ2~AMT*B6*65.81~LQ*HE*N381~CLP*000100036251*1*178.3*65.81**MC*2020192038737~NM1*QC*1*COLEBURN*JENNIFER*M***MR*P379930~NM1*82*1*CADDALI*ESTRELLA*A***XX*1164974580~REF*EA*B44100CA66EB4798A9656186E6DEB1C1~DTM*232*20200616~DTM*233*20200616~SVC*HC:99213*178.3*65.81**1~DTM*472*20200616~CAS*CO*45*112.49~REF*6R*CP9UOYAR5CAM~AMT*B6*65.81~LQ*HE*N381~CLP*000100035850*1*178.3*65.81**MC*2020192038567~NM1*QC*1*CORDOVA*ANDREA*M***MR*K291945~NM1*82*1*SEARLES*DENISE*A***XX*1396971230~REF*EA*0D5C8AEC6EE34A1F871BA5CDC4FB9D7F~DTM*232*20200605~DTM*233*20200605~SVC*HC:99213*178.3*65.81**1~DTM*472*20200605~CAS*CO*45*112.49~REF*6R*CP9UDGXLY0Y7~AMT*B6*65.81~LQ*HE*N381~CLP*000100036169*1*178.3*65.81**MC*2020192038572~NM1*QC*1*CORDOVA*ANDREA*M***MR*K291945~NM1*82*1*SEARLES*DENISE*A***XX*1396971230~REF*EA*5697E55A76B04ED394B6B9BD93F7FD82~DTM*232*20200612~DTM*233*20200612~SVC*HC:99213*178.3*65.81**1~DTM*472*20200612~CAS*CO*45*112.49~REF*6R*CP9U7OHL62Y0~AMT*B6*65.81~LQ*HE*N381~CLP*000100036209*1*178.3*65.81**MC*2020192038304~NM1*QC*1*CORDOVA*JAMES****MR*A394790~NM1*82*1*GRONEMEYER*LEANNE*R***XX*1659521045~REF*EA*0B126CFAB2D845A0A5E09D4C085F0D92~DTM*232*20200615~DTM*233*20200615~SVC*HC:99213*178.3*65.81**1~DTM*472*20200615~CAS*CO*45*112.49~REF*6R*CP9UFIO89YF1~AMT*B6*65.81~LQ*HE*N381~CLP*000100036083*1*893.24*191.03**MC*2020192038686~NM1*QC*1*DELEON*BRANDON*V***MR*D811741~NM1*82*1*SEARLES*DENISE*A***XX*1396971230~REF*EA*9405A4A733D644EA903DD5AA6E200180~DTM*232*20200611~DTM*233*20200611~SVC*HC:99204:25*450.07*149.59**1~DTM*472*20200611~CAS*CO*45*300.48~REF*6R*CP9UIW29GMZZ~AMT*B6*149.59~LQ*HE*N381~SVC*HC:H0049*403.17*10.92**1~DTM*472*20200611~CAS*CO*45*392.25~REF*6R*CP9UOCKKKGQQ~AMT*B6*10.92~LQ*HE*N381~SVC*HC:G8431*40*30.52**1~DTM*472*20200611~CAS*CO*45*9.48~REF*6R*CP9UGWXO96C8~AMT*B6*30.52~LQ*HE*N381~CLP*000100036121*1*178.3*65.81**MC*2020192038757~NM1*QC*1*DIAZ*DOMINIC*M***MR*U857412~NM1*82*1*SEARLES*DENISE*A***XX*1396971230~REF*EA*62F6A1334C6D4A8987E28922BB39878D~DTM*232*20200611~DTM*233*20200611~SVC*HC:99213*178.3*65.81**1~DTM*472*20200611~CAS*CO*45*112.49~REF*6R*CP9U6XEKW4B6~AMT*B6*65.81~LQ*HE*N381~CLP*000100036993*1*178.3*65.15**MC*2020192038759~NM1*QC*1*FISHBACK*JEFF*A***MR*O617751~NM1*82*1*CADDALI*ESTRELLA*A***XX*1164974580~REF*EA*A5B9C72756264CB79F097574C241DD9F~DTM*232*20200701~DTM*233*20200701~SVC*HC:99213*178.3*65.15**1~DTM*472*20200701~CAS*CO*45*113.15~REF*6R*CP9UH1SZ96E9~AMT*B6*65.15~LQ*HE*N45~LQ*HE*N381~CLP*000100035826*1*88.54*37.39*2*MC*2020192038341~NM1*QC*1*FLORES*AMBER****MR*S559509~NM1*82*1*SEARLES*DENISE*A***XX*1396971230~REF*EA*AC181BBA5B1349E481684D45634507B3~DTM*232*20200605~DTM*233*20200605~SVC*HC:99212*88.54*37.39**1~DTM*472*20200605~CAS*PR*3*2~CAS*CO*45*49.15~REF*6R*CP9UWQOU0P3Z~AMT*B6*39.39~LQ*HE*N381~LQ*HE*N381~CLP*000100036155*1*178.3*65.81**MC*2020192038256~NM1*QC*1*FLORES*KEITH*L***MR*W751068~NM1*82*1*SEARLES*DENISE*A***XX*1396971230~REF*EA*E13519B676924C8AB39CF8BC0152995D~DTM*232*20200612~DTM*233*20200612~SVC*HC:99213*178.3*65.81**1~DTM*472*20200612~CAS*CO*45*112.49~REF*6R*CP9UV6TQ28VY~AMT*B6*65.81~LQ*HE*N381~CLP*000100036226*1*621.47*87.73**MC*2020192038274~NM1*QC*1*FOX*KERRY****MR*Y600007~NM1*82*1*GRONEMEYER*LEANNE*R***XX*1659521045~REF*EA*12D14E77D0FE4E69821D30C9E0021A73~DTM*232*20200615~DTM*233*20200615~SVC*HC:99213:25*178.3*65.81**1~DTM*472*20200615~CAS*CO*45*112.49~REF*6R*CP9UZSI3449Z~AMT*B6*65.81~LQ*HE*N381~SVC*HC:H0049*403.17*10.92**1~DTM*472*20200615~CAS*CO*45*392.25~REF*6R*CP9UN0TWZCOO~AMT*B6*10.92~LQ*HE*N381~SVC*HC:G8510*40*11**1~DTM*472*20200615~CAS*CO*45*29~REF*6R*CP9U0BXZ4FN4~AMT*B6*11~LQ*HE*N381~CLP*000100035874*1*272.99*97.11**MC*2020192038742~NM1*QC*1*GARCIA*TERRI*L***MR*D571618~NM1*82*1*HOOSHMAND-PARSI*KAYHOSROW****XX*1447291851~REF*EA*B1163B9E1D164305A4D428024272C94B~DTM*232*20200608~DTM*233*20200608~SVC*HC:99214:25*272.99*97.11**1~DTM*472*20200608~CAS*CO*45*175.88~REF*6R*CP9U69RH9H6U~AMT*B6*97.11~LQ*HE*N381~CLP*000100035874*1*1903.99*1262.42**MC*2020192038745~NM1*QC*1*GARCIA*TERRI*L***MR*D571618~NM1*82*1*HOOSHMAND-PARSI*KAYHOSROW****XX*1447291851~REF*EA*56E1DF4E032C4AFABF54198727AA5C9F~DTM*232*20200608~DTM*233*20200608~SVC*HC:96372*83.99*0**0**1~DTM*472*20200608~CAS*CO*109*83.99~REF*6R*CP9U8DMIO2D4~LQ*HE*N381~SVC*HC:J2315*1805*1254**380~DTM*472*20200608~CAS*CO*45*551~REF*6R*CP9UFGJGDRSI~AMT*B6*1254~LQ*HE*N381~SVC*HC:81025*15*8.42**1~DTM*472*20200608~CAS*CO*45*6.58~REF*6R*CP9UD8V4LQH5~AMT*B6*8.42~LQ*HE*N381~CLP*000100036315*1*178.3*63.81*2*MC*2020192038730~NM1*QC*1*GIERHART*JAMES*T***MR*G669412~NM1*82*1*GRONEMEYER*LEANNE*R***XX*1659521045~REF*EA*921C76F3DA934AAA80937696DFFBBC8D~DTM*232*20200617~DTM*233*20200617~SVC*HC:99213*178.3*63.81**1~DTM*472*20200617~CAS*PR*3*2~CAS*CO*45*112.49~REF*6R*CP9UXT5BKBEA~AMT*B6*65.81~LQ*HE*N381~LQ*HE*N381~CLP*000100036168*1*178.3*63.81*2*MC*2020192038733~NM1*QC*1*GIERHART*JAMES*T***MR*G669412~NM1*82*1*SEARLES*DENISE*A***XX*1396971230~REF*EA*B06C6576F7D949CD958C91A30E468CD9~DTM*232*20200612~DTM*233*20200612~SVC*HC:99213*178.3*63.81**1~DTM*472*20200612~CAS*PR*3*2~CAS*CO*45*112.49~REF*6R*CP9UHDEWLEBD~AMT*B6*65.81~LQ*HE*N381~LQ*HE*N381~CLP*000100036391*1*178.3*65.81**MC*2020192038741~NM1*QC*1*GOW*LAYLA*A***MR*O314223~NM1*82*1*GRONEMEYER*LEANNE*R***XX*1659521045~REF*EA*91CFD9C364844CB087FA90AC251EA77A~DTM*232*20200617~DTM*233*20200617~SVC*HC:99213*178.3*65.81**1~DTM*472*20200617~CAS*CO*45*112.49~REF*6R*CP9U33SIJ1UE~AMT*B6*65.81~LQ*HE*N381~CLP*000100036115*1*178.3*65.81**MC*2020192038624~NM1*QC*1*GURULE*TRAVIS*L***MR*O382860~NM1*82*1*SEARLES*DENISE*A***XX*1396971230~REF*EA*2AFB161055E64C12BF468D2F1B598540~DTM*232*20200611~DTM*233*20200611~SVC*HC:99213*178.3*65.81**1~DTM*472*20200611~CAS*CO*45*112.49~REF*6R*CP9U56DSCKRE~AMT*B6*65.81~LQ*HE*N381~CLP*000100036387*1*178.3*63.81*2*MC*2020192038494~NM1*QC*1*HACKWORTH*ATLANTA*M***MR*P730697~NM1*82*1*GRONEMEYER*LEANNE*R***XX*1659521045~REF*EA*860253E99CB34DDEA2E113EF8400E2A8~DTM*232*20200617~DTM*233*20200617~SVC*HC:99213*178.3*63.81**1~DTM*472*20200617~CAS*PR*3*2~CAS*CO*45*112.49~REF*6R*CP9UOPE0AX4V~AMT*B6*65.81~LQ*HE*N381~LQ*HE*N381~CLP*000100036257*1*178.3*65.81**MC*2020192038499~NM1*QC*1*HEAD*TERRI*L***MR*Y486682~NM1*82*1*CADDALI*ESTRELLA*A***XX*1164974580~REF*EA*8E3EB699B9D245B3AA052790213DC667~DTM*232*20200616~DTM*233*20200616~SVC*HC:99213*178.3*65.81**1~DTM*472*20200616~CAS*CO*45*112.49~REF*6R*CP9UZHM9VD94~AMT*B6*65.81~LQ*HE*N381~CLP*000100036994*1*178.3*65.15**MC*2020192038503~NM1*QC*1*HEAD*TERRI*L***MR*Y486682~NM1*82*1*CADDALI*ESTRELLA*A***XX*1164974580~REF*EA*14BB8CD6D09C477098654059D132DF34~DTM*232*20200701~DTM*233*20200701~SVC*HC:99213*178.3*65.15**1~DTM*472*20200701~CAS*CO*45*113.15~REF*6R*CP9U9H3L8VPC~AMT*B6*65.15~LQ*HE*N45~LQ*HE*N381~CLP*000100035885*1*178.3*65.81**MC*2020192038310~NM1*QC*1*HEREDIA*NEISHA****MR*M350525~NM1*82*1*HOOSHMAND-PARSI*KAYHOSROW****XX*1447291851~REF*EA*BE432B30EA784048BD55717978F4031F~DTM*232*20200608~DTM*233*20200608~SVC*HC:99213:25*178.3*65.81**1~DTM*472*20200608~CAS*CO*45*112.49~REF*6R*CP9UCB86C83G~AMT*B6*65.81~LQ*HE*N381~CLP*000100035885*1*15*8.42**MC*2020192038325~NM1*QC*1*HEREDIA*NEISHA****MR*M350525~NM1*82*1*HOOSHMAND-PARSI*KAYHOSROW****XX*1447291851~REF*EA*52D20DE3A08842D2944D55872752999C~DTM*232*20200608~DTM*233*20200608~SVC*HC:81025*15*8.42**1~DTM*472*20200608~CAS*CO*45*6.58~REF*6R*CP9UKY56DBKI~AMT*B6*8.42~LQ*HE*N381~CLP*000100036361*1*178.3*65.81**MC*2020192038264~NM1*QC*1*HERRERA*CLORINDA*E***MR*C652229~NM1*82*1*CADDALI*ESTRELLA*A***XX*1164974580~REF*EA*163B396AF55342F8B6CD9DF6BABA53FE~DTM*232*20200617~DTM*233*20200617~SVC*HC:99213*178.3*65.81**1~DTM*472*20200617~CAS*CO*45*112.49~REF*6R*CP9U4J4VGIAX~AMT*B6*65.81~LQ*HE*N381~CLP*000100036383*1*178.3*65.81**MC*2020192038524~NM1*QC*1*HINOJOSA*MICHAELE*R***MR*D736138~NM1*82*1*GRONEMEYER*LEANNE*R***XX*1659521045~REF*EA*F6C0B7DCDE5043EFA91C17563A85A913~DTM*232*20200617~DTM*233*20200617~SVC*HC:99213*178.3*65.81**1~DTM*472*20200617~CAS*CO*45*112.49~REF*6R*CP9UL3E2J51D~AMT*B6*65.81~LQ*HE*N381~CLP*000100035828*1*178.3*65*.81*MC*2020192038542~NM1*QC*1*JARAMILLO*RACHEL*A***MR*Y000126~NM1*82*1*SEARLES*DENISE*A***XX*1396971230~REF*EA*CB2FBFD5EDE34D8E92C6337794939F63~DTM*232*20200605~DTM*233*20200605~SVC*HC:99213*178.3*65**1~DTM*472*20200605~CAS*PR*3*.81~CAS*CO*45*112.49~REF*6R*CP9U8M49RDDR~AMT*B6*65.81~LQ*HE*N381~LQ*HE*N381~CLP*000100036345*1*178.3*65.81**MC*2020192038551~NM1*QC*1*JARAMILLO*RACHEL*A***MR*Y000126~NM1*82*1*SEARLES*DENISE*A***XX*1396971230~REF*EA*A7980493C4D24953A8149D55172C8A7F~DTM*232*20200617~DTM*233*20200617~SVC*HC:99213:25*178.3*65.81**1~DTM*472*20200617~CAS*CO*45*112.49~REF*6R*CP9U6D6XZAIG~AMT*B6*65.81~LQ*HE*N381~CLP*000100036345*1*15*8.42**MC*2020192038558~NM1*QC*1*JARAMILLO*RACHEL*A***MR*Y000126~NM1*82*1*SEARLES*DENISE*A***XX*1396971230~REF*EA*60AEA0BA00534C82B3FE954D48DB450F~DTM*232*20200617~DTM*233*20200617~SVC*HC:81025*15*8.42**1~DTM*472*20200617~CAS*CO*45*6.58~REF*6R*CP9UNV6CXR7L~AMT*B6*8.42~LQ*HE*N381~CLP*000100036129*1*178.3*63.81*2*MC*2020192038738~NM1*QC*1*JOHNSON*GRANT*O***MR*P126521~NM1*82*1*SEARLES*DENISE*A***XX*1396971230~REF*EA*4067F9A432084BA1BADB29B44C03C70C~DTM*232*20200612~DTM*233*20200612~SVC*HC:99213*178.3*63.81**1~DTM*472*20200612~CAS*PR*3*2~CAS*CO*45*112.49~REF*6R*CP9UQUQ7TSX3~AMT*B6*65.81~LQ*HE*N381~LQ*HE*N381~CLP*000100036365*1*178.3*65.81**MC*2020192038329~NM1*QC*1*MADERAS*DANIELA****MR*Q134586~NM1*82*1*CADDALI*ESTRELLA*A***XX*1164974580~REF*EA*DE73696F43DF4C4394EEEF73F21FF42E~DTM*232*20200617~DTM*233*20200617~SVC*HC:99213*178.3*65.81**1~DTM*472*20200617~CAS*CO*45*112.49~REF*6R*CP9UKBCOUOLA~AMT*B6*65.81~LQ*HE*N381~CLP*000100036270*1*178.3*65.81**MC*2020192038750~NM1*QC*1*MADRID*CLORISSA****MR*G303592~NM1*82*1*GRONEMEYER*LEANNE*R***XX*1659521045~REF*EA*927C85F94A91449A86C42762566F6363~DTM*232*20200616~DTM*233*20200616~SVC*HC:99213*178.3*65.81**1~DTM*472*20200616~CAS*CO*45*112.49~REF*6R*CP9UHP6LYD4X~AMT*B6*65.81~LQ*HE*N381~CLP*000100036393*1*1888.99*1254**MC*2020192038634~NM1*QC*1*MAES*ERNEST*R***MR*K993029~NM1*82*1*SEARLES*DENISE*A***XX*1396971230~REF*EA*7A7307213485428A8E94ABCFE4DE6E01~DTM*232*20200618~DTM*233*20200618~SVC*HC:96372*83.99*0**0**1~DTM*472*20200618~CAS*CO*109*83.99~REF*6R*CP9U66OSLCMN~LQ*HE*N381~SVC*HC:J2315*1805*1254**380~DTM*472*20200618~CAS*CO*45*551~REF*6R*CP9UCS97159C~AMT*B6*1254~LQ*HE*N381~CLP*000100036393*1*178.3*65.81**MC*2020192038641~NM1*QC*1*MAES*ERNEST*R***MR*K993029~NM1*82*1*SEARLES*DENISE*A***XX*1396971230~REF*EA*09BCA0D69C644CBFA3860A4B6C2BAAE4~DTM*232*20200618~DTM*233*20200618~SVC*HC:99213:25*178.3*65.81**1~DTM*472*20200618~CAS*CO*45*112.49~REF*6R*CP9UVOEQFBHT~AMT*B6*65.81~LQ*HE*N381~CLP*000100025348*1*272.99*97.11**MC*2020192038620~NM1*QC*1*MARQUEZ*JON****MR*S249531~NM1*82*1*LUCAS*PEGGI*S***XX*1366419582~REF*EA*C7BFB728211F4D2A8433613E30B842B3~DTM*232*20191118~DTM*233*20191118~SVC*HC:99214*272.99*97.11**1~DTM*472*20191118~CAS*CO*45*175.88~REF*6R*CP9U4FV8QAX6~AMT*B6*97.11~LQ*HE*N293~LQ*HE*N381~CLP*000100036304*1*178.3*65.81**MC*2020192038767~NM1*QC*1*MAZUREK*DIANE****MR*P687663~NM1*82*1*GRONEMEYER*LEANNE*R***XX*1659521045~REF*EA*575E9F84068743E29AC93319C15E2126~DTM*232*20200616~DTM*233*20200616~SVC*HC:99213*178.3*65.81**1~DTM*472*20200616~CAS*CO*45*112.49~REF*6R*CP9UCJI9NM3Y~AMT*B6*65.81~LQ*HE*N381~CLP*000100036151*1*178.3*65.81**MC*2020192038721~NM1*QC*1*MCCANDLESS*ANTHONY****MR*X214553~NM1*82*1*SEARLES*DENISE*A***XX*1396971230~REF*EA*57B60C7EEE124FE2AEA7C58ECF8D0AAD~DTM*232*20200612~DTM*233*20200612~SVC*HC:99213*178.3*65.81**1~DTM*472*20200612~CAS*CO*45*112.49~REF*6R*CP9UURNXP53O~AMT*B6*65.81~LQ*HE*N381~CLP*000100035849*1*178.3*65.81**MC*2020192038723~NM1*QC*1*MCCANDLESS*ANTHONY****MR*X214553~NM1*82*1*SEARLES*DENISE*A***XX*1396971230~REF*EA*4364AE37C56A4011BED3E4E7813167F0~DTM*232*20200605~DTM*233*20200605~SVC*HC:99213*178.3*65.81**1~DTM*472*20200605~CAS*CO*45*112.49~REF*6R*CP9UDK1R75YN~AMT*B6*65.81~LQ*HE*N381~CLP*000100036108*1*178.3*65.81**MC*2020192038599~NM1*QC*1*MCCLURE*THOMAS*M***MR*K853447~NM1*82*1*SEARLES*DENISE*A***XX*1396971230~REF*EA*B65E41B202214CD5B444405EEA432CBD~DTM*232*20200611~DTM*233*20200611~SVC*HC:99213*178.3*65.81**1~DTM*472*20200611~CAS*CO*45*112.49~REF*6R*CP9UPO211X07~AMT*B6*65.81~LQ*HE*N381~CLP*000100035820*1*710.01*138.87**MC*2020192038583~NM1*QC*1*MEDINA*BRANDON*J***MR*T858312~NM1*82*1*SEARLES*DENISE*A***XX*1396971230~REF*EA*4971C38706DC46CAAF24171F23E83101~DTM*232*20200605~DTM*233*20200605~SVC*HC:99203:25*266.84*97.43**1~DTM*472*20200605~CAS*CO*45*169.41~REF*6R*CP9UVEL8AKGF~AMT*B6*97.43~LQ*HE*N381~SVC*HC:H0049*403.17*10.92**1~DTM*472*20200605~CAS*CO*45*392.25~REF*6R*CP9UUYXVM0BZ~AMT*B6*10.92~LQ*HE*N381~SVC*HC:G8431*40*30.52**1~DTM*472*20200605~CAS*CO*45*9.48~REF*6R*CP9UOKA7ZQSI~AMT*B6*30.52~LQ*HE*N381~CLP*000100035890*1*178.3*65.81**MC*2020192038593~NM1*QC*1*MEDINA*EDWARD*R***MR*O654584~NM1*82*1*HOOSHMAND-PARSI*KAYHOSROW****XX*1447291851~REF*EA*6F2CC2A097A640E9AD8A34E87776C399~DTM*232*20200608~DTM*233*20200608~SVC*HC:99213*178.3*65.81**1~DTM*472*20200608~CAS*CO*45*112.49~REF*6R*CP9UP6T70AT8~AMT*B6*65.81~LQ*HE*N381~CLP*000100036242*1*178.3*63.81*2*MC*2020192038748~NM1*QC*1*MILLER*JEFFREY*C***MR*G866706~NM1*82*1*SEARLES*DENISE*A***XX*1396971230~REF*EA*C37AE50420654D37A409BF4C7FE47787~DTM*232*20200616~DTM*233*20200616~SVC*HC:99213*178.3*63.81**1~DTM*472*20200616~CAS*PR*3*2~CAS*CO*45*112.49~REF*6R*CP9UFXSSDJOU~AMT*B6*65.81~LQ*HE*N381~LQ*HE*N381~CLP*000100036323*1*178.3*65.81**MC*2020192038487~NM1*QC*1*MITCHELL*SHERRY****MR*I873951~NM1*82*1*CADDALI*ESTRELLA*A***XX*1164974580~REF*EA*2037A6DE7D8E461DAF0EA11B43681D27~DTM*232*20200617~DTM*233*20200617~SVC*HC:99213*178.3*65.81**1~DTM*472*20200617~CAS*CO*45*112.49~REF*6R*CP9UIDZ8HMUE~AMT*B6*65.81~LQ*HE*N381~CLP*000100036359*1*178.3*65.81**MC*2020192038630~NM1*QC*1*MONSON*SAVANNAH*R***MR*U391305~NM1*82*1*GRONEMEYER*LEANNE*R***XX*1659521045~REF*EA*029D34B35CE743F384F584635E586E15~DTM*232*20200617~DTM*233*20200617~SVC*HC:99213*178.3*65.81**1~DTM*472*20200617~CAS*CO*45*112.49~REF*6R*CP9UL8KBLF05~AMT*B6*65.81~LQ*HE*N381~CLP*000100036159*1*1888.99*1254**MC*2020192038404~NM1*QC*1*MOORE*MELISSA****MR*O302777~NM1*82*1*SEARLES*DENISE*A***XX*1396971230~REF*EA*7453F35DBB3047E8AD8F5FB73BE47148~DTM*232*20200612~DTM*233*20200612~SVC*HC:96372*83.99*0**0**1~DTM*472*20200612~CAS*CO*109*83.99~REF*6R*CP9UH7JEP4I7~LQ*HE*N381~SVC*HC:J2315*1805*1254**380~DTM*472*20200612~CAS*CO*45*551~REF*6R*CP9UCTN9GILO~AMT*B6*1254~LQ*HE*N381~CLP*000100036159*1*178.3*65.81**MC*2020192038413~NM1*QC*1*MOORE*MELISSA****MR*O302777~NM1*82*1*SEARLES*DENISE*A***XX*1396971230~REF*EA*F503A2F1B38F444A9BA59AE479F300B5~DTM*232*20200612~DTM*233*20200612~SVC*HC:99213:25*178.3*65.81**1~DTM*472*20200612~CAS*CO*45*112.49~REF*6R*CP9ULM0GPQL9~AMT*B6*65.81~LQ*HE*N381~CLP*000100036297*1*88.54*37.39*2*MC*2020192038296~NM1*QC*1*OVERTURF*TAMIKA*T***MR*O419065~NM1*82*1*SEARLES*DENISE*A***XX*1396971230~REF*EA*DCB37E889DF44DA2BDA9881175B3A7F9~DTM*232*20200616~DTM*233*20200616~SVC*HC:99212*88.54*37.39**1~DTM*472*20200616~CAS*PR*3*2~CAS*CO*45*49.15~REF*6R*CP9UG8YIQNJF~AMT*B6*39.39~LQ*HE*N381~LQ*HE*N381~CLP*000100036244*1*178.3*65.81**MC*2020192038617~NM1*QC*1*PACHECO*CHRISTOPHER*A***MR*K453230~NM1*82*1*CADDALI*ESTRELLA*A***XX*1164974580~REF*EA*8D0FCF9008A649DA8F83471EB142F9CE~DTM*232*20200616~DTM*233*20200616~SVC*HC:99213*178.3*65.81**1~DTM*472*20200616~CAS*CO*45*112.49~REF*6R*CP9UGDOXYBKF~AMT*B6*65.81~LQ*HE*N381~CLP*000100036250*1*88.54*39.39**MC*2020192038628~NM1*QC*1*PADILLA*LAURA*C***MR*Y008082~NM1*82*1*CADDALI*ESTRELLA*A***XX*1164974580~REF*EA*C4991486AFCC4A2383835C5AEC82B65A~DTM*232*20200616~DTM*233*20200616~SVC*HC:99212*88.54*39.39**1~DTM*472*20200616~CAS*CO*45*49.15~REF*6R*CP9U0LPPGD9K~AMT*B6*39.39~LQ*HE*N381~CLP*000100036241*1*178.3*65.81**MC*2020192038363~NM1*QC*1*PAIZ*DESIREE*V***MR*J620284~NM1*82*1*SEARLES*DENISE*A***XX*1396971230~REF*EA*8DF0D9CCD32048C188E564C6F4B5A493~DTM*232*20200616~DTM*233*20200616~SVC*HC:99213*178.3*65.81**1~DTM*472*20200616~CAS*CO*45*112.49~REF*6R*CP9UHU8DK1M7~AMT*B6*65.81~LQ*HE*N381~CLP*000100036370*1*178.3*65.81**MC*2020192038704~NM1*QC*1*PAULSEN*STACY****MR*W216187~NM1*82*1*CADDALI*ESTRELLA*A***XX*1164974580~REF*EA*F31B03229605495BAEC95DFB5B1E2722~DTM*232*20200617~DTM*233*20200617~SVC*HC:99213*178.3*65.81**1~DTM*472*20200617~CAS*CO*45*112.49~REF*6R*CP9U4SNADLPU~AMT*B6*65.81~LQ*HE*N381~CLP*000100036406*1*178.3*65.81**MC*2020192038699~NM1*QC*1*PEARCE*HOPE*E***MR*Y742739~NM1*82*1*CADDALI*ESTRELLA*A***XX*1164974580~REF*EA*E0C381F99381405285F66E912ECCC4B6~DTM*232*20200618~DTM*233*20200618~SVC*HC:99213*178.3*65.81**1~DTM*472*20200618~CAS*CO*45*112.49~REF*6R*CP9U2VEH0BPC~AMT*B6*65.81~LQ*HE*N381~CLP*000100036262*1*178.3*63.81*2*MC*2020192038672~NM1*QC*1*PEREZ*DEAN*J***MR*Y959714~NM1*82*1*GRONEMEYER*LEANNE*R***XX*1659521045~REF*EA*F66E789171B94BD5B089BD8374368D9F~DTM*232*20200616~DTM*233*20200616~SVC*HC:99213*178.3*63.81**1~DTM*472*20200616~CAS*PR*3*2~CAS*CO*45*112.49~REF*6R*CP9U0VA8S2ST~AMT*B6*65.81~LQ*HE*N381~LQ*HE*N381~CLP*000100035836*1*1888.99*1254**MC*2020192038676~NM1*QC*1*PEREZ*DEAN*J***MR*Y959714~NM1*82*1*SEARLES*DENISE*A***XX*1396971230~REF*EA*541D3E8171BF45F5BEA27C03701D625F~DTM*232*20200605~DTM*233*20200605~SVC*HC:96372*83.99*0**0**1~DTM*472*20200605~CAS*CO*109*83.99~REF*6R*CP9UCDP6ZA4N~LQ*HE*N381~SVC*HC:J2315*1805*1254**380~DTM*472*20200605~CAS*CO*45*551~REF*6R*CP9ULQMSPEQW~AMT*B6*1254~LQ*HE*N381~CLP*000100035836*1*710.01*136.87*2*MC*2020192038677~NM1*QC*1*PEREZ*DEAN*J***MR*Y959714~NM1*82*1*SEARLES*DENISE*A***XX*1396971230~REF*EA*5089524E4E154E06ACE76F5EC7851804~DTM*232*20200605~DTM*233*20200605~SVC*HC:99203:25*266.84*95.43**1~DTM*472*20200605~CAS*PR*3*2~CAS*CO*45*169.41~REF*6R*CP9UUIWE8XMZ~AMT*B6*97.43~LQ*HE*N381~LQ*HE*N381~SVC*HC:H0049*403.17*10.92**1~DTM*472*20200605~CAS*CO*45*392.25~REF*6R*CP9USJBYF656~AMT*B6*10.92~LQ*HE*N381~SVC*HC:G8431*40*30.52**1~DTM*472*20200605~CAS*CO*45*9.48~REF*6R*CP9U12S49W2E~AMT*B6*30.52~LQ*HE*N381~CLP*000100036285*1*266.84*97.43**MC*2020192038286~NM1*QC*1*RAMIREZ*TRINITY*R***MR*G594023~NM1*82*1*CADDALI*ESTRELLA*A***XX*1164974580~REF*EA*3BEC789E3BF94A34A7AF6A3A8EBECDC5~DTM*232*20200616~DTM*233*20200616~SVC*HC:99203*266.84*97.43**1~DTM*472*20200616~CAS*CO*45*169.41~REF*6R*CP9US3DJ05QR~AMT*B6*97.43~LQ*HE*N381~CLP*000100036182*1*88.54*39.39**MC*2020192038753~NM1*QC*1*RITCHIE*SADIE*R***MR*O200241~NM1*82*1*SEARLES*DENISE*A***XX*1396971230~REF*EA*0E24582428F5436E94B1F74EB6ACCAC5~DTM*232*20200612~DTM*233*20200612~SVC*HC:99212*88.54*39.39**1~DTM*472*20200612~CAS*CO*45*49.15~REF*6R*CP9UUL8B69JE~AMT*B6*39.39~LQ*HE*N381~CLP*000100036296*1*217.66*55.35**MC*2020192038229~NM1*QC*1*ROBINSON*RONDA*K***MR*U259239~NM1*82*1*LEWIS*HOLLY*G***XX*1295234128~REF*EA*66A7A3C0CC6743C8B8820AC8C36C562E~DTM*232*20200616~DTM*233*20200616~SVC*HC:90832*217.66*55.35**1~DTM*472*20200616~CAS*CO*45*162.31~REF*6R*CP9U34M0I4C0~AMT*B6*55.35~LQ*HE*N381~CLP*000100036024*1*893.24*191.03**MC*2020192038289~NM1*QC*1*ROBINSON*RONDA*K***MR*U259239~NM1*82*1*HOOSHMAND-PARSI*KAYHOSROW****XX*1447291851~REF*EA*2D8061CBCDC242CEA7EE22FE53F37FAE~DTM*232*20200610~DTM*233*20200610~SVC*HC:99204:25*450.07*149.59**1~DTM*472*20200610~CAS*CO*45*300.48~REF*6R*CP9UUFJLZMQ4~AMT*B6*149.59~LQ*HE*N381~SVC*HC:H0049*403.17*10.92**1~DTM*472*20200610~CAS*CO*45*392.25~REF*6R*CP9UZ5HJ54FT~AMT*B6*10.92~LQ*HE*N381~SVC*HC:G8431*40*30.52**1~DTM*472*20200610~CAS*CO*45*9.48~REF*6R*CP9U5BE8V4NH~AMT*B6*30.52~LQ*HE*N381~CLP*000100036135*1*4*3.4**MC*2020192038419~NM1*QC*1*RODRIGUEZ*CAROLINA*M***MR*Y641512~NM1*82*1*CADDALI*ESTRELLA*A***XX*1164974580~REF*EA*9B0349EC97F449C488E97FCBB31AAB3C~DTM*232*20200612~DTM*233*20200612~SVC*HC:81002*4*3.4**1~DTM*472*20200612~CAS*CO*45*.6~REF*6R*CP9UNW1FU7KT~AMT*B6*3.4~LQ*HE*N381~CLP*000100036135*1*178.3*65.81**MC*2020192038448~NM1*QC*1*RODRIGUEZ*CAROLINA*M***MR*Y641512~NM1*82*1*CADDALI*ESTRELLA*A***XX*1164974580~REF*EA*5C40F0FDC1F94443886205820540BC0F~DTM*232*20200612~DTM*233*20200612~SVC*HC:99213:25*178.3*65.81**1~DTM*472*20200612~CAS*CO*45*112.49~REF*6R*CP9ULT1J3G32~AMT*B6*65.81~LQ*HE*N381~CLP*000100036346*1*178.3*65.81**MC*2020192038754~NM1*QC*1*SANCHEZ*LEANNA*A***MR*L179099~NM1*82*1*GRONEMEYER*LEANNE*R***XX*1659521045~REF*EA*EAB944EFC36E4BF99D0CB95222EFEBD8~DTM*232*20200617~DTM*233*20200617~SVC*HC:99213*178.3*65.81**1~DTM*472*20200617~CAS*CO*45*112.49~REF*6R*CP9UO2MCF3ZC~AMT*B6*65.81~LQ*HE*N381~CLP*000100036402*1*272.99*97.11**MC*2020192038332~NM1*QC*1*SANTISTEVAN*HOPE****MR*Y206109~NM1*82*1*GRONEMEYER*LEANNE*R***XX*1659521045~REF*EA*887990CB4B2043229A6B1EFD94F77C26~DTM*232*20200618~DTM*233*20200618~SVC*HC:99214*272.99*97.11**1~DTM*472*20200618~CAS*CO*45*175.88~REF*6R*CP9UMTDMDBEV~AMT*B6*97.11~LQ*HE*N381~CLP*000100035891*1*272.99*95.11*2*MC*2020192038354~NM1*QC*1*SCHUDAR*JOHN*R***MR*Y988342~NM1*82*1*HOOSHMAND-PARSI*KAYHOSROW****XX*1447291851~REF*EA*1AAD4F58C69B441CAAABFE933DFB42BC~DTM*232*20200608~DTM*233*20200608~SVC*HC:99214*272.99*95.11**1~DTM*472*20200608~CAS*PR*3*2~CAS*CO*45*175.88~REF*6R*CP9URG81SGNQ~AMT*B6*97.11~LQ*HE*N381~LQ*HE*N381~CLP*000100036092*1*178.3*65.81**MC*2020192038389~NM1*QC*1*SCOTT*MADDISON*R***MR*O591333~NM1*82*1*CADDALI*ESTRELLA*A***XX*1164974580~REF*EA*DB8B4C8B71BA4B368356CEB7D4DD4B50~DTM*232*20200611~DTM*233*20200611~SVC*HC:99213*178.3*65.81**1~DTM*472*20200611~CAS*CO*45*112.49~REF*6R*CP9U0NCZC6GI~AMT*B6*65.81~LQ*HE*N381~CLP*000100035860*1*178.3*65.81**MC*2020192038614~NM1*QC*1*SIGOURNEY*BRIAN*R***MR*V270102~NM1*82*1*SEARLES*DENISE*A***XX*1396971230~REF*EA*D68E9BC4BB2545AFB5872283CCF98D9A~DTM*232*20200605~DTM*233*20200605~SVC*HC:99213*178.3*65.81**1~DTM*472*20200605~CAS*CO*45*112.49~REF*6R*CP9UXC4ZVH6P~AMT*B6*65.81~LQ*HE*N381~CLP*000100036203*1*178.3*65.81**MC*2020192038714~NM1*QC*1*STRAIT*LORRAINE*A***MR*Y360507~NM1*82*1*GRONEMEYER*LEANNE*R***XX*1659521045~REF*EA*5F9C24892D18484FA3333E353ABFED78~DTM*232*20200615~DTM*233*20200615~SVC*HC:99213*178.3*65.81**1~DTM*472*20200615~CAS*CO*45*112.49~REF*6R*CP9URBR51FM1~AMT*B6*65.81~LQ*HE*N381~CLP*000100036216*1*178.3*65.81**MC*2020192038578~NM1*QC*1*TAFOYA*KENNETH*T***MR*N782270~NM1*82*1*GRONEMEYER*LEANNE*R***XX*1659521045~REF*EA*0858D7D71CB64B39B6C4D02963E11001~DTM*232*20200615~DTM*233*20200615~SVC*HC:99213*178.3*65.81**1~DTM*472*20200615~CAS*CO*45*112.49~REF*6R*CP9U1UXEIZR0~AMT*B6*65.81~LQ*HE*N381~CLP*000100036125*1*217.66*55.35**MC*2020192038235~NM1*QC*1*TRUJILLO*GABRIEL****MR*I851411~NM1*82*1*LEWIS*HOLLY*G***XX*1295234128~REF*EA*04DAF1209E904B40A7F2F4BB1D5FA78C~DTM*232*20200611~DTM*233*20200611~SVC*HC:90832*217.66*55.35**1~DTM*472*20200611~CAS*CO*45*162.31~REF*6R*CP9UGUG0H53D~AMT*B6*55.35~LQ*HE*N381~CLP*000100036116*1*893.24*191.03**MC*2020192038735~NM1*QC*1*TRUJILLO*GABRIEL****MR*I851411~NM1*82*1*HOOSHMAND-PARSI*KAYHOSROW****XX*1447291851~REF*EA*54918C4D82E04A52A326DEF175062974~DTM*232*20200611~DTM*233*20200611~SVC*HC:99204:25*450.07*149.59**1~DTM*472*20200611~CAS*CO*45*300.48~REF*6R*CP9UATWZGPK9~AMT*B6*149.59~LQ*HE*N381~SVC*HC:H0049*403.17*10.92**1~DTM*472*20200611~CAS*CO*45*392.25~REF*6R*CP9UD0TOJ2LW~AMT*B6*10.92~LQ*HE*N381~SVC*HC:G8431*40*30.52**1~DTM*472*20200611~CAS*CO*45*9.48~REF*6R*CP9UFGXMPPBF~AMT*B6*30.52~LQ*HE*N381~CLP*000100032439*1*178.3*65.81**MC*2020192038728~NM1*QC*1*TRUJILLO*LEE*L***MR*J544328~NM1*82*1*GRONEMEYER*LEANNE*R***XX*1659521045~REF*EA*044ADE76739D445FA44E4343A73CEC93~DTM*232*20200330~DTM*233*20200330~SVC*HC:99213*178.3*65.81**1~DTM*472*20200330~CAS*CO*45*112.49~REF*6R*CP9UNM6RVJDJ~AMT*B6*65.81~LQ*HE*N381~CLP*000100036400*1*178.3*63.81*2*MC*2020192038644~NM1*QC*1*VALDEZ MARTINEZ*SONIA****MR*F174874~NM1*74*1*VALDEZ**A~NM1*82*1*SEARLES*DENISE*A***XX*1396971230~REF*EA*F3543EB671F0491885C229DB93E03131~DTM*232*20200618~DTM*233*20200618~SVC*HC:99213:25*178.3*63.81**1~DTM*472*20200618~CAS*PR*3*2~CAS*CO*45*112.49~REF*6R*CP9UW4H56Q7I~AMT*B6*65.81~LQ*HE*N381~LQ*HE*N381~CLP*000100036400*1*15*7.42*1*MC*2020192038650~NM1*QC*1*VALDEZ MARTINEZ*SONIA****MR*F174874~NM1*74*1*VALDEZ**A~NM1*82*1*SEARLES*DENISE*A***XX*1396971230~REF*EA*60888C0120334238B64D4119F2B3BE3B~DTM*232*20200618~DTM*233*20200618~SVC*HC:81025*15*7.42**1~DTM*472*20200618~CAS*PR*3*1~CAS*CO*45*6.58~REF*6R*CP9UHLYP004D~AMT*B6*8.42~LQ*HE*N381~LQ*HE*N381~CLP*000100036238*1*272.99*97.11**MC*2020192038707~NM1*QC*1*VALERIO*VIOLA*M***MR*G118028~NM1*82*1*GRONEMEYER*LEANNE*R***XX*1659521045~REF*EA*74B631496DF8424297FE069DF0053D5B~DTM*232*20200616~DTM*233*20200616~SVC*HC:99214*272.99*97.11**1~DTM*472*20200616~CAS*CO*45*175.88~REF*6R*CP9UTBVREF7L~AMT*B6*97.11~LQ*HE*N381~CLP*000100036319*1*178.3*65.81**MC*2020192038710~NM1*QC*1*VALERIO*VIOLA*M***MR*G118028~NM1*82*1*GRONEMEYER*LEANNE*R***XX*1659521045~REF*EA*222DAB50AC53467B910DACD9A0C6A0AF~DTM*232*20200617~DTM*233*20200617~SVC*HC:99213*178.3*65.81**1~DTM*472*20200617~CAS*CO*45*112.49~REF*6R*CP9UPAM3NCUN~AMT*B6*65.81~LQ*HE*N381~CLP*000100035827*1*710.01*138.87**MC*2020192038765~NM1*QC*1*VASQUES*RAYMOND****MR*I339227~NM1*74*1*VASQUEZ**E~NM1*82*1*CADDALI*ESTRELLA*A***XX*1164974580~REF*EA*F8E1844F447E46419D0037B95B24E325~DTM*232*20200605~DTM*233*20200605~SVC*HC:99203:25*266.84*97.43**1~DTM*472*20200605~CAS*CO*45*169.41~REF*6R*CP9U0F4IAYZ3~AMT*B6*97.43~LQ*HE*N381~SVC*HC:H0049*403.17*10.92**1~DTM*472*20200605~CAS*CO*45*392.25~REF*6R*CP9US0VTYBR5~AMT*B6*10.92~LQ*HE*N381~SVC*HC:G8431*40*30.52**1~DTM*472*20200605~CAS*CO*45*9.48~REF*6R*CP9UBKZLVGKS~AMT*B6*30.52~LQ*HE*N381~CLP*000100036097*1*178.3*65.81**MC*2020192038538~NM1*QC*1*VIGIL*BOBBY*L***MR*V085872~NM1*82*1*SEARLES*DENISE*A***XX*1396971230~REF*EA*0B1B1BF9E86644B28ADE474AE1A49CA4~DTM*232*20200611~DTM*233*20200611~SVC*HC:99213*178.3*65.81**1~DTM*472*20200611~CAS*CO*45*112.49~REF*6R*CP9U51D4SCDZ~AMT*B6*65.81~LQ*HE*N381~CLP*000100036318*1*437.77*109.71**MC*2020192038459~NM1*QC*1*VIGIL*JULIE*M***MR*D989489~NM1*82*1*SANCHEZ*LEANN*V***XX*1508990961~REF*EA*B36F8B286E104658BC2E0D2BBF628A47~DTM*232*20200617~DTM*233*20200617~SVC*HC:90791*437.77*109.71**1~DTM*472*20200617~CAS*CO*45*328.06~REF*6R*CP9UCITQ2TKZ~AMT*B6*109.71~LQ*HE*N381~CLP*000100036265*1*178.3*65.81**MC*2020192038473~NM1*QC*1*VIGIL*JULIE*M***MR*D989489~NM1*82*1*GRONEMEYER*LEANNE*R***XX*1659521045~REF*EA*FB167621D5FF49E6865DDDE8059494C7~DTM*232*20200616~DTM*233*20200616~SVC*HC:99213*178.3*65.81**1~DTM*472*20200616~CAS*CO*45*112.49~REF*6R*CP9UX9A10P6I~AMT*B6*65.81~LQ*HE*N381~CLP*000100036166*1*178.3*65.81**MC*2020192038692~NM1*QC*1*WILLIAMS*ARRON*R***MR*O943376~NM1*82*1*SEARLES*DENISE*A***XX*1396971230~REF*EA*A2F130DE18F14ED38338116C0CA77F1D~DTM*232*20200612~DTM*233*20200612~SVC*HC:99213*178.3*65.81**1~DTM*472*20200612~CAS*CO*45*112.49~REF*6R*CP9URJUJFG2N~AMT*B6*65.81~LQ*HE*N381~CLP*000100035859*1*178.3*65.81**MC*2020192038696~NM1*QC*1*WILLIAMS*ARRON*R***MR*O943376~NM1*82*1*SEARLES*DENISE*A***XX*1396971230~REF*EA*B439778C79C84BAC9C01061C276C9958~DTM*232*20200605~DTM*233*20200605~SVC*HC:99213*178.3*65.81**1~DTM*472*20200605~CAS*CO*45*112.49~REF*6R*CP9UKLWRLLNW~AMT*B6*65.81~LQ*HE*N381~CLP*000100035866*1*178.3*65.81**MC*2020192038608~NM1*QC*1*WILLIS*DIANE****MR*D774337~NM1*82*1*HOOSHMAND-PARSI*KAYHOSROW****XX*1447291851~REF*EA*C9691B9F478C45D4A431B49E7DC171CA~DTM*232*20200607~DTM*233*20200607~SVC*HC:99213*178.3*65.81**1~DTM*472*20200607~CAS*CO*45*112.49~REF*6R*CP9ULI6T1EGK~AMT*B6*65.81~LQ*HE*N381~CLP*000100036996*1*272.99*96.14**MC*2020192038726~NM1*QC*1*WYATT*NADINE*D***MR*O816818~NM1*82*1*CADDALI*ESTRELLA*A***XX*1164974580~REF*EA*2A1C470F82A04E5CBB549F882E47D319~DTM*232*20200701~DTM*233*20200701~SVC*HC:99214*272.99*96.14**1~DTM*472*20200701~CAS*CO*45*176.85~REF*6R*CP9U5PZNB9M3~AMT*B6*96.14~LQ*HE*N45~LQ*HE*N381~CLP*000100036177*1*88.54*39.39**MC*2020192038747~NM1*QC*1*ZUPANCIC*CARLOS*A***MR*K226313~NM1*82*1*SEARLES*DENISE*A***XX*1396971230~REF*EA*24171FE830F44EBC95D0A31B6AA68F26~DTM*232*20200612~DTM*233*20200612~SVC*HC:99212*88.54*39.39**1~DTM*472*20200612~CAS*CO*45*49.15~REF*6R*CP9UTBNTGVLY~AMT*B6*39.39~LQ*HE*N381~CLP*000100035895*4*15*0**MC*2020192038627~NM1*QC*1*EARP*SAMANTHA*J***MR*G171512~NM1*82*1*HOOSHMAND-PARSI*KAYHOSROW****XX*1447291851~REF*EA*60E1DE652D1C40E7BC786E403600F9B9~DTM*232*20200608~DTM*233*20200608~SVC*HC:81025*15*0**0**1~DTM*472*20200608~CAS*PI*5*15~REF*6R*CP9UQS9MKMOZ~LQ*HE*M77~LQ*HE*M77~CLP*000100035794*4*312.06*0**MC*2020192038350~NM1*QC*1*TUTTLE*KATHI*K***MR*Y578034~NM1*82*1*GRONEMEYER*LEANNE*R***XX*1659521045~REF*EA*E7991B63587546FB85E32BCEF242B904~DTM*232*20200604~DTM*233*20200604~SVC*HC:99396*312.06*0**0**1~DTM*472*20200604~CAS*PI*5*312.06~REF*6R*CP9UKJ964PN7~LQ*HE*M77~SE*1747*000010011~GE*1*100050993~IEA*1*100050993~