ISA*00*          *00*          *ZZ*COMEDASSISTPROG*ZZ*6769489        *200810*0232*^*00501*100018998*0*P*:~GS*HP*COMEDASSISTPROG*6769489*20200810*023218*100018998*X*005010X221A1~ST*835*000010013~BPR*I*7844.76*C*ACH*CCP*01*075911603*DA*00000004556640373*1811725341**01*102106569*DA*2200002989138*20200810~TRN*1*001052785*1811725341~REF*EV*1508250911~DTM*405*20200807~N1*PR*CO_TXIX*XV*7912900843~N3*P.O. BOX 30~N4*DENVER*CO*80201~PER*CX*MEDICAID PROVIDER SERVICES*TE*8442352387~PER*BL*MEDICAID PROVIDER SERVICES*TE*8442352387~N1*PE*HEALTH SOLUTIONS MED CENTER*XX*1508250911~REF*TJ*841158933~LX*1~CLP*000100037319*2*178.3*12.69**MC*2020220003728~NM1*QC*1*CANALES*PAULETT****MR*O413200~NM1*82*1*GRONEMEYER*LEANNE*R***XX*1659521045~REF*EA*7411769B89FA4104A3CBE1B2CB6B85E9~DTM*232*20200709~DTM*233*20200709~SVC*HC:99213*178.3*12.69**1~DTM*472*20200709~CAS*CO*45*165.61~REF*6R*CPAE7URPV4TW~AMT*B6*12.69~LQ*HE*N45~LQ*HE*N381~LQ*HE*N381~CLP*000100036495*2*22*2.28**MC*2020220003743~NM1*QC*1*CIRULLO*ROSEANN****MR*L489928~NM1*82*1*CADDALI*ESTRELLA*A***XX*1164974580~REF*EA*8682192F7BF942DCA71EA4F221C76FE5~DTM*232*20200619~DTM*233*20200619~SVC*HC:G2012*22*2.28**1~DTM*472*20200619~CAS*OA*P22*19.72~REF*6R*CPAEUPH7V815~AMT*B6*2.28~LQ*HE*MA125~CLP*31413*2*134*8.61**MC*2220216005745~NM1*QC*1*DIAZ*GEORGINA*L***MR*I770082~DTM*232*20200312~DTM*233*20200312~SVC*HC:99214*134*8.61**1~DTM*472*20200312~CAS*CO*45*125.39~REF*HPI*1396971230~AMT*B6*8.61~LQ*HE*N381~LQ*HE*N381~CLP*31913*2*272.99*40**MC*2220216005845~NM1*QC*1*DIAZ*GEORGINA*L***MR*I770082~DTM*232*20200320~DTM*233*20200320~SVC*HC:99214*272.99*40**1~DTM*472*20200320~CAS*CO*45*232.99~REF*HPI*1396971230~AMT*B6*40~LQ*HE*N381~LQ*HE*N381~CLP*000100031974*2*218.99*12.46**MC*2020214007638~NM1*QC*1*DICKERSON*RAUNITA****MR*G832391~NM1*82*1*GRONEMEYER*LEANNE*R***XX*1659521045~REF*EA*13CF29DC24664BD188D13E2031DDE951~DTM*232*20200323~DTM*233*20200323~SVC*HC:96372:FP*83.99*12.46**1~DTM*472*20200323~CAS*CO*45*71.53~REF*6R*CPAYJ2U3XI7Y~AMT*B6*12.46~LQ*HE*N381~LQ*HE*N381~SVC*HC:J1050:FP*135*0**0**150~DTM*472*20200323~CAS*PI*5*135~REF*6R*CPAYTH0TAJZA~LQ*HE*M77~CLP*000100037039*2*178.3*3.44**MC*2020220003741~NM1*QC*1*FORTUNE*CATHERINE*M***MR*O812250~NM1*82*1*HOOSHMAND-PARSI*KAYHOSROW****XX*1447291851~REF*EA*F2F5086762424016B9DD49BF2D117678~DTM*232*20200701~DTM*233*20200701~SVC*HC:99213*178.3*3.44**1~DTM*472*20200701~CAS*CO*45*174.86~REF*6R*CPAE8XW1G3JL~AMT*B6*3.44~LQ*HE*N45~LQ*HE*N381~LQ*HE*N381~CLP*000100037296*2*272.99*19**MC*2020220003734~NM1*QC*1*GREEN*DAVID*W***MR*N673974~NM1*82*1*GRONEMEYER*LEANNE*R***XX*1659521045~REF*EA*9977928D43D54F4A882C0EEEC36BF10B~DTM*232*20200708~DTM*233*20200708~SVC*HC:99214*272.99*19**1~DTM*472*20200708~CAS*CO*45*253.99~REF*6R*CPAEANY4N0G8~AMT*B6*19~LQ*HE*N45~LQ*HE*N381~LQ*HE*N381~CLP*000100037118*2*272.99*95.01**MC*2020214007641~NM1*QC*1*JOHNSON*GEORGE*W***MR*O540732~NM1*82*1*GRONEMEYER*LEANNE*R***XX*1659521045~REF*EA*5783194E8C7445F69A3C2B6B8BD74104~DTM*232*20200706~DTM*233*20200706~SVC*HC:99214*272.99*95.01**1~DTM*472*20200706~CAS*CO*45*177.98~REF*6R*CPAYF7ZJDHRY~AMT*B6*95.01~LQ*HE*N45~LQ*HE*N381~LQ*HE*N381~CLP*31973*2*272.99*18.01**MC*2220220009473~NM1*QC*1*LOVE*DORIS*J***MR*D733937~DTM*232*20200323~DTM*233*20200323~SVC*HC:99214*272.99*18.01**1~DTM*472*20200323~CAS*CO*45*254.98~REF*HPI*1659521045~AMT*B6*18.01~LQ*HE*N381~LQ*HE*N381~CLP*31177*2*232*32.46**MC*2220216005981~NM1*QC*1*PEREZ*RUBEN*M***MR*N240261~DTM*232*20200309~DTM*233*20200309~SVC*HC:99215:25*180*0**1~DTM*472*20200309~CAS*CO*45*180~REF*HPI*1447291851~LQ*HE*N381~SVC*HC:99408*44*32.28**1~DTM*472*20200309~CAS*CO*45*11.72~REF*HPI*1447291851~AMT*B6*32.28~LQ*HE*N381~SVC*HC:96127*8*.18**1~DTM*472*20200309~CAS*CO*45*7.82~REF*HPI*1447291851~AMT*B6*.18~LQ*HE*N381~LQ*HE*N381~CLP*000100036562*2*272.99*19**MC*2020220003726~NM1*QC*1*REYNOLDS*CATHERINE****MR*P336806~NM1*82*1*GRONEMEYER*LEANNE*R***XX*1659521045~REF*EA*A3A258E16A554155A615F111036EDE90~DTM*232*20200622~DTM*233*20200622~SVC*HC:99214:95*272.99*19**1~DTM*472*20200622~CAS*CO*45*253.99~REF*6R*CPAEWIUN6ORP~AMT*B6*19~LQ*HE*N381~LQ*HE*N381~CLP*28402*2*238.5*19.46**MC*2220218005610~NM1*QC*1*SCHAFFER*JENNIFER*A***MR*Y301172~DTM*232*20200117~DTM*233*20200117~SVC*HC:99214:25*134*0**1~DTM*472*20200117~CAS*CO*45*134~REF*HPI*1366419582~LQ*HE*N381~SVC*HC:96372*32*0**1~DTM*472*20200117~CAS*CO*45*32~REF*HPI*1366419582~LQ*HE*N381~SVC*HC:J1885*2.5*0**0**2~DTM*472*20200117~CAS*PI*16*2.5~REF*HPI*1366419582~LQ*HE*M119~LQ*HE*N381~LQ*HE*N381~SVC*HC:90471*35*19.46**1~DTM*472*20200117~CAS*CO*45*15.54~REF*HPI*1366419582~AMT*B6*19.46~LQ*HE*N381~SVC*HC:90674*35*0**1~DTM*472*20200117~CAS*CO*45*35~REF*HPI*1366419582~LQ*HE*N381~CLP*29216*2*168.5*0**MC*2220218005722~NM1*QC*1*SCHAFFER*JENNIFER*A***MR*Y301172~DTM*232*20200131~DTM*233*20200131~SVC*HC:99214:25*134*0**1~DTM*472*20200131~CAS*CO*45*134~REF*HPI*1366419582~LQ*HE*N381~SVC*HC:96372*32*0**1~DTM*472*20200131~CAS*CO*45*32~REF*HPI*1366419582~LQ*HE*N381~SVC*HC:J1885*2.5*0**0**4~DTM*472*20200131~CAS*PI*16*2.5~REF*HPI*1366419582~LQ*HE*M119~LQ*HE*N381~LQ*HE*N381~CLP*000100037434*2*178.3*12.69**MC*2020220003748~NM1*QC*1*TAVAREZ*BALBINAQ****MR*O311216~NM1*82*1*GRONEMEYER*LEANNE*R***XX*1659521045~REF*EA*35ADB216F36E47C68C26AA7BE7C4ED8A~DTM*232*20200713~DTM*233*20200713~SVC*HC:99213*178.3*12.69**1~DTM*472*20200713~CAS*CO*45*165.61~REF*6R*CPAEKA9EMGII~AMT*B6*12.69~LQ*HE*N45~LQ*HE*N381~LQ*HE*N381~CLP*000100036324*2*55*2.28**MC*2020217010398~NM1*QC*1*THOMAS*SIDNEY****MR*B976371~NM1*82*1*CADDALI*ESTRELLA*A***XX*1164974580~REF*EA*02D509411AC240D99C767B7D0CD691CC~DTM*232*20200617~DTM*233*20200617~SVC*HC:G2012*55*2.28**1~DTM*472*20200617~CAS*OA*P22*52.72~REF*6R*CP9A3NVLR47T~AMT*B6*2.28~LQ*HE*MA125~CLP*32283*2*272.99*40**MC*2220220009676~NM1*QC*1*TORRES*MIGUEL*L***MR*M887971~DTM*232*20200327~DTM*233*20200327~SVC*HC:99214*272.99*40**1~DTM*472*20200327~CAS*CO*45*232.99~REF*HPI*1396971230~AMT*B6*40~LQ*HE*N381~LQ*HE*N381~CLP*000100035848*2*404.65*25.1**MC*2020217010396~NM1*QC*1*TURNER*JOSHUA****MR*P492172~NM1*82*1*CADDALI*ESTRELLA*A***XX*1164974580~REF*EA*F43ADA80F416425981651E96B49127FA~DTM*232*20200605~DTM*233*20200605~SVC*HC:99203:95:25*266.84*18.81**1~DTM*472*20200605~CAS*CO*45*248.03~REF*6R*CP9AKNSL1CAM~AMT*B6*18.81~LQ*HE*N381~LQ*HE*N381~SVC*HC:G0444:95*30.75*0**1~DTM*472*20200605~CAS*CO*45*30.75~REF*6R*CP9A84WCQM98~SVC*HC:G0396:95*107.06*6.29**1~DTM*472*20200605~CAS*OA*P22*100.77~REF*6R*CP9A2BPYCFWT~AMT*B6*6.29~LQ*HE*MA125~LQ*HE*MA125~CLP*000100036179*2*178.3*13.11**MC*2020220003732~NM1*QC*1*TURNER*JOSHUA****MR*P492172~NM1*82*1*CADDALI*ESTRELLA*A***XX*1164974580~REF*EA*D9B8C7DBEC8B4D5386EF795B2461CDC6~DTM*232*20200612~DTM*233*20200612~SVC*HC:99213:95*178.3*13.11**1~DTM*472*20200612~CAS*CO*45*165.19~REF*6R*CPAE3UEY4FY7~AMT*B6*13.11~LQ*HE*N381~LQ*HE*N381~CLP*31300*2*199*3.52**MC*2220216006084~NM1*QC*1*VANLOON*PAMELA*A***MR*Q927120~DTM*232*20200310~DTM*233*20200310~SVC*HC:99396:25*175*0**1~DTM*472*20200310~CAS*CO*45*175~REF*HPI*1447291851~LQ*HE*N381~SVC*HC:93000*24*3.52**1~DTM*472*20200310~CAS*CO*45*20.48~REF*HPI*1447291851~AMT*B6*3.52~LQ*HE*N381~LQ*HE*N381~CLP*000100036537*2*587.88*22.03**MC*2020220003745~NM1*QC*1*VIGIL*AUGUSTINE****MR*Y811310~NM1*82*1*HOOSHMAND-PARSI*KAYHOSROW****XX*1447291851~REF*EA*CE29BAB8702041F9B65F780FD504B0F8~DTM*232*20200622~DTM*233*20200622~SVC*HC:99204:25*450.07*14.63**1~DTM*472*20200622~CAS*CO*45*435.44~REF*6R*CPAEGQV6QFDR~AMT*B6*14.63~LQ*HE*N381~LQ*HE*N381~SVC*HC:G0444*30.75*0**1~DTM*472*20200622~CAS*CO*45*30.75~REF*6R*CPAE14C6Z0JC~SVC*HC:G0396*107.06*7.4**1~DTM*472*20200622~CAS*OA*P22*99.66~REF*6R*CPAEU03IFRAG~AMT*B6*7.4~LQ*HE*MA125~CLP*000100036619*2*88.54*1.85**MC*2020220003747~NM1*QC*1*VIGIL*AUGUSTINE****MR*Y811310~NM1*82*1*HOOSHMAND-PARSI*KAYHOSROW****XX*1447291851~REF*EA*A1033143FA3249A0A49D670FAD64C2F0~DTM*232*20200623~DTM*233*20200623~SVC*HC:99212*88.54*1.85**1~DTM*472*20200623~CAS*CO*45*86.69~REF*6R*CPAERMPGAYQ4~AMT*B6*1.85~LQ*HE*N381~LQ*HE*N381~CLP*000100036865*2*272.99*7.69**MC*2020217010401~NM1*QC*1*VIGIL*DIONICIO****MR*J909992~NM1*82*1*HOOSHMAND-PARSI*KAYHOSROW****XX*1447291851~REF*EA*4D4C337FCABD4C97B8CF0251D4199619~DTM*232*20200629~DTM*233*20200629~SVC*HC:99214*272.99*7.69**1~DTM*472*20200629~CAS*CO*45*265.3~REF*6R*CP9A0UT9O18S~AMT*B6*7.69~LQ*HE*N381~LQ*HE*N381~CLP*000100036356*4*22*0**MC*2020219093335~NM1*QC*1*MANNON*ANGELA*T***MR*O289251~NM1*82*1*CADDALI*ESTRELLA*A***XX*1164974580~REF*EA*BEB6971FA17946E4BC6997344ED2C198~DTM*232*20200617~DTM*233*20200617~SVC*HC:G2012*22*0**0**1~DTM*472*20200617~CAS*CO*56*22~REF*6R*CPIIP0COJ3XX~LQ*HE*N130~CLP*000100035394*22*-740.6*-192.62**MC*2020192006732~NM1*QC*1*GARCIA*DANIELLE*N***MR*Q868241~NM1*82*1*SEARLES*DENISE*A***XX*1396971230~REF*EA*41A7A0308502408DA6F090A2FDFA9E56~DTM*232*20200528~DTM*233*20200528~SVC*HC:99205:95:25*-587.79*-186.33**1~DTM*472*20200528~CAS*CO*45*-401.46~REF*6R*CP0Y2ONRVUNW~AMT*B6*186.33~LQ*HE*N381~SVC*HC:81025:95*-15*0**1~DTM*472*20200528~CAS*CO*45*-15~REF*6R*CP0YD4DQLB04~LQ*HE*N381~SVC*HC:G0444:95*-30.75*0**1~DTM*472*20200528~CAS*CO*45*-30.75~REF*6R*CP0YNV6LFP29~SVC*HC:G0396:95*-107.06*-6.29**1~DTM*472*20200528~CAS*OA*P22*-100.77~REF*6R*CP0YRAZ1A87N~AMT*B6*6.29~LQ*HE*MA125~LQ*HE*MA125~CLP*000100035394*4*740.6*0**MC*5920216004603~NM1*QC*1*GARCIA*DANIELLE*N***MR*Q868241~NM1*82*1*SEARLES*DENISE*A***XX*1396971230~REF*EA*41A7A0308502408DA6F090A2FDFA9E56~DTM*232*20200528~DTM*233*20200528~SVC*HC:99205:95:25*587.79*0**1~DTM*472*20200528~CAS*CO*129*587.79~REF*6R*CP0Y2ONRVUNW~LQ*HE*N59~SVC*HC:81025:95*15*0**1~DTM*472*20200528~CAS*CO*129*15~REF*6R*CP0YD4DQLB04~LQ*HE*N59~SVC*HC:G0444:95*30.75*0**1~DTM*472*20200528~CAS*CO*129*30.75~REF*6R*CP0YNV6LFP29~LQ*HE*N59~SVC*HC:G0396:95*107.06*0**1~DTM*472*20200528~CAS*CO*129*107.06~REF*6R*CP0YRAZ1A87N~LQ*HE*N59~CLP*000100038037*1*178.3*63.15*2*MC*2020220076991~NM1*QC*1*ANDREWS*HEIDI****MR*O787323~NM1*82*1*GRONEMEYER*LEANNE*R***XX*1659521045~REF*EA*CADD82DA7BBC40E29C3D21655255D41B~DTM*232*20200723~DTM*233*20200723~SVC*HC:99213*178.3*63.15**1~DTM*472*20200723~CAS*PR*3*2~CAS*CO*45*113.15~REF*6R*CPIACCTP5ELR~AMT*B6*65.15~LQ*HE*N45~LQ*HE*N381~LQ*HE*N381~CLP*000100038218*1*178.3*65.15**MC*2020220076912~NM1*QC*1*ARAGON*NESTOR****MR*R427575~NM1*82*1*CADDALI*ESTRELLA*A***XX*1164974580~REF*EA*AB2CDDBFC0C749CB88306E2EED7B1FD8~DTM*232*20200728~DTM*233*20200728~SVC*HC:99213*178.3*65.15**1~DTM*472*20200728~CAS*CO*45*113.15~REF*6R*CPIAV9CVUJKU~AMT*B6*65.15~LQ*HE*N45~LQ*HE*N381~CLP*000100038050*1*272.99*96.14**MC*2020220077001~NM1*QC*1*BAEZ*DIANA*E***MR*P092722~NM1*82*1*GRONEMEYER*LEANNE*R***XX*1659521045~REF*EA*94FE15DEF2AF474586E85F8288B3575C~DTM*232*20200723~DTM*233*20200723~SVC*HC:99214*272.99*96.14**1~DTM*472*20200723~CAS*CO*45*176.85~REF*6R*CPIA1H1R1G0R~AMT*B6*96.14~LQ*HE*N45~LQ*HE*N381~CLP*000100038723*1*178.3*65.15**MC*2020220076930~NM1*QC*1*BONNICI*MARCUS*J***MR*O629261~NM1*82*1*CADDALI*ESTRELLA*A***XX*1164974580~REF*EA*7AA58894FB71442DA7C798BD12B4F5FF~DTM*232*20200806~DTM*233*20200806~SVC*HC:99213*178.3*65.15**1~DTM*472*20200806~CAS*CO*45*113.15~REF*6R*CPIA0UEPE0RP~AMT*B6*65.15~LQ*HE*N45~LQ*HE*N381~CLP*000100037646*1*178.3*80.73**MC*2020219103787~NM1*QC*1*BOULIER*JEWEL*R***MR*W913486~NM1*82*1*CADDALI*ESTRELLA*A***XX*1164974580~REF*EA*A3C2C7CDB32F4D3489D2AA791EB69419~DTM*232*20200716~DTM*233*20200716~SVC*HC:99213:FP*178.3*80.73**1~DTM*472*20200716~CAS*CO*45*97.57~REF*6R*CPII4K4JVYPA~AMT*B6*80.73~LQ*HE*N45~LQ*HE*N381~CLP*000100038320*1*178.3*63.15*2*MC*2020220076903~NM1*QC*1*BRODEUR*MICHAEL****MR*O634397~NM1*82*1*CADDALI*ESTRELLA*A***XX*1164974580~REF*EA*039B41B2E0DF49C19B6969BBF7C8753B~DTM*232*20200729~DTM*233*20200729~SVC*HC:99213*178.3*63.15**1~DTM*472*20200729~CAS*PR*3*2~CAS*CO*45*113.15~REF*6R*CPIA2WNHB8U7~AMT*B6*65.15~LQ*HE*N45~LQ*HE*N381~LQ*HE*N381~CLP*31975*1*178.3*38.62**MC*2220220009616~NM1*QC*1*BROWN*SAMANTHA*I***MR*U792619~DTM*232*20200323~DTM*233*20200323~SVC*HC:99213*178.3*38.62**1~DTM*472*20200323~CAS*CO*45*112.49~CAS*OA*23*27.19~REF*HPI*1447291851~AMT*B6*65.81~LQ*HE*MA125~LQ*HE*N381~CLP*000100037325*1*506.98*223.3**MC*2020219103894~NM1*QC*1*CAMPBELL*SARAH*J***MR*Y953495~NM1*82*1*GRONEMEYER*LEANNE*R***XX*1659521045~REF*EA*C31E1558115D4CA4BE7FA07EFC3430EF~DTM*232*20200709~DTM*233*20200709~SVC*HC:99214:FP:25*272.99*118.45**1~DTM*472*20200709~CAS*CO*45*154.54~REF*6R*CPII7P5TGYNX~AMT*B6*118.45~LQ*HE*N45~LQ*HE*N381~SVC*HC:81025:FP*15*8.34**1~DTM*472*20200709~CAS*CO*45*6.66~REF*6R*CPIIFT8412AH~AMT*B6*8.34~LQ*HE*N381~SVC*HC:96372:FP*83.99*15.51**1~DTM*472*20200709~CAS*CO*45*68.48~REF*6R*CPII3D6URFLF~AMT*B6*15.51~LQ*HE*N381~SVC*HC:J1050:FP*135*81**150~DTM*472*20200709~CAS*CO*45*54~REF*6R*CPIIXPOBAM99~AMT*B6*81~LQ*HE*N381~CLP*000100030385*1*1837*1257.8**MC*2020219103911~NM1*QC*1*CANDELARIA*JIMMY*L***MR*K552023~NM1*82*1*LUCAS*PEGGI*S***XX*1366419582~REF*EA*F8B3F12BD40C40089807630B4F07A35E~DTM*232*20200224~DTM*233*20200224~SVC*HC:96372*32*0**0**1~DTM*472*20200224~CAS*CO*109*32~REF*6R*CPBMSZBH1Y0B~LQ*HE*N293~LQ*HE*N59~LQ*HE*N381~SVC*HC:J2315*1805*1257.8**380~DTM*472*20200224~CAS*CO*45*547.2~REF*6R*CPBMEPQDQIE6~AMT*B6*1257.8~LQ*HE*N293~LQ*HE*N59~LQ*HE*N381~CLP*000100038350*1*178.3*65.15**MC*2020220076934~NM1*QC*1*CASANOVA*EMILIANO*H***MR*O632919~NM1*82*1*GRONEMEYER*LEANNE*R***XX*1659521045~REF*EA*260A496A8D834F2093560808C5B595E0~DTM*232*20200729~DTM*233*20200729~SVC*HC:99213*178.3*65.15**1~DTM*472*20200729~CAS*CO*45*113.15~REF*6R*CPIAWH6KP1OI~AMT*B6*65.15~LQ*HE*N45~LQ*HE*N381~CLP*000100037589*1*272.99*96.14**MC*2020219103981~NM1*QC*1*CHAVEZ*DANIEL*J***MR*F605042~NM1*82*1*HOOSHMAND-PARSI*KAYHOSROW****XX*1447291851~REF*EA*11EEEF2A1B8645689560890F3ECF2C94~DTM*232*20200715~DTM*233*20200715~SVC*HC:99214*272.99*96.14**1~DTM*472*20200715~CAS*CO*45*176.85~REF*6R*CPII0FGU37YO~AMT*B6*96.14~LQ*HE*N45~LQ*HE*N381~CLP*000100037475*1*716.16*137.16**MC*2020219103778~NM1*QC*1*CHAVEZ*NATALIE*J***MR*Q822065~NM1*82*1*GRONEMEYER*LEANNE*R***XX*1659521045~REF*EA*0C9F243D62EC45D38E0958F226331E7F~DTM*232*20200713~DTM*233*20200713~SVC*HC:99214:25*272.99*96.14**1~DTM*472*20200713~CAS*CO*45*176.85~REF*6R*CPIIWLCE9WQ2~AMT*B6*96.14~LQ*HE*N45~LQ*HE*N381~SVC*HC:H0049*403.17*10.81**1~DTM*472*20200713~CAS*CO*45*392.36~REF*6R*CPIIKZWFZDT1~AMT*B6*10.81~LQ*HE*N381~SVC*HC:G8431*40*30.21**1~DTM*472*20200713~CAS*CO*45*9.79~REF*6R*CPII9F97UKBY~AMT*B6*30.21~LQ*HE*N45~LQ*HE*N381~CLP*000100034164*1*178.3*65.81**MC*2020219103874~NM1*QC*1*COLEMAN*ZOEI*J***MR*P176370~NM1*82*1*GRONEMEYER*LEANNE*R***XX*1659521045~REF*EA*3C6C32C701B647D98A774BEAA83FF91D~DTM*232*20200504~DTM*233*20200504~SVC*HC:99213*178.3*65.81**1~DTM*472*20200504~CAS*CO*45*112.49~REF*6R*CPIIFI6OQE9V~AMT*B6*65.81~LQ*HE*N381~CLP*29377*1*257*184.11*2*MC*2220218007938~NM1*QC*1*DANIEL*DARREL*M***MR*M640537~DTM*232*20200204~DTM*233*20200204~SVC*HC:99204:25*205*147.59**1~DTM*472*20200204~CAS*PR*3*2~CAS*CO*45*55.41~REF*HPI*1366419582~AMT*B6*149.59~LQ*HE*N381~LQ*HE*N381~SVC*HC:99408*44*32.28**1~DTM*472*20200204~CAS*CO*45*11.72~REF*HPI*1366419582~AMT*B6*32.28~LQ*HE*N381~SVC*HC:96127*8*4.24**1~DTM*472*20200204~CAS*CO*45*3.76~REF*HPI*1366419582~AMT*B6*4.24~LQ*HE*N381~CLP*000100038268*1*178.3*65.15**MC*2020220076923~NM1*QC*1*DURAN*DANELLE****MR*J114866~NM1*82*1*CADDALI*ESTRELLA*A***XX*1164974580~REF*EA*A0D193AAF9A04350947E8B1C50FE7ECE~DTM*232*20200728~DTM*233*20200728~SVC*HC:99213*178.3*65.15**1~DTM*472*20200728~CAS*CO*45*113.15~REF*6R*CPIADNKKYLQA~AMT*B6*65.15~LQ*HE*N45~LQ*HE*N381~CLP*000100037750*1*920.57*176.39**MC*2020219103877~NM1*QC*1*DURAN*JOEL*A***MR*K817376~NM1*82*1*CADDALI*ESTRELLA*A***XX*1164974580~REF*EA*E484C7F290E443BDB4AC45E00E35CCB7~DTM*232*20200717~DTM*233*20200717~SVC*HC:99204:25*450.07*148.09**1~DTM*472*20200717~CAS*CO*45*301.98~REF*6R*CPII64CUEO7H~AMT*B6*148.09~LQ*HE*N45~LQ*HE*N381~SVC*HC:H0049*403.17*10.81**1~DTM*472*20200717~CAS*CO*45*392.36~REF*6R*CPII4YMD9RPF~AMT*B6*10.81~LQ*HE*N381~SVC*HC:G8510*40*10.89**1~DTM*472*20200717~CAS*CO*45*29.11~REF*6R*CPIIXFTIZ1FX~AMT*B6*10.89~LQ*HE*N45~LQ*HE*N381~SVC*HC:86580*27.33*6.6**1~DTM*472*20200717~CAS*CO*45*20.73~REF*6R*CPII00YB9L6K~AMT*B6*6.6~LQ*HE*N381~CLP*000100038641*1*272.99*96.14**MC*2020220076946~NM1*QC*1*DURAN*JOEL*A***MR*K817376~NM1*82*1*CADDALI*ESTRELLA*A***XX*1164974580~REF*EA*9A69D3953D304EB4ADB0D1900A64A4E3~DTM*232*20200805~DTM*233*20200805~SVC*HC:99214*272.99*96.14**1~DTM*472*20200805~CAS*CO*45*176.85~REF*6R*CPIA43QNBAYY~AMT*B6*96.14~LQ*HE*N45~LQ*HE*N381~CLP*000100037425*1*247.14*95.81**MC*2020220076945~NM1*QC*1*DURAN*LUCIANO*K***MR*P804952~NM1*82*1*GRONEMEYER*LEANNE*R***XX*1659521045~REF*EA*351F30A0D9E14596B26A955C51DBDD56~DTM*232*20200713~DTM*233*20200713~SVC*HC:99392*247.14*95.81**1~DTM*472*20200713~CAS*CO*45*151.33~REF*6R*CPIAPWQ036PO~AMT*B6*95.81~LQ*HE*N381~CLP*000100037463*1*327.66*117.43**MC*2020219103887~NM1*QC*1*ELLEFSEN*KAREN*E***MR*R311092~NM1*82*1*GRONEMEYER*LEANNE*R***XX*1659521045~REF*EA*71B614E5E2EA45DCA5F4108BA1B47C3D~DTM*232*20200713~DTM*233*20200713~SVC*HC:99214:25*272.99*96.14**1~DTM*472*20200713~CAS*CO*45*176.85~REF*6R*CPIIWZI4YG59~AMT*B6*96.14~LQ*HE*N45~LQ*HE*N381~SVC*HC:93000*54.67*21.29**1~DTM*472*20200713~CAS*CO*45*33.38~REF*6R*CPIIU7KAWR6A~AMT*B6*21.29~LQ*HE*N381~CLP*000100038408*1*178.3*65.15**MC*2020220076988~NM1*QC*1*FERNANDEZ*RICO*J***MR*P485087~NM1*82*1*CADDALI*ESTRELLA*A***XX*1164974580~REF*EA*C111A7FC1B304F938EB8172B5F906BD7~DTM*232*20200730~DTM*233*20200730~SVC*HC:99213*178.3*65.15**1~DTM*472*20200730~CAS*CO*45*113.15~REF*6R*CPIAZBTZ86MT~AMT*B6*65.15~LQ*HE*N45~LQ*HE*N381~CLP*000100037655*1*370.73*138.45**MC*2020219103753~NM1*QC*1*FETTY*SHIRLEY****MR*L047379~NM1*82*1*HOOSHMAND-PARSI*KAYHOSROW****XX*1447291851~REF*EA*AB7EF1857A904F27920D54547E5782DC~DTM*232*20200716~DTM*233*20200716~SVC*HC:99396:25*312.06*113.79**1~DTM*472*20200716~CAS*CO*45*198.27~REF*6R*CPIITY1QSLIW~AMT*B6*113.79~LQ*HE*N45~LQ*HE*N381~SVC*HC:93000*54.67*21.29**1~DTM*472*20200716~CAS*CO*45*33.38~REF*6R*CPII9TPHFTUX~AMT*B6*21.29~LQ*HE*N381~SVC*HC:81002*4*3.37**1~DTM*472*20200716~CAS*CO*45*.63~REF*6R*CPIIXK4RN9QJ~AMT*B6*3.37~LQ*HE*N381~CLP*000100038321*1*178.3*65.15**MC*2020220077007~NM1*QC*1*FLORES*JOE*F***MR*P507699~NM1*82*1*CADDALI*ESTRELLA*A***XX*1164974580~REF*EA*8ED56FFBA041419392D6366471234577~DTM*232*20200729~DTM*233*20200729~SVC*HC:99213*178.3*65.15**1~DTM*472*20200729~CAS*CO*45*113.15~REF*6R*CPIAIUAJOBSB~AMT*B6*65.15~LQ*HE*N45~LQ*HE*N381~CLP*000100038249*1*217.66*54.8**MC*2020220076895~NM1*QC*1*FORD*BAILEY*J***MR*P334226~NM1*82*1*LEWIS*HOLLY*G***XX*1295234128~REF*EA*7E81C10848E848F1AE3B77477F265F4C~DTM*232*20200728~DTM*233*20200728~SVC*HC:90832*217.66*54.8**1~DTM*472*20200728~CAS*CO*45*162.86~REF*6R*CPIAV0QFU3KQ~AMT*B6*54.8~LQ*HE*N381~CLP*000100037658*1*272.99*96.14**MC*2020219103964~NM1*QC*1*GANDARA*MANUEL****MR*U390760~NM1*82*1*GRONEMEYER*LEANNE*R***XX*1659521045~REF*EA*BA2FDBC07B974C14B37C7656D54FF804~DTM*232*20200716~DTM*233*20200716~SVC*HC:99214*272.99*96.14**1~DTM*472*20200716~CAS*CO*45*176.85~REF*6R*CPIIU5KDCXJR~AMT*B6*96.14~LQ*HE*N45~LQ*HE*N381~CLP*000100038588*1*88.54*39**MC*2020220076941~NM1*QC*1*GARCIA*CARLY****MR*O305641~NM1*82*1*CADDALI*ESTRELLA*A***XX*1164974580~REF*EA*3A106D12975B400993552084EA03F36B~DTM*232*20200804~DTM*233*20200804~SVC*HC:99212*88.54*39**1~DTM*472*20200804~CAS*CO*45*49.54~REF*6R*CPIARQTSIDRP~AMT*B6*39~LQ*HE*N45~LQ*HE*N381~CLP*000100033275*1*178.3*65.81**MC*2020219103954~NM1*QC*1*GILMORE*BRIAN*W***MR*U569330~NM1*82*1*GRONEMEYER*LEANNE*R***XX*1659521045~REF*EA*AF91C7BD6AF949BCA33F5155649B0A93~DTM*232*20200415~DTM*233*20200415~SVC*HC:99213*178.3*65.81**1~DTM*472*20200415~CAS*CO*45*112.49~REF*6R*CPII0LM8J9JW~AMT*B6*65.81~LQ*HE*N381~CLP*000100038506*1*272.99*94.14*2*MC*2020220077005~NM1*QC*1*HAZARD*CHARLES*E***MR*U228549~NM1*82*1*GRONEMEYER*LEANNE*R***XX*1659521045~REF*EA*241AD4EADFF9457A94BBE8EDC03B298E~DTM*232*20200803~DTM*233*20200803~SVC*HC:99214*272.99*94.14**1~DTM*472*20200803~CAS*PR*3*2~CAS*CO*45*176.85~REF*6R*CPIAJZJZOD1R~AMT*B6*96.14~LQ*HE*N45~LQ*HE*N381~LQ*HE*N381~CLP*000100037490*1*178.3*65.15**MC*2020219103858~NM1*QC*1*HERNANDEZ*KANAE*P***MR*G991595~NM1*82*1*CADDALI*ESTRELLA*A***XX*1164974580~REF*EA*60045B392B32486FB3F5855D440D14F9~DTM*232*20200714~DTM*233*20200714~SVC*HC:99213*178.3*65.15**1~DTM*472*20200714~CAS*CO*45*113.15~REF*6R*CPII4MUWOQ3B~AMT*B6*65.15~LQ*HE*N45~LQ*HE*N381~CLP*000100038262*1*178.3*65.15**MC*2020220076900~NM1*QC*1*HERRERA*CLORINDA*E***MR*C652229~NM1*82*1*CADDALI*ESTRELLA*A***XX*1164974580~REF*EA*171DE7771DA4494FB2CA1421D6C2CAE8~DTM*232*20200728~DTM*233*20200728~SVC*HC:99213*178.3*65.15**1~DTM*472*20200728~CAS*CO*45*113.15~REF*6R*CPIA37QP2AES~AMT*B6*65.15~LQ*HE*N45~LQ*HE*N381~CLP*000100038704*1*272.99*94.14*2*MC*2020220076939~NM1*QC*1*HOFFMAN*GABRIEL*S***MR*Y532457~NM1*82*1*CADDALI*ESTRELLA*A***XX*1164974580~REF*EA*D51BCEF30C7F42E09D302768ED5D5BB3~DTM*232*20200806~DTM*233*20200806~SVC*HC:99214*272.99*94.14**1~DTM*472*20200806~CAS*PR*3*2~CAS*CO*45*176.85~REF*6R*CPIAD0NNDG14~AMT*B6*96.14~LQ*HE*N45~LQ*HE*N381~LQ*HE*N381~CLP*000100038507*1*272.99*94.14*2*MC*2020220076922~NM1*QC*1*HOYT HENDEWERK*LIESA*J***MR*Y896648~NM1*74*1*HOYT~NM1*82*1*GRONEMEYER*LEANNE*R***XX*1659521045~REF*EA*F751CE0127A847F1B1B9820DDD047CAB~DTM*232*20200803~DTM*233*20200803~SVC*HC:99214*272.99*94.14**1~DTM*472*20200803~CAS*PR*3*2~CAS*CO*45*176.85~REF*6R*CPIA1UX5XBSC~AMT*B6*96.14~LQ*HE*N45~LQ*HE*N381~LQ*HE*N381~CLP*000100038607*1*178.3*65.15**MC*2020220076906~NM1*QC*1*JACKSON*JULISSA*R***MR*P315853~NM1*82*1*CADDALI*ESTRELLA*A***XX*1164974580~REF*EA*2A14DDB469CD4BA1AE6FA1F916188EAD~DTM*232*20200804~DTM*233*20200804~SVC*HC:99213*178.3*65.15**1~DTM*472*20200804~CAS*CO*45*113.15~REF*6R*CPIAMO6F0KY6~AMT*B6*65.15~LQ*HE*N45~LQ*HE*N381~CLP*000100038161*1*272.99*96.14**MC*2020220076982~NM1*QC*1*JOHNSON*NORA****MR*J694925~NM1*82*1*GRONEMEYER*LEANNE*R***XX*1659521045~REF*EA*33F3ECD518A744FD876A30640DEC7D8A~DTM*232*20200727~DTM*233*20200727~SVC*HC:99214*272.99*96.14**1~DTM*472*20200727~CAS*CO*45*176.85~REF*6R*CPIANWCKD0V2~AMT*B6*96.14~LQ*HE*N45~LQ*HE*N381~CLP*000100038294*1*272.99*96.14**MC*2020220076960~NM1*QC*1*KEENEY*AMBER*D***MR*G217802~NM1*82*1*CADDALI*ESTRELLA*A***XX*1164974580~REF*EA*B6A5E60222704E92907EA6F34D08E76A~DTM*232*20200729~DTM*233*20200729~SVC*HC:99214*272.99*96.14**1~DTM*472*20200729~CAS*CO*45*176.85~REF*6R*CPIAX7B7OBBI~AMT*B6*96.14~LQ*HE*N45~LQ*HE*N381~CLP*000100038134*1*178.3*63.15*2*MC*2020220076992~NM1*QC*1*KNABE*VIOLA*E***MR*U328562~NM1*82*1*GRONEMEYER*LEANNE*R***XX*1659521045~REF*EA*C2C47E00AAD0402DB89E35E7DE3DE97C~DTM*232*20200727~DTM*233*20200727~SVC*HC:99213*178.3*63.15**1~DTM*472*20200727~CAS*PR*3*2~CAS*CO*45*113.15~REF*6R*CPIA1F2E271X~AMT*B6*65.15~LQ*HE*N45~LQ*HE*N381~LQ*HE*N381~CLP*000100038626*1*178.3*63.15*2*MC*2020220076918~NM1*QC*1*LOPEZ*SHERRY****MR*L192498~NM1*82*1*CADDALI*ESTRELLA*A***XX*1164974580~REF*EA*39DC185DCB00432689F0C45FD2AA3E9C~DTM*232*20200804~DTM*233*20200804~SVC*HC:99213*178.3*63.15**1~DTM*472*20200804~CAS*PR*3*2~CAS*CO*45*113.15~REF*6R*CPIANE2PNECF~AMT*B6*65.15~LQ*HE*N45~LQ*HE*N381~LQ*HE*N381~CLP*000100037287*1*178.3*65.15**MC*2020219103959~NM1*QC*1*MACE*BRANDY*G***MR*O919510~NM1*82*1*CADDALI*ESTRELLA*A***XX*1164974580~REF*EA*2F0AABAB57BC4567869C6A12060F5214~DTM*232*20200708~DTM*233*20200708~SVC*HC:99213*178.3*65.15**1~DTM*472*20200708~CAS*CO*45*113.15~REF*6R*CPII6206O0YH~AMT*B6*65.15~LQ*HE*N45~LQ*HE*N381~CLP*000100038130*1*272.99*94.14*2*MC*2020220076966~NM1*QC*1*MEDINA*BRANDON****MR*R975649~NM1*82*1*GRONEMEYER*LEANNE*R***XX*1659521045~REF*EA*D7A9A5BAD3974931A299B8EDB4884F84~DTM*232*20200727~DTM*233*20200727~SVC*HC:99214*272.99*94.14**1~DTM*472*20200727~CAS*PR*3*2~CAS*CO*45*176.85~REF*6R*CPIAOAR618BW~AMT*B6*96.14~LQ*HE*N45~LQ*HE*N381~LQ*HE*N381~CLP*000100038669*1*217.66*54.8**MC*2020220076897~NM1*QC*1*MEDINA*DESTINY*R***MR*R556688~NM1*82*1*LEWIS*HOLLY*G***XX*1295234128~REF*EA*B08C7D789B66471BA7FFBE5B9B16FF54~DTM*232*20200805~DTM*233*20200805~SVC*HC:90832*217.66*54.8**1~DTM*472*20200805~CAS*CO*45*162.86~REF*6R*CPIAIXCT9CH3~AMT*B6*54.8~LQ*HE*N381~CLP*000100038544*1*178.3*65.15**MC*2020220076910~NM1*QC*1*METTS*MALCOLM*X***MR*P609645~NM1*82*1*GRONEMEYER*LEANNE*R***XX*1659521045~REF*EA*4C862D87F2EA4D16A81DCF750532FAA3~DTM*232*20200803~DTM*233*20200803~SVC*HC:99213*178.3*65.15**1~DTM*472*20200803~CAS*CO*45*113.15~REF*6R*CPIA9GUL2UNF~AMT*B6*65.15~LQ*HE*N45~LQ*HE*N381~CLP*000100038735*1*178.3*65.15**MC*2020220076968~NM1*QC*1*MONSON*SAVANNAH*R***MR*U391305~NM1*82*1*CADDALI*ESTRELLA*A***XX*1164974580~REF*EA*B56AFEE8A5C741C9B8A0EE0D9A5A8A81~DTM*232*20200806~DTM*233*20200806~SVC*HC:99213*178.3*65.15**1~DTM*472*20200806~CAS*CO*45*113.15~REF*6R*CPIA3EZDROCQ~AMT*B6*65.15~LQ*HE*N45~LQ*HE*N381~CLP*000100037236*1*19*10.71*1*MC*2020220076962~NM1*QC*1*OHRDORF*JIMMI*L***MR*Y840687~NM1*82*1*CADDALI*ESTRELLA*A***XX*1164974580~REF*EA*79540BF45D4F4BE3969B64D9F343842A~DTM*232*20200708~DTM*233*20200708~SVC*HC:81002*4*2.37**1~DTM*472*20200708~CAS*PR*3*1~CAS*CO*45*.63~REF*6R*CPIA7DC0LFVP~AMT*B6*3.37~LQ*HE*N381~LQ*HE*N381~SVC*HC:81025*15*8.34**1~DTM*472*20200708~CAS*CO*45*6.66~REF*6R*CPIADBHRTSO9~AMT*B6*8.34~LQ*HE*N381~CLP*000100038038*1*272.99*96.14**MC*2020219103854~NM1*QC*1*OLMOS*BRAYAN****MR*G693249~NM1*82*1*GRONEMEYER*LEANNE*R***XX*1659521045~REF*EA*D334DD7FB8094F9F86DA9A20C43477EF~DTM*232*20200723~DTM*233*20200723~SVC*HC:99214*272.99*96.14**1~DTM*472*20200723~CAS*CO*45*176.85~REF*6R*CPIISW1JNCKL~AMT*B6*96.14~LQ*HE*N45~LQ*HE*N381~CLP*000100038696*1*280.17*104.49**MC*2020220076932~NM1*QC*1*OLMOS*BRAYAN****MR*G693249~NM1*82*1*GRONEMEYER*LEANNE*R***XX*1659521045~REF*EA*44D779D204D24C82B5ECC4865DD8E16A~DTM*232*20200805~DTM*233*20200805~SVC*HC:99394*280.17*104.49**1~DTM*472*20200805~CAS*CO*45*175.68~REF*6R*CPIAVVJMY5H4~AMT*B6*104.49~LQ*HE*N45~LQ*HE*N381~CLP*000100038132*1*272.99*96.14**MC*2020220076975~NM1*QC*1*ORTIZ*EMILY****MR*L289179~NM1*82*1*GRONEMEYER*LEANNE*R***XX*1659521045~REF*EA*D10B1E3BEABC45DAB9FF8FEA9D06B000~DTM*232*20200727~DTM*233*20200727~SVC*HC:99214*272.99*96.14**1~DTM*472*20200727~CAS*CO*45*176.85~REF*6R*CPIAF5XK72CF~AMT*B6*96.14~LQ*HE*N45~LQ*HE*N381~CLP*000100038358*1*178.3*65.15**MC*2020220076986~NM1*QC*1*PAULSEN*STACY*C***MR*W216187~NM1*82*1*CADDALI*ESTRELLA*A***XX*1164974580~REF*EA*D2FCAC8C4D5E4E16BC79F69AC201A45F~DTM*232*20200730~DTM*233*20200730~SVC*HC:99213*178.3*65.15**1~DTM*472*20200730~CAS*CO*45*113.15~REF*6R*CPIABAYQHDIE~AMT*B6*65.15~LQ*HE*N45~LQ*HE*N381~CLP*000100038344*1*272.99*96.14**MC*2020220077009~NM1*QC*1*QUASTHOFF*ELIZABETH*A***MR*P470059~NM1*82*1*GRONEMEYER*LEANNE*R***XX*1659521045~REF*EA*7C16306C7C4E4CB8BFE8F27E1CF6A5BE~DTM*232*20200729~DTM*233*20200729~SVC*HC:99214*272.99*96.14**1~DTM*472*20200729~CAS*CO*45*176.85~REF*6R*CPIABIH3ZQRV~AMT*B6*96.14~LQ*HE*N45~LQ*HE*N381~CLP*000100038470*1*178.3*65.15**MC*2020220076937~NM1*QC*1*REED*EDWIN*D***MR*J895555~NM1*82*1*CADDALI*ESTRELLA*A***XX*1164974580~REF*EA*1FAEE83D65E649BDB499ADA1C07B05DC~DTM*232*20200731~DTM*233*20200731~SVC*HC:99213*178.3*65.15**1~DTM*472*20200731~CAS*CO*45*113.15~REF*6R*CPIAELJ2TQXA~AMT*B6*65.15~LQ*HE*N45~LQ*HE*N381~CLP*000100035053*1*312.06*114.94**MC*2020219103844~NM1*QC*1*ROMERO*MARGARITO*L***MR*I929050~NM1*82*1*CADDALI*ESTRELLA*A***XX*1164974580~REF*EA*62C08D9CD002498098125D813090A402~DTM*232*20200520~DTM*233*20200520~SVC*HC:99396:25*312.06*114.94**1~DTM*472*20200520~CAS*CO*45*197.12~REF*6R*CPIIO60T3M5F~AMT*B6*114.94~LQ*HE*N381~CLP*000100037389*1*412.29*185.58**MC*2020219103928~NM1*QC*1*RUIZ*MELISSA*R***MR*K972452~NM1*82*1*CADDALI*ESTRELLA*A***XX*1164974580~REF*EA*1AAE49E463DA4F38BC228FEA697589B0~DTM*232*20200710~DTM*233*20200710~SVC*HC:99213:FP:25*178.3*80.73**1~DTM*472*20200710~CAS*CO*45*97.57~REF*6R*CPII740F4WFG~AMT*B6*80.73~LQ*HE*N45~LQ*HE*N381~SVC*HC:81025:FP*15*8.34**1~DTM*472*20200710~CAS*CO*45*6.66~REF*6R*CPIIIVD7EZL9~AMT*B6*8.34~LQ*HE*N381~SVC*HC:96372:FP*83.99*15.51**1~DTM*472*20200710~CAS*CO*45*68.48~REF*6R*CPIIVGM1YCTI~AMT*B6*15.51~LQ*HE*N381~SVC*HC:J1050:FP*135*81**150~DTM*472*20200710~CAS*CO*45*54~REF*6R*CPIIBATXP0B2~AMT*B6*81~LQ*HE*N381~CLP*000100038751*1*379.52*158.33**MC*2020220076998~NM1*QC*1*SAIS*PHILIP*R***MR*T398012~NM1*82*1*CADDALI*ESTRELLA*A***XX*1164974580~REF*EA*1037FFDC187A427F9B83275E4942ED6B~DTM*232*20200806~DTM*233*20200806~SVC*HC:99214:25*272.99*96.14**1~DTM*472*20200806~CAS*CO*45*176.85~REF*6R*CPIAVR95TA15~AMT*B6*96.14~LQ*HE*N45~LQ*HE*N381~SVC*HC:90471*53.53*19.27**1~DTM*472*20200806~CAS*CO*45*34.26~REF*6R*CPIA0G303TX2~AMT*B6*19.27~LQ*HE*N45~LQ*HE*N381~SVC*HC:90715*53*42.92**1~DTM*472*20200806~CAS*CO*45*10.08~REF*6R*CPIAOJ9XYIEM~AMT*B6*42.92~LQ*HE*N381~CLP*000100033880*1*178.3*65.81**MC*2020219104003~NM1*QC*1*SANCHEZ*LEANNA*A***MR*L179099~NM1*82*1*CADDALI*ESTRELLA*A***XX*1164974580~REF*EA*5173099DBA264BEAB352C09E9151FA4E~DTM*232*20200428~DTM*233*20200428~SVC*HC:99213*178.3*65.81**1~DTM*472*20200428~CAS*CO*45*112.49~REF*6R*CPIIFCRIUZ2E~AMT*B6*65.81~LQ*HE*N381~CLP*000100036772*1*178.3*65.81**MC*2020219103915~NM1*QC*1*SANCHEZ*RANDY****MR*Y196130~NM1*82*1*GRONEMEYER*LEANNE*R***XX*1659521045~REF*EA*397042AEB838442F954693395252EEF3~DTM*232*20200625~DTM*233*20200625~SVC*HC:99213*178.3*65.81**1~DTM*472*20200625~CAS*CO*45*112.49~REF*6R*CPII3TPRNLGW~AMT*B6*65.81~LQ*HE*N381~CLP*000100038041*1*178.3*65.15**MC*2020219103922~NM1*QC*1*SANCHEZ*RANDY****MR*Y196130~NM1*82*1*GRONEMEYER*LEANNE*R***XX*1659521045~REF*EA*79F373C9155D48718D52433C8CE24E51~DTM*232*20200723~DTM*233*20200723~SVC*HC:99213*178.3*65.15**1~DTM*472*20200723~CAS*CO*45*113.15~REF*6R*CPIIBV8LOB92~AMT*B6*65.15~LQ*HE*N45~LQ*HE*N381~CLP*000100037685*1*272.99*96.14**MC*2020219103768~NM1*QC*1*SANCHEZ*YVONNE*A***MR*J289148~NM1*82*1*GRONEMEYER*LEANNE*R***XX*1659521045~REF*EA*AAFC711D4B6D4FA8B54448FA1E3049EE~DTM*232*20200716~DTM*233*20200716~SVC*HC:99214*272.99*96.14**1~DTM*472*20200716~CAS*CO*45*176.85~REF*6R*CPII22ZZXC2V~AMT*B6*96.14~LQ*HE*N45~LQ*HE*N381~CLP*000100038694*1*272.99*96.14**MC*2020220076916~NM1*QC*1*SCAMAN*DONNA*J***MR*V729438~NM1*82*1*GRONEMEYER*LEANNE*R***XX*1659521045~REF*EA*EA0BC3AC3C9047C5A6D8383CB575C1E6~DTM*232*20200805~DTM*233*20200805~SVC*HC:99214*272.99*96.14**1~DTM*472*20200805~CAS*CO*45*176.85~REF*6R*CPIAKSPE0BHJ~AMT*B6*96.14~LQ*HE*N45~LQ*HE*N381~CLP*000100036572*1*312.06*114.94**MC*2020219104011~NM1*QC*1*SMITH*DESTINY*L***MR*Q240284~NM1*82*1*GRONEMEYER*LEANNE*R***XX*1659521045~REF*EA*D22DB6845AD1444EB8817739A034E9D2~DTM*232*20200622~DTM*233*20200622~SVC*HC:99396*312.06*114.94**1~DTM*472*20200622~CAS*CO*45*197.12~REF*6R*CPIIWS86697J~AMT*B6*114.94~LQ*HE*N381~CLP*000100037671*1*178.3*65.15**MC*2020219103973~NM1*QC*1*STRAIT*LORRAINE*A***MR*Y360507~NM1*82*1*GRONEMEYER*LEANNE*R***XX*1659521045~REF*EA*B912FBAEBB494BB8A24835D5EA580C65~DTM*232*20200716~DTM*233*20200716~SVC*HC:99213*178.3*65.15**1~DTM*472*20200716~CAS*CO*45*113.15~REF*6R*CPII2WPGTMWO~AMT*B6*65.15~LQ*HE*N45~LQ*HE*N381~CLP*000100038487*1*272.99*96.14**MC*2020220077003~NM1*QC*1*SUNCELIA*POLLYANN*M***MR*B249910~NM1*82*1*GRONEMEYER*LEANNE*R***XX*1659521045~REF*EA*97F2B45B14F14C7FBA5F27961CC9A5F3~DTM*232*20200803~DTM*233*20200803~SVC*HC:99214*272.99*96.14**1~DTM*472*20200803~CAS*CO*45*176.85~REF*6R*CPIAVYPRTCYG~AMT*B6*96.14~LQ*HE*N45~LQ*HE*N381~CLP*000100037476*1*621.47*84.85*2*MC*2020219103869~NM1*QC*1*STEED*CHITRA*K***MR*P561211~NM1*74*1*SWEARINGEN~NM1*82*1*GRONEMEYER*LEANNE*R***XX*1659521045~REF*EA*B2602640ABB447D78315C590875596C0~DTM*232*20200713~DTM*233*20200713~SVC*HC:99213:25*178.3*63.15**1~DTM*472*20200713~CAS*PR*3*2~CAS*CO*45*113.15~REF*6R*CPIIU33J6I2E~AMT*B6*65.15~LQ*HE*N45~LQ*HE*N381~LQ*HE*N381~SVC*HC:H0049*403.17*10.81**1~DTM*472*20200713~CAS*CO*45*392.36~REF*6R*CPIILZ326IE4~AMT*B6*10.81~LQ*HE*N381~SVC*HC:G8510*40*10.89**1~DTM*472*20200713~CAS*CO*45*29.11~REF*6R*CPIIK30W6RNT~AMT*B6*10.89~LQ*HE*N45~LQ*HE*N381~CLP*000100037506*1*178.3*65.15**MC*2020219103773~NM1*QC*1*TRIPLETT*CHAZ*P***MR*O768038~NM1*82*1*CADDALI*ESTRELLA*A***XX*1164974580~REF*EA*63F9DBEDA3A04ECBA1F1F79D8AECF893~DTM*232*20200714~DTM*233*20200714~SVC*HC:99213*178.3*65.15**1~DTM*472*20200714~CAS*CO*45*113.15~REF*6R*CPIIVD3KY3US~AMT*B6*65.15~LQ*HE*N45~LQ*HE*N381~CLP*000100033665*1*178.3*63.81*2*MC*2020219103925~NM1*QC*1*TRUJILLO*ROBERT****MR*V041545~NM1*82*1*GRONEMEYER*LEANNE*R***XX*1659521045~REF*EA*B5A3DE642F08488FBB4C94D0C3B2B2D3~DTM*232*20200423~DTM*233*20200423~SVC*HC:99213*178.3*63.81**1~DTM*472*20200423~CAS*PR*3*2~CAS*CO*45*112.49~REF*6R*CPII2IU5I3J5~AMT*B6*65.81~LQ*HE*N381~LQ*HE*N381~CLP*000100034813*1*272.99*97.11**MC*2020219103939~NM1*QC*1*VALLES*SANDRA****MR*K193489~NM1*82*1*CADDALI*ESTRELLA*A***XX*1164974580~REF*EA*FCC0532CF24F41508C3F1B1E56FCA265~DTM*232*20200515~DTM*233*20200515~SVC*HC:99214*272.99*97.11**1~DTM*472*20200515~CAS*CO*45*175.88~REF*6R*CPIIURAQ7S1G~AMT*B6*97.11~LQ*HE*N381~CLP*000100036490*1*88.54*39.39**MC*2020219103951~NM1*QC*1*VALLES*SANDRA****MR*K193489~NM1*82*1*CADDALI*ESTRELLA*A***XX*1164974580~REF*EA*A9D7F4DFF36746B7A72F89D3D89E359F~DTM*232*20200619~DTM*233*20200619~SVC*HC:99212*88.54*39.39**1~DTM*472*20200619~CAS*CO*45*49.15~REF*6R*CPIIWPH0B9AT~AMT*B6*39.39~LQ*HE*N381~CLP*000100037699*1*272.99*96.14**MC*2020219103994~NM1*QC*1*VASQUEZ*NATHAN*J***MR*K375615~NM1*82*1*HOOSHMAND-PARSI*KAYHOSROW****XX*1447291851~REF*EA*7B5933E806754708B89C924E821C5AFF~DTM*232*20200716~DTM*233*20200716~SVC*HC:99214*272.99*96.14**1~DTM*472*20200716~CAS*CO*45*176.85~REF*6R*CPIIIMB8X1OH~AMT*B6*96.14~LQ*HE*N45~LQ*HE*N381~CLP*000100037503*1*272.99*96.14**MC*2020219104014~NM1*QC*1*VASQUEZ*RAYMOND*E***MR*I339227~NM1*82*1*CADDALI*ESTRELLA*A***XX*1164974580~REF*EA*568DC584F4304328BC5127CBAF0080A8~DTM*232*20200714~DTM*233*20200714~SVC*HC:99214*272.99*96.14**1~DTM*472*20200714~CAS*CO*45*176.85~REF*6R*CPIILNVMQV5C~AMT*B6*96.14~LQ*HE*N45~LQ*HE*N381~CLP*000100038207*1*272.99*96.14**MC*2020220077011~NM1*QC*1*VASQUEZ*RAYMOND*E***MR*I339227~NM1*82*1*CADDALI*ESTRELLA*A***XX*1164974580~REF*EA*3B859A7C63724DFA9D0701C09A9D7793~DTM*232*20200728~DTM*233*20200728~SVC*HC:99214*272.99*96.14**1~DTM*472*20200728~CAS*CO*45*176.85~REF*6R*CPIA31UVAZI1~AMT*B6*96.14~LQ*HE*N45~LQ*HE*N381~CLP*000100038565*1*272.99*94.14*2*MC*2020220076942~NM1*QC*1*VAUGHT*DEBORAH*A***MR*C817202~NM1*82*1*CADDALI*ESTRELLA*A***XX*1164974580~REF*EA*B4BAA213B83B489E9BF588F02A94477F~DTM*232*20200804~DTM*233*20200804~SVC*HC:99214*272.99*94.14**1~DTM*472*20200804~CAS*PR*3*2~CAS*CO*45*176.85~REF*6R*CPIALO3688JN~AMT*B6*96.14~LQ*HE*N45~LQ*HE*N381~LQ*HE*N381~CLP*000100037663*1*737.34*144.08**MC*2020219104017~NM1*QC*1*VELARDE*DAVEY****MR*P044042~NM1*82*1*SEARLES*DENISE*A***XX*1396971230~REF*EA*A11C188D7E99467FA51BBAAEE9A8D66F~DTM*232*20200716~DTM*233*20200716~SVC*HC:99203:25*266.84*96.46**1~DTM*472*20200716~CAS*CO*45*170.38~REF*6R*CPIIV3RIJSV4~AMT*B6*96.46~LQ*HE*N45~LQ*HE*N381~SVC*HC:86580*27.33*6.6**1~DTM*472*20200716~CAS*CO*45*20.73~REF*6R*CPII73U70B9Y~AMT*B6*6.6~LQ*HE*N381~SVC*HC:H0049*403.17*10.81**1~DTM*472*20200716~CAS*CO*45*392.36~REF*6R*CPIIFA06LGEH~AMT*B6*10.81~LQ*HE*N381~SVC*HC:G8431*40*30.21**1~DTM*472*20200716~CAS*CO*45*9.79~REF*6R*CPIIEAM0EZUG~AMT*B6*30.21~LQ*HE*N45~LQ*HE*N381~CLP*000100038212*1*178.3*63.15*2*MC*2020220076956~NM1*QC*1*VIGIL*CANDICE*A***MR*U952528~NM1*82*1*CADDALI*ESTRELLA*A***XX*1164974580~REF*EA*E90E1D002A0D4DD0A306AEEBCB9A9C7B~DTM*232*20200728~DTM*233*20200728~SVC*HC:99213*178.3*63.15**1~DTM*472*20200728~CAS*PR*3*2~CAS*CO*45*113.15~REF*6R*CPIA4S82NSC8~AMT*B6*65.15~LQ*HE*N45~LQ*HE*N381~LQ*HE*N381~CLP*000100033581*1*217.66*55.35**MC*2020219103744~NM1*QC*1*VILLASENOR*MIQUEILA*C***MR*K174349~NM1*82*1*LEWIS*HOLLY*G***XX*1295234128~REF*EA*48610ED120474330B6B84017DB5404B5~DTM*232*20200422~DTM*233*20200422~SVC*HC:90832*217.66*55.35**1~DTM*472*20200422~CAS*CO*45*162.31~REF*6R*CPIIN8IY0EV6~AMT*B6*55.35~LQ*HE*N59~LQ*HE*N381~CLP*000100038744*1*178.3*65.15**MC*2020220076952~NM1*QC*1*VILLASENOR*MIQUEILA*C***MR*K174349~NM1*82*1*CADDALI*ESTRELLA*A***XX*1164974580~REF*EA*7B21D2C8B2FB4A5893853D2BCA8A884E~DTM*232*20200806~DTM*233*20200806~SVC*HC:99213*178.3*65.15**1~DTM*472*20200806~CAS*CO*45*113.15~REF*6R*CPIAZ2S7C9Z0~AMT*B6*65.15~LQ*HE*N45~LQ*HE*N381~CLP*000100035679*1*382.67*138.62**MC*2020219103978~NM1*QC*1*WINCHESTER*CARRIE****MR*V518328~NM1*82*1*HOOSHMAND-PARSI*KAYHOSROW****XX*1447291851~REF*EA*14B94DFEC6FD4015B6BD3FA66ED828B4~DTM*232*20200603~DTM*233*20200603~SVC*HC:99386*382.67*138.62**1~DTM*472*20200603~CAS*CO*45*244.05~REF*6R*CPIIHUPKEPT5~AMT*B6*138.62~LQ*HE*N381~CLP*000100037777*1*312.06*113.79**MC*2020219103989~NM1*QC*1*WRIGHT*WILLIAM****MR*G359670~NM1*82*1*GRONEMEYER*LEANNE*R***XX*1659521045~REF*EA*94333EA8F6F5400B9F7526CB4BE05531~DTM*232*20200720~DTM*233*20200720~SVC*HC:99396*312.06*113.79**1~DTM*472*20200720~CAS*CO*45*198.27~REF*6R*CPIIMDEGZZD7~AMT*B6*113.79~LQ*HE*N45~LQ*HE*N381~CLP*000100038492*1*178.3*63.15*2*MC*2020220076994~NM1*QC*1*WRIGHT*WILLIAM****MR*G359670~NM1*82*1*GRONEMEYER*LEANNE*R***XX*1659521045~REF*EA*E9B2D002422F47B3ADA6928B755E8953~DTM*232*20200803~DTM*233*20200803~SVC*HC:99213*178.3*63.15**1~DTM*472*20200803~CAS*PR*3*2~CAS*CO*45*113.15~REF*6R*CPIANJRU11I0~AMT*B6*65.15~LQ*HE*N45~LQ*HE*N381~LQ*HE*N381~CLP*000100037821*4*178.3*0**MC*2020219103798~NM1*QC*1*ASKINS*STACY*J***MR*P163936~NM1*82*1*GRONEMEYER*LEANNE*R***XX*1659521045~REF*EA*1FFF86AA137045E39872425FC6AF7DD5~DTM*232*20200720~DTM*233*20200720~SVC*HC:99213*178.3*0**0**1~DTM*472*20200720~CAS*PI*16*178.3~REF*6R*CPIIFPSI3IL1~LQ*HE*N45~LQ*HE*N381~CLP*000100037556*4*272.99*0**MC*2020219103906~NM1*QC*1*BAIRD*ADAM****MR*K589298~NM1*82*1*SEARLES*DENISE*A***XX*1396971230~REF*EA*7267B6073C1C4E70BD74C797533BCE94~DTM*232*20200714~DTM*233*20200714~SVC*HC:99214*272.99*0**0**1~DTM*472*20200714~CAS*PI*16*272.99~REF*6R*CPII8FYDBCNT~LQ*HE*N45~LQ*HE*N56~LQ*HE*N381~CLP*000100038471*4*178.3*0**MC*2020220076909~NM1*QC*1*BAIRD*ODEN*M***MR*G327791~NM1*82*1*TSAMBIKOS*RICHARD****XX*1467985713~REF*EA*73C40F4CE9A9466BB18DFE9948E24744~DTM*232*20200731~DTM*233*20200731~SVC*HC:99213*178.3*0**0**1~DTM*472*20200731~CAS*PI*16*178.3~REF*6R*CPIAGFQ1DRLV~LQ*HE*MA70~CLP*000100038014*4*178.3*0**MC*2020219103903~NM1*QC*1*BERTUGLIA*LAUREN*E***MR*Y771588~NM1*82*1*CADDALI*ESTRELLA*A***XX*1164974580~REF*EA*D5CBC044421B491FB8CC853704212BC2~DTM*232*20200723~DTM*233*20200723~SVC*HC:99213*178.3*0**0**1~DTM*472*20200723~CAS*PI*16*178.3~REF*6R*CPIIDMMR0F42~LQ*HE*N45~LQ*HE*N56~LQ*HE*N381~CLP*000100029061*4*83.99*0**MC*2020219103851~NM1*QC*1*PORTER*ASHLEY*C***MR*G299091~NM1*74*1*BURCH~NM1*82*1*GRONEMEYER*LEANNE*R***XX*1659521045~REF*EA*6DB02836A985447097C8B65B5F4A47B5~DTM*232*20200129~DTM*233*20200129~SVC*HC:96372*83.99*0**0**1~DTM*472*20200129~CAS*CO*109*83.99~REF*6R*CPIIN2BDG3CO~LQ*HE*N293~LQ*HE*N59~LQ*HE*N381~CLP*000100038709*4*272.99*0**MC*2020220076990~NM1*QC*1*CARRILLO*VICTOR*D***MR*P108869~NM1*82*1*TSAMBIKOS*RICHARD****XX*1467985713~REF*EA*947FC10A390A4E6C906E2D3CFDA89A14~DTM*232*20200806~DTM*233*20200806~SVC*HC:99214*272.99*0**0**1~DTM*472*20200806~CAS*PI*16*272.99~REF*6R*CPIAQ5MNGUR1~LQ*HE*MA70~CLP*000100037804*4*178.3*0**MC*2020219103767~NM1*QC*1*CHRISTOPHER*CHEYENNE****MR*G660293~NM1*82*1*GRONEMEYER*LEANNE*R***XX*1659521045~REF*EA*95EBEA63723F4037A3618E0E4810D06E~DTM*232*20200720~DTM*233*20200720~SVC*HC:99213*178.3*0**0**1~DTM*472*20200720~CAS*PI*16*178.3~REF*6R*CPIIFHF3H979~LQ*HE*N45~LQ*HE*N56~LQ*HE*N381~CLP*000100038266*4*86.08*0**MC*2020220076892~NM1*QC*1*COWEN*MARY*A***MR*O491346~NM1*82*1*LEWIS*HOLLY*G***XX*1295234128~REF*EA*E799BD5E82AF4A4EB60D821A84850E92~DTM*232*20200728~DTM*233*20200728~SVC*HC:90853*86.08*0**0**1~DTM*472*20200728~CAS*CO*109*86.08~REF*6R*CPIA1FU12K71~LQ*HE*N381~CLP*000100038597*4*86.08*0**MC*2020220076893~NM1*QC*1*COWEN*MARY*A***MR*O491346~NM1*82*1*LEWIS*HOLLY*G***XX*1295234128~REF*EA*5FB9AA3627B34D599EECD1F198E5B39B~DTM*232*20200804~DTM*233*20200804~SVC*HC:90853*86.08*0**0**1~DTM*472*20200804~CAS*CO*109*86.08~REF*6R*CPIAK0KLE9ZF~LQ*HE*N381~CLP*000100038608*4*272.99*0**MC*2020220076950~NM1*QC*1*CRAMER*KYRSTEN*P***MR*P381262~NM1*82*1*CADDALI*ESTRELLA*A***XX*1164974580~REF*EA*4C175561EA8B45BD8873504C094D2ABC~DTM*232*20200804~DTM*233*20200804~SVC*HC:99214*272.99*0**0**1~DTM*472*20200804~CAS*PI*16*272.99~REF*6R*CPIAAUYHQ0OP~LQ*HE*N554~CLP*000100038453*4*272.99*0**MC*2020220077010~NM1*QC*1*DEBIDART*MICHAEL*M***MR*P894392~NM1*82*1*TSAMBIKOS*RICHARD****XX*1467985713~REF*EA*B4BC41AF28BC4520B7270CADDB264E63~DTM*232*20200731~DTM*233*20200731~SVC*HC:99214*272.99*0**0**1~DTM*472*20200731~CAS*PI*16*272.99~REF*6R*CPIAI75914RS~LQ*HE*MA70~CLP*000100038151*4*272.99*0**MC*2020220076898~NM1*QC*1*DIAZ*MARIA*J***MR*Y492828~NM1*82*1*GRONEMEYER*LEANNE*R***XX*1659521045~REF*EA*9F1D1042467C43F69BD793100A3510DA~DTM*232*20200727~DTM*233*20200727~SVC*HC:99214*272.99*0**0**1~DTM*472*20200727~CAS*PI*16*272.99~REF*6R*CPIALDHGOQ5B~LQ*HE*N30~LQ*HE*MA92~LQ*HE*MA92~CLP*000100038561*4*272.99*0**MC*2020220076954~NM1*QC*1*GERMAN*NEAL*D***MR*P523767~NM1*82*1*TSAMBIKOS*RICHARD****XX*1467985713~REF*EA*F22B6349F9DE41E4B5C9BF23ADBA4E7F~DTM*232*20200804~DTM*233*20200804~SVC*HC:99214*272.99*0**0**1~DTM*472*20200804~CAS*PI*16*272.99~REF*6R*CPIAB11FLJEC~LQ*HE*MA70~CLP*000100033275*4*178.3*0**MC*2020220076985~NM1*QC*1*GILMORE*BRIAN*W***MR*U569330~NM1*82*1*GRONEMEYER*LEANNE*R***XX*1659521045~REF*EA*412A9BF45A60428FA3F75BC0EB2A7732~DTM*232*20200415~DTM*233*20200415~SVC*HC:99213*178.3*0**0**1~DTM*472*20200415~CAS*PI*16*178.3~REF*6R*CPIAHI0467Z5~LQ*HE*N56~LQ*HE*N381~CLP*000100038617*4*272.99*0**MC*2020220076943~NM1*QC*1*HERNANDEZ*ERIC*J***MR*Y215424~NM1*82*1*TSAMBIKOS*RICHARD****XX*1467985713~REF*EA*3F623E08302A43FEB310704F4A1F30AF~DTM*232*20200804~DTM*233*20200804~SVC*HC:99214*272.99*0**0**1~DTM*472*20200804~CAS*PI*16*272.99~REF*6R*CPIA3H6LYVFW~LQ*HE*MA70~CLP*000100037797*4*178.3*0**MC*2020219103866~NM1*QC*1*MAESTAS TRUJILLO*ARIANNA*J***MR*G838802~NM1*74*1*MAESTASTRUJILLO~NM1*82*1*GRONEMEYER*LEANNE*R***XX*1659521045~REF*EA*32C8D52BA78442269A8267E5477D23E7~DTM*232*20200720~DTM*233*20200720~SVC*HC:99213*178.3*0**0**1~DTM*472*20200720~CAS*PI*16*178.3~REF*6R*CPIIPZE2872E~LQ*HE*N45~LQ*HE*N381~CLP*000100038595*4*999.77*0**MC*2020220076944~NM1*QC*1*MARSH*SHANE*D***MR*P470829~NM1*82*1*TSAMBIKOS*RICHARD****XX*1467985713~REF*EA*D6930A6EBF3C40428ECFAAC3794654F7~DTM*232*20200804~DTM*233*20200804~SVC*HC:99204:25*450.07*0**0**1~DTM*472*20200804~CAS*PI*16*450.07~REF*6R*CPIAYH1G7QPC~LQ*HE*MA70~SVC*HC:90471*53.53*0**0**1~DTM*472*20200804~CAS*PI*16*53.53~REF*6R*CPIAVIZINNX1~LQ*HE*MA70~SVC*HC:90715*53*0**0**1~DTM*472*20200804~CAS*PI*16*53~REF*6R*CPIA8CSQ62YW~LQ*HE*MA70~SVC*HC:H0049*403.17*0**0**1~DTM*472*20200804~CAS*PI*16*403.17~REF*6R*CPIAWTV5L4DP~LQ*HE*MA70~SVC*HC:G8510*40*0**0**1~DTM*472*20200804~CAS*PI*16*40~REF*6R*CPIA676247IX~LQ*HE*MA70~CLP*000100037836*4*178.3*0**MC*2020219103998~NM1*QC*1*MEDINA*TERRIE****MR*J956795~NM1*82*1*CADDALI*ESTRELLA*A***XX*1164974580~REF*EA*70D78EC3690D4863927B1D24FE59B17F~DTM*232*20200721~DTM*233*20200721~SVC*HC:99213*178.3*0**0**1~DTM*472*20200721~CAS*PI*16*178.3~REF*6R*CPII1CM55NJB~LQ*HE*N45~LQ*HE*N381~CLP*000100038570*4*947.91*0**MC*2020220076928~NM1*QC*1*NIETO*RACHEL*S***MR*Q743790~NM1*82*1*TSAMBIKOS*RICHARD****XX*1467985713~REF*EA*A70A6CCB991347C79B550881E40348C1~DTM*232*20200804~DTM*233*20200804~SVC*HC:99204:FP:25*450.07*0**0**1~DTM*472*20200804~CAS*PI*16*450.07~REF*6R*CPIALKVGT5VI~LQ*HE*MA70~SVC*HC:93000*54.67*0**0**1~DTM*472*20200804~CAS*PI*16*54.67~REF*6R*CPIA52PBXG4T~LQ*HE*MA70~SVC*HC:H0049*403.17*0**0**1~DTM*472*20200804~CAS*PI*16*403.17~REF*6R*CPIAVRY2SQEA~LQ*HE*MA70~SVC*HC:G8510*40*0**0**1~DTM*472*20200804~CAS*PI*16*40~REF*6R*CPIASPK9MSBZ~LQ*HE*MA70~CLP*000100037680*4*290.21*0**MC*2020219103731~NM1*QC*1*QUINTANA*DANIELLE*A***MR*N559116~NM1*82*1*LEWIS*HOLLY*G***XX*1295234128~REF*EA*D0B501385419485DA785DAB2290B13C2~DTM*232*20200716~DTM*233*20200716~SVC*HC:90834*290.21*0**0**1~DTM*472*20200716~CAS*PI*16*290.21~REF*6R*CPIIT9CHKP3M~LQ*HE*N59~LQ*HE*N381~CLP*000100038707*4*272.99*0**MC*2020220076951~NM1*QC*1*RAMOS*RICHARD*V***MR*E181441~NM1*82*1*TSAMBIKOS*RICHARD****XX*1467985713~REF*EA*F3271CA8BB4647B69AC0E35CFB37355E~DTM*232*20200806~DTM*233*20200806~SVC*HC:99214*272.99*0**0**1~DTM*472*20200806~CAS*PI*16*272.99~REF*6R*CPIA3IH1OJ1R~LQ*HE*MA70~CLP*000100038244*4*276.99*0**MC*2020220076915~NM1*QC*1*SAMSON*CARA*M***MR*Y649542~NM1*82*1*TSAMBIKOS*RICHARD****XX*1467985713~REF*EA*7CE971917A7448A1B7AF188C6F757598~DTM*232*20200728~DTM*233*20200728~SVC*HC:99214:25*272.99*0**0**1~DTM*472*20200728~CAS*PI*16*272.99~REF*6R*CPIASCROTQK6~LQ*HE*MA70~SVC*HC:81002*4*0**0**1~DTM*472*20200728~CAS*PI*16*4~REF*6R*CPIAKLL2OBYO~LQ*HE*MA70~CLP*000100038606*4*272.99*0**MC*2020220076974~NM1*QC*1*VALDEZ MARTINEZ*SONIA****MR*F174874~NM1*74*1*VALDEZ**A~NM1*82*1*TSAMBIKOS*RICHARD****XX*1467985713~REF*EA*8036FFDFAA4B4BFB9F057F7C1C17CF27~DTM*232*20200804~DTM*233*20200804~SVC*HC:99214*272.99*0**0**1~DTM*472*20200804~CAS*PI*16*272.99~REF*6R*CPIAATGLOAET~LQ*HE*MA70~CLP*000100038064*4*178.3*0**MC*2020219104024~NM1*QC*1*VELARDE*DAVEY****MR*P044042~NM1*82*1*CADDALI*ESTRELLA*A***XX*1164974580~REF*EA*C5D8229C8E9F4A7D9060FA5F1B8E93EE~DTM*232*20200724~DTM*233*20200724~SVC*HC:99213*178.3*0**0**1~DTM*472*20200724~CAS*PI*16*178.3~REF*6R*CPIIV1S88G6T~LQ*HE*N45~LQ*HE*N56~LQ*HE*N381~CLP*000100033581*4*217.66*0**MC*2020220076888~NM1*QC*1*VILLASENOR*MIQUEILA*C***MR*K174349~NM1*82*1*LEWIS*HOLLY*G***XX*1295234128~REF*EA*A5E27F4C05EC40278963835AA5020AAB~DTM*232*20200422~DTM*233*20200422~SVC*HC:90832*217.66*0**0**1~DTM*472*20200422~CAS*PI*16*217.66~REF*6R*CPIAZDLO2JJ1~LQ*HE*N56~LQ*HE*N381~CLP*000100037451*4*217.66*0**MC*2020219103739~NM1*QC*1*WILLIS*DIANE****MR*D774337~NM1*82*1*LEWIS*HOLLY*G***XX*1295234128~REF*EA*0FE06D64989F417AAA1C73EBBF25B8DC~DTM*232*20200713~DTM*233*20200713~SVC*HC:90832*217.66*0**0**1~DTM*472*20200713~CAS*PI*16*217.66~REF*6R*CPII09T1IXK0~LQ*HE*N59~LQ*HE*N56~LQ*HE*N381~CLP*000100037912*4*272.99*0**MC*2020219103985~NM1*QC*1*WYATT*NADINE*D***MR*O816818~NM1*82*1*CADDALI*ESTRELLA*A***XX*1164974580~REF*EA*C12718ABD6EA49E8A63BC6E50A008AE6~DTM*232*20200721~DTM*233*20200721~SVC*HC:99214*272.99*0**0**1~DTM*472*20200721~CAS*PI*16*272.99~REF*6R*CPIIOOLN0E2J~LQ*HE*N45~LQ*HE*N56~LQ*HE*N381~CLP*000100037077*22*-290.21*-70.54**MC*2020204032802~NM1*QC*1*BOISVERT*ORIEN*K***MR*O244414~NM1*82*1*SANCHEZ*LEANN*V***XX*1508990961~REF*EA*7B1A9319B8E049E28DC79D337CCF1546~DTM*232*20200702~DTM*233*20200702~SVC*HC:90834*-290.21*-70.54**1~DTM*472*20200702~CAS*CO*45*-219.67~REF*6R*CPAEBGR6YJMG~AMT*B6*70.54~LQ*HE*N381~CLP*000100037077*4*290.21*0**MC*5920216005047~NM1*QC*1*BOISVERT*ORIEN*K***MR*O244414~NM1*82*1*SANCHEZ*LEANN*V***XX*1508990961~REF*EA*7B1A9319B8E049E28DC79D337CCF1546~DTM*232*20200702~DTM*233*20200702~SVC*HC:90834*290.21*0**1~DTM*472*20200702~CAS*CO*129*290.21~REF*6R*CPAEBGR6YJMG~LQ*HE*N59~CLP*000100037438*22*-217.66*-54.8**MC*2020204032929~NM1*QC*1*VIGIL*JULIE*M***MR*D989489~NM1*82*1*SANCHEZ*LEANN*V***XX*1508990961~REF*EA*8DC90BF9BC6A41B2A5F173658116DBB3~DTM*232*20200713~DTM*233*20200713~SVC*HC:90832*-217.66*-54.8**1~DTM*472*20200713~CAS*CO*45*-162.86~REF*6R*CPAEDI95CXYW~AMT*B6*54.8~LQ*HE*N381~CLP*000100037438*4*217.66*0**MC*5920216004996~NM1*QC*1*VIGIL*JULIE*M***MR*D989489~NM1*82*1*SANCHEZ*LEANN*V***XX*1508990961~REF*EA*8DC90BF9BC6A41B2A5F173658116DBB3~DTM*232*20200713~DTM*233*20200713~SVC*HC:90832*217.66*0**1~DTM*472*20200713~CAS*CO*129*217.66~REF*6R*CPAEDI95CXYW~LQ*HE*N59~PLB*1508250911*20201231*CS:0000376574604*-192.62*CS:0000376574604*192.62*CS:0000376574900*-54.8*CS:0000376574900*54.8*CS:0000376574937*-70.54*CS:0000376574937*70.54~SE*1980*000010013~GE*1*100018998~IEA*1*100018998~