ISA*00*          *00*          *ZZ*COMEDASSISTPROG*ZZ*6769489        *200824*0234*^*00501*200000655*0*P*:~GS*HP*COMEDASSISTPROG*6769489*20200824*023435*200000655*X*005010X221A1~ST*835*000010013~BPR*I*12101.2*C*ACH*CCP*01*075911603*DA*00000004556640373*1811725341**01*102106569*DA*2200002989138*20200824~TRN*1*001065468*1811725341~REF*EV*1508250911~DTM*405*20200821~N1*PR*CO_TXIX*XV*7912900843~N3*P.O. BOX 30~N4*DENVER*CO*80201~PER*CX*MEDICAID PROVIDER SERVICES*TE*8442352387~PER*BL*MEDICAID PROVIDER SERVICES*TE*8442352387~N1*PE*HEALTH SOLUTIONS MED CENTER*XX*1508250911~REF*TJ*841158933~LX*1~CLP*33695*2*404.65*55.85**MC*2220231003738~NM1*QC*1*SNYDER*NEVADA*E***MR*P936342~DTM*232*20200423~DTM*233*20200423~SVC*HC:99203:25*266.84*18.81**1~DTM*472*20200423~CAS*CO*45*248.03~REF*HPI*1659521045~AMT*B6*18.81~LQ*HE*N381~LQ*HE*N381~SVC*HC:G0444*30.75*30.75**1~DTM*472*20200423~REF*HPI*1659521045~AMT*B6*30.75~SVC*HC:G0396*107.06*6.29**1~DTM*472*20200423~CAS*OA*P22*100.77~REF*HPI*1659521045~AMT*B6*6.29~LQ*HE*MA125~LQ*HE*MA125~CLP*000100033717*22*-178.3*-8.93**MC*2020141001690~NM1*QC*1*BURCH*ROSALIE*A***MR*B253706~NM1*82*1*GRONEMEYER*LEANNE*R***XX*1659521045~REF*EA*92F107770CBE49638AC9FD7430F04CF8~DTM*232*20200423~DTM*233*20200423~SVC*HC:99213*-178.3*-8.93**1~DTM*472*20200423~CAS*CO*45*-169.37~REF*6R*CPOMWBHMHGLF~AMT*B6*8.93~LQ*HE*N381~LQ*HE*N381~CLP*000100033717*4*178.3*0**MC*5920234012120~NM1*QC*1*BURCH*ROSALIE*A***MR*B253706~NM1*82*1*GRONEMEYER*LEANNE*R***XX*1659521045~REF*EA*92F107770CBE49638AC9FD7430F04CF8~DTM*232*20200423~DTM*233*20200423~SVC*HC:99213*178.3*0**1~DTM*472*20200423~CAS*CO*129*178.3~REF*6R*CPOMWBHMHGLF~LQ*HE*N59~CLP*000100033666*22*-272.99*-13.74**MC*2020141001679~NM1*QC*1*CHAVEZ*CHRISTOPH*S***MR*D491163~NM1*82*1*GRONEMEYER*LEANNE*R***XX*1659521045~REF*EA*6F7FA7390FF54C5EA9D4F8FA92858B8B~DTM*232*20200423~DTM*233*20200423~SVC*HC:99214*-272.99*-13.74**1~DTM*472*20200423~CAS*CO*45*-259.25~REF*6R*CPOM1OYLIT5O~AMT*B6*13.74~LQ*HE*N381~LQ*HE*N381~CLP*000100033666*4*272.99*0**MC*5920234012147~NM1*QC*1*CHAVEZ*CHRISTOPH*S***MR*D491163~NM1*82*1*GRONEMEYER*LEANNE*R***XX*1659521045~REF*EA*6F7FA7390FF54C5EA9D4F8FA92858B8B~DTM*232*20200423~DTM*233*20200423~SVC*HC:99214*272.99*0**1~DTM*472*20200423~CAS*CO*129*272.99~REF*6R*CPOM1OYLIT5O~LQ*HE*N59~CLP*000100032567*22*-22*-2.68**MC*2020141001682~NM1*QC*1*FORTUNE*CATHERINE*M***MR*O812250~NM1*82*1*HOOSHMAND-PARSI*KAYHOSROW****XX*1447291851~REF*EA*C93997126AE94F39A19EDC09EA379C19~DTM*232*20200401~DTM*233*20200401~SVC*HC:G2012*-22*-2.68**1~DTM*472*20200401~CAS*OA*P22*-19.32~REF*6R*CPOMO8Y76AUB~AMT*B6*2.68~LQ*HE*MA125~LQ*HE*MA125~CLP*000100032567*4*22*0**MC*5920234012166~NM1*QC*1*FORTUNE*CATHERINE*M***MR*O812250~NM1*82*1*HOOSHMAND-PARSI*KAYHOSROW****XX*1447291851~REF*EA*C93997126AE94F39A19EDC09EA379C19~DTM*232*20200401~DTM*233*20200401~SVC*HC:G2012*22*0**1~DTM*472*20200401~CAS*CO*129*22~REF*6R*CPOMO8Y76AUB~LQ*HE*N59~CLP*000100032868*22*-178.3*-8.93**MC*2020120007581~NM1*QC*1*GALLEGOS*CARLOS*L***MR*P497529~NM1*82*1*GRONEMEYER*LEANNE*R***XX*1659521045~REF*EA*FB2A01AC9DE94FA38F1A4B1D57348889~DTM*232*20200407~DTM*233*20200407~SVC*HC:99213*-178.3*-8.93**1~DTM*472*20200407~CAS*CO*45*-169.37~REF*6R*CPFURBXT04HO~AMT*B6*8.93~LQ*HE*N381~LQ*HE*N381~CLP*000100032868*4*178.3*0**MC*5920234012167~NM1*QC*1*GALLEGOS*CARLOS*L***MR*P497529~NM1*82*1*GRONEMEYER*LEANNE*R***XX*1659521045~REF*EA*FB2A01AC9DE94FA38F1A4B1D57348889~DTM*232*20200407~DTM*233*20200407~SVC*HC:99213*178.3*0**1~DTM*472*20200407~CAS*CO*129*178.3~REF*6R*CPFURBXT04HO~LQ*HE*N59~CLP*000100022108*22*-90*-6.14**MC*2020030071353~NM1*QC*1*HUBBARD*LORI****MR*K898939~NM1*82*1*HOOSHMAND-PARSI*KAYHOSROW****XX*1447291851~REF*EA*EE76EC20AEBD4F8A8E22298FEB7A9370~DTM*232*20190909~DTM*233*20190909~SVC*HC:99213:25*-90*-6.14**1~DTM*472*20190909~CAS*CO*45*-83.86~REF*6R*CP2XBNXHVZU7~AMT*B6*6.14~LQ*HE*N381~LQ*HE*N381~CLP*000100022108*4*90*0**MC*5920232011891~NM1*QC*1*HUBBARD*LORI****MR*K898939~NM1*82*1*HOOSHMAND-PARSI*KAYHOSROW****XX*1447291851~REF*EA*EE76EC20AEBD4F8A8E22298FEB7A9370~DTM*232*20190909~DTM*233*20190909~SVC*HC:99213:25*90*0**1~DTM*472*20190909~CAS*CO*129*90~REF*6R*CP2XBNXHVZU7~LQ*HE*N59~CLP*000100038894*1*217.66*54.8**MC*2020233118029~NM1*QC*1*AINSWORTH*CHEYANNE****MR*O419072~NM1*82*1*LEWIS*HOLLY*G***XX*1295234128~REF*EA*8FFFADB5220840E9B2B9E72E17396150~DTM*232*20200811~DTM*233*20200811~SVC*HC:90832*217.66*54.8**1~DTM*472*20200811~CAS*CO*45*162.86~REF*6R*CPKUIVNBZTPT~AMT*B6*54.8~LQ*HE*N381~CLP*000100038880*1*280.17*104.49**MC*2020233118227~NM1*QC*1*AINSWORTH*CHEYANNE****MR*O419072~NM1*82*1*TSAMBIKOS*RICHARD****XX*1467985713~REF*EA*BCD67AD171CD40448260C2A2042AEB30~DTM*232*20200811~DTM*233*20200811~SVC*HC:99394*280.17*104.49**1~DTM*472*20200811~CAS*CO*45*175.68~REF*6R*CPKULE6QA81Z~AMT*B6*104.49~LQ*HE*N45~LQ*HE*N381~CLP*000100038716*1*312.06*113.79**MC*2020233118344~NM1*QC*1*ALCON*EDWARD****MR*O549746~NM1*82*1*GRONEMEYER*LEANNE*R***XX*1659521045~REF*EA*31C29CC1B8494BA0B0F811BEBBB73B8C~DTM*232*20200806~DTM*233*20200806~SVC*HC:99396*312.06*113.79**1~DTM*472*20200806~CAS*CO*45*198.27~REF*6R*CPKUMET4BYKC~AMT*B6*113.79~LQ*HE*N45~LQ*HE*N381~CLP*000100038413*1*362.99*115.84*2*MC*2020233118582~NM1*QC*1*AMENDOLA*CATHERINE*L***MR*I798984~NM1*82*1*CADDALI*ESTRELLA*A***XX*1164974580~REF*EA*20807F32B49747D2853FC6BBFE03EC0C~DTM*232*20200730~DTM*233*20200730~SVC*HC:99214:25*272.99*94.14**1~DTM*472*20200730~CAS*PR*3*2~CAS*CO*45*176.85~REF*6R*CPKULFDSG2G8~AMT*B6*96.14~LQ*HE*N45~LQ*HE*N381~LQ*HE*N381~SVC*HC:H0049*50*10.81**1~DTM*472*20200730~CAS*CO*45*39.19~REF*6R*CPKUVRQXFML2~AMT*B6*10.81~LQ*HE*N381~SVC*HC:G8510*40*10.89**1~DTM*472*20200730~CAS*CO*45*29.11~REF*6R*CPKUJLDF0P6R~AMT*B6*10.89~LQ*HE*N45~LQ*HE*N381~CLP*000100038731*1*272.99*94.14*2*MC*2020233118467~NM1*QC*1*ANDREWS*HEIDI****MR*O787323~NM1*82*1*GRONEMEYER*LEANNE*R***XX*1659521045~REF*EA*470BDC9D849842A3A60167095EC1BFA6~DTM*232*20200806~DTM*233*20200806~SVC*HC:99214*272.99*94.14**1~DTM*472*20200806~CAS*PR*3*2~CAS*CO*45*176.85~REF*6R*CPKUYJ1C27GY~AMT*B6*96.14~LQ*HE*N45~LQ*HE*N381~LQ*HE*N381~CLP*000100038895*1*272.99*96.14**MC*2020233118200~NM1*QC*1*ARAGON*NESTOR****MR*R427575~NM1*82*1*CADDALI*ESTRELLA*A***XX*1164974580~REF*EA*D7659E0223354CE5B829B9029F4B6B70~DTM*232*20200811~DTM*233*20200811~SVC*HC:99214*272.99*96.14**1~DTM*472*20200811~CAS*CO*45*176.85~REF*6R*CPKULRSD80E6~AMT*B6*96.14~LQ*HE*N45~LQ*HE*N381~CLP*000100038271*1*178.3*65.15**MC*2020233118214~NM1*QC*1*ARCHULETTA*CHARTAE****MR*S666957~NM1*74*1*ARCHULETA**R~NM1*82*1*CADDALI*ESTRELLA*A***XX*1164974580~REF*EA*4D4B7898A6884989A4A08EE705952C10~DTM*232*20200728~DTM*233*20200728~SVC*HC:99213*178.3*65.15**1~DTM*472*20200728~CAS*CO*45*113.15~REF*6R*CPKUUYBRGXV1~AMT*B6*65.15~LQ*HE*N45~LQ*HE*N381~CLP*000100038863*1*362.99*117.84**MC*2020233118373~NM1*QC*1*ATENCIO*MICHEAL*R***MR*M394564~NM1*82*1*GRONEMEYER*LEANNE*R***XX*1659521045~REF*EA*2E084738DE7A4AD3BF28F98926E61329~DTM*232*20200810~DTM*233*20200810~SVC*HC:99214:25*272.99*96.14**1~DTM*472*20200810~CAS*CO*45*176.85~REF*6R*CPKUUND08E26~AMT*B6*96.14~LQ*HE*N45~LQ*HE*N381~SVC*HC:H0049*50*10.81**1~DTM*472*20200810~CAS*CO*45*39.19~REF*6R*CPKU7S42KX4L~AMT*B6*10.81~LQ*HE*N381~SVC*HC:G8510*40*10.89**1~DTM*472*20200810~CAS*CO*45*29.11~REF*6R*CPKURSIWESLI~AMT*B6*10.89~LQ*HE*N45~LQ*HE*N381~CLP*000100038143*1*205.63*71.75**MC*2020233118383~NM1*QC*1*BACKUSH*SUMAYAH*H***MR*Y862562~NM1*82*1*GRONEMEYER*LEANNE*R***XX*1659521045~REF*EA*5025DBE2058F4DD588AF7F3CF84D27CF~DTM*232*20200727~DTM*233*20200727~SVC*HC:99213:25*178.3*65.15**1~DTM*472*20200727~CAS*CO*45*113.15~REF*6R*CPKUC08JRWSJ~AMT*B6*65.15~LQ*HE*N45~LQ*HE*N381~SVC*HC:86580*27.33*6.6**1~DTM*472*20200727~CAS*CO*45*20.73~REF*6R*CPKU1MWRYAJJ~AMT*B6*6.6~LQ*HE*N381~CLP*000100038392*1*272.99*96.14**MC*2020233118490~NM1*QC*1*BAEZ*DIANA*E***MR*P092722~NM1*82*1*GRONEMEYER*LEANNE*R***XX*1659521045~REF*EA*D79F65ADB4BC4A0A97F639C12B422FDF~DTM*232*20200730~DTM*233*20200730~SVC*HC:99214*272.99*96.14**1~DTM*472*20200730~CAS*CO*45*176.85~REF*6R*CPKUA18QE728~AMT*B6*96.14~LQ*HE*N45~LQ*HE*N381~CLP*000100039040*1*272.99*96.14**MC*2020233118560~NM1*QC*1*BAKER*LORI****MR*O807456~NM1*82*1*GRONEMEYER*LEANNE*R***XX*1659521045~REF*EA*217253BE418F436BABC4BA26B7AC6BF8~DTM*232*20200812~DTM*233*20200812~SVC*HC:99214*272.99*96.14**1~DTM*472*20200812~CAS*CO*45*176.85~REF*6R*CPKUBF2SP44D~AMT*B6*96.14~LQ*HE*N45~LQ*HE*N381~CLP*000100038468*1*268.3*86.85**MC*2020233118353~NM1*QC*1*BERTUGLIA*LAUREN*E***MR*Y771588~NM1*82*1*CADDALI*ESTRELLA*A***XX*1164974580~REF*EA*5C92499357384719B4E97402F35D34AE~DTM*232*20200731~DTM*233*20200731~SVC*HC:99213:25*178.3*65.15**1~DTM*472*20200731~CAS*CO*45*113.15~REF*6R*CPKUVR2WD3P7~AMT*B6*65.15~LQ*HE*N45~LQ*HE*N381~SVC*HC:H0049*50*10.81**1~DTM*472*20200731~CAS*CO*45*39.19~REF*6R*CPKUJKGK98LU~AMT*B6*10.81~LQ*HE*N381~SVC*HC:G8510*40*10.89**1~DTM*472*20200731~CAS*CO*45*29.11~REF*6R*CPKUTN16GOOA~AMT*B6*10.89~LQ*HE*N45~LQ*HE*N381~CLP*000100036604*1*443.17*41.44**MC*2020233118056~NM1*QC*1*BLASKOVIC*JESSICA****MR*P861953~NM1*82*1*HOOSHMAND-PARSI*KAYHOSROW****XX*1447291851~REF*EA*C9B597E685294A7E9CA53100787F7AA0~DTM*232*20200623~DTM*233*20200623~SVC*HC:H0049*403.17*10.92**1~DTM*472*20200623~CAS*CO*45*392.25~REF*6R*CPJYVNK5LQ1Q~AMT*B6*10.92~LQ*HE*N381~SVC*HC:G8431*40*30.52**1~DTM*472*20200623~CAS*CO*45*9.48~REF*6R*CPJY7JLU4BVU~AMT*B6*30.52~LQ*HE*N381~CLP*000100036604*1*82*28.17**MC*2020233118061~NM1*QC*1*BLASKOVIC*JESSICA****MR*P861953~NM1*82*1*HOOSHMAND-PARSI*KAYHOSROW****XX*1447291851~REF*EA*29DE9C99E32442128D2851A65800E069~DTM*232*20200623~DTM*233*20200623~SVC*HC:93000*54.67*21.5**1~DTM*472*20200623~CAS*CO*45*33.17~REF*6R*CPJYGSNK7RWR~AMT*B6*21.5~LQ*HE*N59~LQ*HE*N381~SVC*HC:86580*27.33*6.67**1~DTM*472*20200623~CAS*CO*45*20.66~REF*6R*CPJYI13IWE6K~AMT*B6*6.67~LQ*HE*N59~LQ*HE*N381~CLP*000100038929*1*217.66*54.8**MC*2020233118019~NM1*QC*1*BOONE*SONYA****MR*O219451~NM1*82*1*LEWIS*HOLLY*G***XX*1295234128~REF*EA*F17FEA3EEDFB42F5B4FDE05B6E102B9D~DTM*232*20200811~DTM*233*20200811~SVC*HC:90832*217.66*54.8**1~DTM*472*20200811~CAS*CO*45*162.86~REF*6R*CPKU8A1RQ2WM~AMT*B6*54.8~LQ*HE*N381~CLP*000100038129*1*716.16*117.84**MC*2020233118316~NM1*QC*1*BRANDT*RONALD*J***MR*J865988~NM1*82*1*GRONEMEYER*LEANNE*R***XX*1659521045~REF*EA*FA98244D17CF47918785A2A7BDA3FD67~DTM*232*20200727~DTM*233*20200727~SVC*HC:99214:25*272.99*96.14**1~DTM*472*20200727~CAS*CO*45*176.85~REF*6R*CPKUDJ9HY54Y~AMT*B6*96.14~LQ*HE*N45~LQ*HE*N381~SVC*HC:H0049*403.17*10.81**1~DTM*472*20200727~CAS*CO*45*392.36~REF*6R*CPKU5JM36C5D~AMT*B6*10.81~LQ*HE*N381~SVC*HC:G8510*40*10.89**1~DTM*472*20200727~CAS*CO*45*29.11~REF*6R*CPKUN0QRTM6O~AMT*B6*10.89~LQ*HE*N45~LQ*HE*N381~CLP*000100038435*1*920.57*176.39**MC*2020233118205~NM1*QC*1*CAYSON*HAILEY****MR*Y373733~NM1*82*1*TSAMBIKOS*RICHARD****XX*1467985713~REF*EA*9EF45633625648C0B253810A75AE82DF~DTM*232*20200731~DTM*233*20200731~SVC*HC:99204:25*450.07*148.09**1~DTM*472*20200731~CAS*CO*45*301.98~REF*6R*CPKUX4W8XB36~AMT*B6*148.09~LQ*HE*N45~LQ*HE*N381~SVC*HC:86580*27.33*6.6**1~DTM*472*20200731~CAS*CO*45*20.73~REF*6R*CPKUEOKCM7DT~AMT*B6*6.6~LQ*HE*N381~SVC*HC:H0049*403.17*10.81**1~DTM*472*20200731~CAS*CO*45*392.36~REF*6R*CPKUN8GPDYPX~AMT*B6*10.81~LQ*HE*N381~SVC*HC:G8510*40*10.89**1~DTM*472*20200731~CAS*CO*45*29.11~REF*6R*CPKUUJK5T26E~AMT*B6*10.89~LQ*HE*N45~LQ*HE*N381~CLP*000100038983*1*383.52*161.7**MC*2020233118277~NM1*QC*1*CHACON*ALISSA****MR*P951315~NM1*82*1*TSAMBIKOS*RICHARD****XX*1467985713~REF*EA*E0FC46AD3BAA4D608DFC2AA91C1C2252~DTM*232*20200812~DTM*233*20200812~SVC*HC:99214:25*272.99*96.14**1~DTM*472*20200812~CAS*CO*45*176.85~REF*6R*CPKUHL2BIPQI~AMT*B6*96.14~LQ*HE*N45~LQ*HE*N381~SVC*HC:81002*4*3.37**1~DTM*472*20200812~CAS*CO*45*.63~REF*6R*CPKUZ3DYMHYS~AMT*B6*3.37~LQ*HE*N381~SVC*HC:90471*53.53*19.27**1~DTM*472*20200812~CAS*CO*45*34.26~REF*6R*CPKUYK4EAKIW~AMT*B6*19.27~LQ*HE*N45~LQ*HE*N381~SVC*HC:90715*53*42.92**1~DTM*472*20200812~CAS*CO*45*10.08~REF*6R*CPKUHB42CT7F~AMT*B6*42.92~LQ*HE*N381~CLP*000100038290*1*593.02*120.22*2*MC*2020233118421~NM1*QC*1*CHAVEZ*MONIQUE*L***MR*K568938~NM1*82*1*TSAMBIKOS*RICHARD****XX*1467985713~REF*EA*C53B70DDDF154109A765D85690FC5856~DTM*232*20200729~DTM*233*20200729~SVC*HC:99214:25*272.99*94.14**1~DTM*472*20200729~CAS*PR*3*2~CAS*CO*45*176.85~REF*6R*CPKUHYGTMTTE~AMT*B6*96.14~LQ*HE*N45~LQ*HE*N381~LQ*HE*N381~SVC*HC:10060*320.03*26.08**1~DTM*472*20200729~CAS*CO*45*293.95~REF*6R*CPKUZCD0KMRR~AMT*B6*26.08~LQ*HE*N381~LQ*HE*N381~CLP*000100038964*1*272.99*96.14**MC*2020233118540~NM1*QC*1*COCHRAN*CHRISTINA*D***MR*P015584~NM1*82*1*TSAMBIKOS*RICHARD****XX*1467985713~REF*EA*4D991F10E5C849C7B22F6319ACA0548D~DTM*232*20200812~DTM*233*20200812~SVC*HC:99214*272.99*96.14**1~DTM*472*20200812~CAS*CO*45*176.85~REF*6R*CPKUH2QLV7VT~AMT*B6*96.14~LQ*HE*N45~LQ*HE*N381~CLP*000100038357*1*540.07*169.79**MC*2020233118545~NM1*QC*1*COCHRAN*CHRISTINA*D***MR*P015584~NM1*82*1*TSAMBIKOS*RICHARD****XX*1467985713~REF*EA*AA57C8C865954830B225C43F8134B4BA~DTM*232*20200730~DTM*233*20200730~SVC*HC:99204:25*450.07*148.09**1~DTM*472*20200730~CAS*CO*45*301.98~REF*6R*CPKUKURG9RP4~AMT*B6*148.09~LQ*HE*N45~LQ*HE*N381~SVC*HC:H0049*50*10.81**1~DTM*472*20200730~CAS*CO*45*39.19~REF*6R*CPKU2YWYIN6K~AMT*B6*10.81~LQ*HE*N381~SVC*HC:G8510*40*10.89**1~DTM*472*20200730~CAS*CO*45*29.11~REF*6R*CPKUIV67QK0W~AMT*B6*10.89~LQ*HE*N45~LQ*HE*N381~CLP*000100038975*1*268.3*106.17**MC*2020233118494~NM1*QC*1*COLEBURN*JENNIFER*M***MR*P379930~NM1*82*1*CADDALI*ESTRELLA*A***XX*1164974580~REF*EA*2FA16096548749DB814F23D1FD89887F~DTM*232*20200812~DTM*233*20200812~SVC*HC:99213:25*178.3*65.15**1~DTM*472*20200812~CAS*CO*45*113.15~REF*6R*CPKUZZTOW8NL~AMT*B6*65.15~LQ*HE*N45~LQ*HE*N381~SVC*HC:H0049*50*10.81**1~DTM*472*20200812~CAS*CO*45*39.19~REF*6R*CPKUVQONPTZ2~AMT*B6*10.81~LQ*HE*N381~SVC*HC:G8431*40*30.21**1~DTM*472*20200812~CAS*CO*45*9.79~REF*6R*CPKUFS8IXRJM~AMT*B6*30.21~LQ*HE*N45~LQ*HE*N381~CLP*000100038172*1*272.99*96.14**MC*2020233118133~NM1*QC*1*COLEMAN*ZACARY*J***MR*P176371~NM1*82*1*GRONEMEYER*LEANNE*R***XX*1659521045~REF*EA*A72B4F867D444ED08AE4E92BDFF6C9AD~DTM*232*20200727~DTM*233*20200727~SVC*HC:99214*272.99*96.14**1~DTM*472*20200727~CAS*CO*45*176.85~REF*6R*CPKUOOURWLP6~AMT*B6*96.14~LQ*HE*N45~LQ*HE*N381~CLP*000100038720*1*178.3*63.15*2*MC*2020233118358~NM1*QC*1*COWEN*MARY*A***MR*O491346~NM1*82*1*CADDALI*ESTRELLA*A***XX*1164974580~REF*EA*083309CF14D344A6B15F41E39EF1ECF5~DTM*232*20200806~DTM*233*20200806~SVC*HC:99213*178.3*63.15**1~DTM*472*20200806~CAS*PR*3*2~CAS*CO*45*113.15~REF*6R*CPKUU00EGR8X~AMT*B6*65.15~LQ*HE*N45~LQ*HE*N381~LQ*HE*N381~CLP*000100038490*1*362.99*117.84**MC*2020233118323~NM1*QC*1*DAVIS*ZOE****MR*U420492~NM1*82*1*GRONEMEYER*LEANNE*R***XX*1659521045~REF*EA*AD8D73157A4D41ECB65303D87AE41B8B~DTM*232*20200803~DTM*233*20200803~SVC*HC:99214:25*272.99*96.14**1~DTM*472*20200803~CAS*CO*45*176.85~REF*6R*CPKUOGC0HCDC~AMT*B6*96.14~LQ*HE*N45~LQ*HE*N381~SVC*HC:H0049*50*10.81**1~DTM*472*20200803~CAS*CO*45*39.19~REF*6R*CPKUJE5S1K1I~AMT*B6*10.81~LQ*HE*N381~SVC*HC:G8510*40*10.89**1~DTM*472*20200803~CAS*CO*45*29.11~REF*6R*CPKUMDD9GMBR~AMT*B6*10.89~LQ*HE*N45~LQ*HE*N381~CLP*000100039018*1*272.99*96.14**MC*2020233118564~NM1*QC*1*DEBIDART*MICHAEL*M***MR*P894392~NM1*82*1*TSAMBIKOS*RICHARD****XX*1467985713~REF*EA*D6BE175BA6FF494A9A7684A141B08AE1~DTM*232*20200812~DTM*233*20200812~SVC*HC:99214*272.99*96.14**1~DTM*472*20200812~CAS*CO*45*176.85~REF*6R*CPKUQ3WLINAH~AMT*B6*96.14~LQ*HE*N45~LQ*HE*N381~CLP*000100038957*1*327.66*117.43**MC*2020233118306~NM1*QC*1*DURAN*JOEL*A***MR*K817376~NM1*82*1*CADDALI*ESTRELLA*A***XX*1164974580~REF*EA*0725DC465E31443681547A8C1D535746~DTM*232*20200812~DTM*233*20200812~SVC*HC:99214:25*272.99*96.14**1~DTM*472*20200812~CAS*CO*45*176.85~REF*6R*CPKU036UC49A~AMT*B6*96.14~LQ*HE*N45~LQ*HE*N381~SVC*HC:93000*54.67*21.29**1~DTM*472*20200812~CAS*CO*45*33.38~REF*6R*CPKU3XK8PPYK~AMT*B6*21.29~LQ*HE*N381~CLP*000100037453*1*15*8.34**MC*2020233118112~NM1*QC*1*EHLERS*DESIREE*F***MR*P131523~NM1*82*1*HOOSHMAND-PARSI*KAYHOSROW****XX*1447291851~REF*EA*E4C3847D54E049018EE23A0723FC3371~DTM*232*20200713~DTM*233*20200713~SVC*HC:81025*15*8.34**1~DTM*472*20200713~CAS*CO*45*6.66~REF*6R*CPJYOPYUKQB0~AMT*B6*8.34~LQ*HE*N59~LQ*HE*N381~CLP*000100038098*1*217.66*54.8**MC*2020233118040~NM1*QC*1*ESQUIBEL*MAXIMILLIAN*Z***MR*Y798813~NM1*82*1*LEWIS*HOLLY*G***XX*1295234128~REF*EA*8380FD61A083480F8A3E0BAD12DBABF5~DTM*232*20200724~DTM*233*20200724~SVC*HC:90832*217.66*54.8**1~DTM*472*20200724~CAS*CO*45*162.86~REF*6R*CPKUHJI7WZHT~AMT*B6*54.8~LQ*HE*N381~CLP*000100038777*1*178.3*65.15**MC*2020233118536~NM1*QC*1*ESQUIBEL*MAXIMILLIAN*Z***MR*Y798813~NM1*82*1*CADDALI*ESTRELLA*A***XX*1164974580~REF*EA*65669F2DA95B4193A5DB32F7F4993AC7~DTM*232*20200807~DTM*233*20200807~SVC*HC:99213*178.3*65.15**1~DTM*472*20200807~CAS*CO*45*113.15~REF*6R*CPKUHV6MZP3U~AMT*B6*65.15~LQ*HE*N45~LQ*HE*N381~CLP*000100038429*1*379.52*158.33**MC*2020233118240~NM1*QC*1*EURIOSTE*RICHARD****MR*H551756~NM1*82*1*CADDALI*ESTRELLA*A***XX*1164974580~REF*EA*59744CCCD42D483CB273D653A7D9613B~DTM*232*20200731~DTM*233*20200731~SVC*HC:99214:25*272.99*96.14**1~DTM*472*20200731~CAS*CO*45*176.85~REF*6R*CPKU9FUY2682~AMT*B6*96.14~LQ*HE*N45~LQ*HE*N381~SVC*HC:90471*53.53*19.27**1~DTM*472*20200731~CAS*CO*45*34.26~REF*6R*CPKUYKO4159U~AMT*B6*19.27~LQ*HE*N45~LQ*HE*N381~SVC*HC:90715*53*42.92**1~DTM*472*20200731~CAS*CO*45*10.08~REF*6R*CPKU1KNKHK3A~AMT*B6*42.92~LQ*HE*N381~CLP*000100038515*1*312.06*113.79**MC*2020233118401~NM1*QC*1*FARMER*KRISTI*M***MR*Y738798~NM1*82*1*GRONEMEYER*LEANNE*R***XX*1659521045~REF*EA*147B2DC9EA4E4E108C52B11B12F898AE~DTM*232*20200803~DTM*233*20200803~SVC*HC:99396*312.06*113.79**1~DTM*472*20200803~CAS*CO*45*198.27~REF*6R*CPKUIP68UCGE~AMT*B6*113.79~LQ*HE*N45~LQ*HE*N381~CLP*000100038100*1*716.16*137.16**MC*2020233118270~NM1*QC*1*FIERRO*VIRGINIA****MR*B600385~NM1*82*1*CADDALI*ESTRELLA*A***XX*1164974580~REF*EA*65F7719F4BE64AE1928A515C12539A57~DTM*232*20200724~DTM*233*20200724~SVC*HC:99214:25*272.99*96.14**1~DTM*472*20200724~CAS*CO*45*176.85~REF*6R*CPKU8HJ9XSJH~AMT*B6*96.14~LQ*HE*N45~LQ*HE*N381~SVC*HC:H0049*403.17*10.81**1~DTM*472*20200724~CAS*CO*45*392.36~REF*6R*CPKU9HZUFAV2~AMT*B6*10.81~LQ*HE*N381~SVC*HC:G8431*40*30.21**1~DTM*472*20200724~CAS*CO*45*9.79~REF*6R*CPKU92AWTIRX~AMT*B6*30.21~LQ*HE*N45~LQ*HE*N381~CLP*000100035352*1*15*8.42**MC*2020233118076~NM1*QC*1*FIORINI*CHRISTENA*E***MR*Y109693~NM1*82*1*GRONEMEYER*LEANNE*R***XX*1659521045~REF*EA*53C498E99267488FAAC3F1E7F9D26547~DTM*232*20200527~DTM*233*20200527~SVC*HC:81025*15*8.42**1~DTM*472*20200527~CAS*CO*45*6.58~REF*6R*CPJYI4FB4O2O~AMT*B6*8.42~LQ*HE*N59~LQ*HE*N381~CLP*000100039004*1*178.3*65.15**MC*2020233118550~NM1*QC*1*FLORES*JOE*F***MR*P507699~NM1*82*1*CADDALI*ESTRELLA*A***XX*1164974580~REF*EA*395218C533AB4C53AF6A3B6AB6EFF1B9~DTM*232*20200812~DTM*233*20200812~SVC*HC:99213*178.3*65.15**1~DTM*472*20200812~CAS*CO*45*113.15~REF*6R*CPKURB6W1SDH~AMT*B6*65.15~LQ*HE*N45~LQ*HE*N381~CLP*000100038231*1*999.77*249.3*2*MC*2020233118434~NM1*QC*1*FORD*BAILEY*J***MR*P334226~NM1*82*1*TSAMBIKOS*RICHARD****XX*1467985713~REF*EA*F8E9031176F945EA835E905952E4877C~DTM*232*20200728~DTM*233*20200728~SVC*HC:99204:25*450.07*146.09**1~DTM*472*20200728~CAS*PR*3*2~CAS*CO*45*301.98~REF*6R*CPKUMWV1YAZM~AMT*B6*148.09~LQ*HE*N45~LQ*HE*N381~LQ*HE*N381~SVC*HC:90471*53.53*19.27**1~DTM*472*20200728~CAS*CO*45*34.26~REF*6R*CPKUBQS0TWFY~AMT*B6*19.27~LQ*HE*N45~LQ*HE*N381~SVC*HC:90715*53*42.92**1~DTM*472*20200728~CAS*CO*45*10.08~REF*6R*CPKUW32Q9BM7~AMT*B6*42.92~LQ*HE*N381~SVC*HC:H0049*403.17*10.81**1~DTM*472*20200728~CAS*CO*45*392.36~REF*6R*CPKU4OMN4QNF~AMT*B6*10.81~LQ*HE*N381~SVC*HC:G8431*40*30.21**1~DTM*472*20200728~CAS*CO*45*9.79~REF*6R*CPKUD0V7K47R~AMT*B6*30.21~LQ*HE*N45~LQ*HE*N381~CLP*000100038807*1*272.99*96.14**MC*2020233118500~NM1*QC*1*FRANKMORE*CONNER****MR*G888118~NM1*82*1*GRONEMEYER*LEANNE*R***XX*1659521045~REF*EA*7F7B718D5A4C460B9C81B375DAC4B5E9~DTM*232*20200810~DTM*233*20200810~SVC*HC:99214*272.99*96.14**1~DTM*472*20200810~CAS*CO*45*176.85~REF*6R*CPKUKTK0UX8Y~AMT*B6*96.14~LQ*HE*N45~LQ*HE*N381~CLP*000100038277*1*1820*1266.14**MC*2020233118364~NM1*QC*1*GONZALES*CRYSTAL*D***MR*M921754~NM1*82*1*SEARLES*DENISE*A***XX*1396971230~REF*EA*C3ACAE73E0B5474B8C507B3F29DDD91D~DTM*232*20200729~DTM*233*20200729~SVC*HC:J2315*1805*1257.8**380~DTM*472*20200729~CAS*CO*45*547.2~REF*6R*CPJYL6UXK6A7~AMT*B6*1257.8~LQ*HE*N59~LQ*HE*N381~SVC*HC:81025*15*8.34**1~DTM*472*20200729~CAS*CO*45*6.66~REF*6R*CPJYRKGPWKIR~AMT*B6*8.34~LQ*HE*N59~LQ*HE*N381~CLP*000100038737*1*272.99*96.14**MC*2020233118483~NM1*QC*1*HADDAN*SHAWNA****MR*V379838~NM1*82*1*GRONEMEYER*LEANNE*R***XX*1659521045~REF*EA*60C7F3EF5017440CBEFF56223A44E75D~DTM*232*20200806~DTM*233*20200806~SVC*HC:99214*272.99*96.14**1~DTM*472*20200806~CAS*CO*45*176.85~REF*6R*CPKUAWV9T6BP~AMT*B6*96.14~LQ*HE*N45~LQ*HE*N381~CLP*000100038401*1*178.3*65.15**MC*2020233118139~NM1*QC*1*HARRIS*ANGELA****MR*J327161~NM1*82*1*CADDALI*ESTRELLA*A***XX*1164974580~REF*EA*20C2F6977E2840B0A854E5D93232C3E2~DTM*232*20200730~DTM*233*20200730~SVC*HC:99213*178.3*65.15**1~DTM*472*20200730~CAS*CO*45*113.15~REF*6R*CPKU4DNE8ZXS~AMT*B6*65.15~LQ*HE*N45~LQ*HE*N381~CLP*000100038205*1*999.77*231.98**MC*2020233118290~NM1*QC*1*HERNANDEZ*ERIC*J***MR*Y215424~NM1*82*1*TSAMBIKOS*RICHARD****XX*1467985713~REF*EA*23994BDCE5844091A816C323D233279B~DTM*232*20200728~DTM*233*20200728~SVC*HC:99204:25*450.07*148.09**1~DTM*472*20200728~CAS*CO*45*301.98~REF*6R*CPKUB7NRWDHI~AMT*B6*148.09~LQ*HE*N45~LQ*HE*N381~SVC*HC:90471*53.53*19.27**1~DTM*472*20200728~CAS*CO*45*34.26~REF*6R*CPKUGDQMX545~AMT*B6*19.27~LQ*HE*N45~LQ*HE*N381~SVC*HC:90715*53*42.92**1~DTM*472*20200728~CAS*CO*45*10.08~REF*6R*CPKUVTYH5UN0~AMT*B6*42.92~LQ*HE*N381~SVC*HC:H0049*403.17*10.81**1~DTM*472*20200728~CAS*CO*45*392.36~REF*6R*CPKU1K1NIQ8E~AMT*B6*10.81~LQ*HE*N381~SVC*HC:G8510*40*10.89**1~DTM*472*20200728~CAS*CO*45*29.11~REF*6R*CPKU90KDNZ37~AMT*B6*10.89~LQ*HE*N45~LQ*HE*N381~CLP*000100038935*1*178.3*65.15**MC*2020233118299~NM1*QC*1*HERNANDEZ*ERIC*J***MR*Y215424~NM1*82*1*TSAMBIKOS*RICHARD****XX*1467985713~REF*EA*6CF26B4BDDF142E785DB8CA0145E820C~DTM*232*20200811~DTM*233*20200811~SVC*HC:99213*178.3*65.15**1~DTM*472*20200811~CAS*CO*45*113.15~REF*6R*CPKUTUBYQ3Y5~AMT*B6*65.15~LQ*HE*N45~LQ*HE*N381~CLP*000100038087*1*621.47*86.85**MC*2020233118118~NM1*QC*1*JACKSON*TIMEKU****MR*M493473~NM1*82*1*CADDALI*ESTRELLA*A***XX*1164974580~REF*EA*0128E95D85514AEF84C38DA9C3005962~DTM*232*20200724~DTM*233*20200724~SVC*HC:99213:25*178.3*65.15**1~DTM*472*20200724~CAS*CO*45*113.15~REF*6R*CPKU0UKRVZCO~AMT*B6*65.15~LQ*HE*N45~LQ*HE*N381~SVC*HC:H0049*403.17*10.81**1~DTM*472*20200724~CAS*CO*45*392.36~REF*6R*CPKUAC5OBC87~AMT*B6*10.81~LQ*HE*N381~SVC*HC:G8510*40*10.89**1~DTM*472*20200724~CAS*CO*45*29.11~REF*6R*CPKU2072F0FB~AMT*B6*10.89~LQ*HE*N45~LQ*HE*N381~CLP*000100038415*1*217.66*54.8**MC*2020233118044~NM1*QC*1*JOHNSON*JOHN*K***MR*Y235175~NM1*82*1*LEWIS*HOLLY*G***XX*1295234128~REF*EA*E9A1AB32D436438A950D7BCF5C14C11A~DTM*232*20200730~DTM*233*20200730~SVC*HC:90832*217.66*54.8**1~DTM*472*20200730~CAS*CO*45*162.86~REF*6R*CPKUFDI3OGPX~AMT*B6*54.8~LQ*HE*N381~CLP*000100038404*1*356.84*137.48**MC*2020233118556~NM1*QC*1*JOHNSON*JOHN*K***MR*Y235175~NM1*82*1*TSAMBIKOS*RICHARD****XX*1467985713~REF*EA*461CDBE1454A444EAE7F450227418D2B~DTM*232*20200730~DTM*233*20200730~SVC*HC:99203:25*266.84*96.46**1~DTM*472*20200730~CAS*CO*45*170.38~REF*6R*CPKUJQLNY3CF~AMT*B6*96.46~LQ*HE*N45~LQ*HE*N381~SVC*HC:H0049*50*10.81**1~DTM*472*20200730~CAS*CO*45*39.19~REF*6R*CPKUYN9ZN59Q~AMT*B6*10.81~LQ*HE*N381~SVC*HC:G8431*40*30.21**1~DTM*472*20200730~CAS*CO*45*9.79~REF*6R*CPKUBOCTCTFD~AMT*B6*30.21~LQ*HE*N45~LQ*HE*N381~CLP*000100038117*1*312.06*113.79**MC*2020233118108~NM1*QC*1*JOHNSON*MARK*A***MR*P242576~NM1*82*1*GRONEMEYER*LEANNE*R***XX*1659521045~REF*EA*B9E4273F49A34DF6BED0193234F7DEB8~DTM*232*20200727~DTM*233*20200727~SVC*HC:99396*312.06*113.79**1~DTM*472*20200727~CAS*CO*45*198.27~REF*6R*CPKUPVINRDNE~AMT*B6*113.79~LQ*HE*N45~LQ*HE*N381~CLP*000100038530*1*272.99*94.14*2*MC*2020233118404~NM1*QC*1*JOHNSON*NORA****MR*J694925~NM1*82*1*GRONEMEYER*LEANNE*R***XX*1659521045~REF*EA*555F4AD0D52B46428A68DF58A1888031~DTM*232*20200803~DTM*233*20200803~SVC*HC:99214*272.99*94.14**1~DTM*472*20200803~CAS*PR*3*2~CAS*CO*45*176.85~REF*6R*CPKUD7XBCTVD~AMT*B6*96.14~LQ*HE*N45~LQ*HE*N381~LQ*HE*N381~CLP*000100038557*1*272.99*94.14*2*MC*2020233118085~NM1*QC*1*JUSTIS*JALYN****MR*W031230~NM1*82*1*CADDALI*ESTRELLA*A***XX*1164974580~REF*EA*8E793A9B73EA439382F999E8DFD280FB~DTM*232*20200804~DTM*233*20200804~SVC*HC:99214*272.99*94.14**1~DTM*472*20200804~CAS*PR*3*2~CAS*CO*45*176.85~REF*6R*CPKULWN2J12Z~AMT*B6*96.14~LQ*HE*N45~LQ*HE*N381~LQ*HE*N381~CLP*000100038918*1*327.66*117.43**MC*2020233118391~NM1*QC*1*LARK*WILLIAM****MR*K533858~NM1*82*1*CADDALI*ESTRELLA*A***XX*1164974580~REF*EA*36D05FF51B7047838A3A5DB8FA5DC225~DTM*232*20200811~DTM*233*20200811~SVC*HC:99214:25*272.99*96.14**1~DTM*472*20200811~CAS*CO*45*176.85~REF*6R*CPKULNWOJ6CA~AMT*B6*96.14~LQ*HE*N45~LQ*HE*N381~SVC*HC:93000*54.67*21.29**1~DTM*472*20200811~CAS*CO*45*33.38~REF*6R*CPKUEWVE8FCC~AMT*B6*21.29~LQ*HE*N381~CLP*000100038163*1*710.01*116.16*2*MC*2020233118566~NM1*QC*1*LEPIK*VINCENT*D***MR*T982054~NM1*82*1*GRONEMEYER*LEANNE*R***XX*1659521045~REF*EA*B8B8648294F140E7ACD59FBFF4FED5F8~DTM*232*20200727~DTM*233*20200727~SVC*HC:99203:25*266.84*94.46**1~DTM*472*20200727~CAS*PR*3*2~CAS*CO*45*170.38~REF*6R*CPKUSZRQANH8~AMT*B6*96.46~LQ*HE*N45~LQ*HE*N381~LQ*HE*N381~SVC*HC:H0049*403.17*10.81**1~DTM*472*20200727~CAS*CO*45*392.36~REF*6R*CPKUF2G6TG9V~AMT*B6*10.81~LQ*HE*N381~SVC*HC:G8510*40*10.89**1~DTM*472*20200727~CAS*CO*45*29.11~REF*6R*CPKUKJBWMVNH~AMT*B6*10.89~LQ*HE*N45~LQ*HE*N381~CLP*000100038361*1*378.14*126.44*2*MC*2020233118245~NM1*QC*1*LERMA*ANNETTE*J***MR*K308921~NM1*82*1*GRONEMEYER*LEANNE*R***XX*1659521045~REF*EA*2E945FB57C72407C8EDA0FAEA05D29E0~DTM*232*20200730~DTM*233*20200730~SVC*HC:99395:25*288.14*104.74**1~DTM*472*20200730~CAS*PR*3*2~CAS*CO*45*181.4~REF*6R*CPKUJAV52XYO~AMT*B6*106.74~LQ*HE*N45~LQ*HE*N381~LQ*HE*N381~SVC*HC:H0049*50*10.81**1~DTM*472*20200730~CAS*CO*45*39.19~REF*6R*CPKUNXYJXSJG~AMT*B6*10.81~LQ*HE*N381~SVC*HC:G8510*40*10.89**1~DTM*472*20200730~CAS*CO*45*29.11~REF*6R*CPKUIJW11LUR~AMT*B6*10.89~LQ*HE*N45~LQ*HE*N381~CLP*000100036901*1*82*28.17**MC*2020233118163~NM1*QC*1*LORETO*JOSHUA*R***MR*E192810~NM1*82*1*HOOSHMAND-PARSI*KAYHOSROW****XX*1447291851~REF*EA*35463DF0C8E74FA49412271C936565CE~DTM*232*20200630~DTM*233*20200630~SVC*HC:93000*54.67*21.5**1~DTM*472*20200630~CAS*CO*45*33.17~REF*6R*CPJY91PVNFDE~AMT*B6*21.5~LQ*HE*N59~LQ*HE*N381~SVC*HC:86580*27.33*6.67**1~DTM*472*20200630~CAS*CO*45*20.66~REF*6R*CPJYPUUWNQ7P~AMT*B6*6.67~LQ*HE*N59~LQ*HE*N381~CLP*000100038391*1*178.3*63.15*2*MC*2020233118231~NM1*QC*1*MACZOLLEK*VALENTINA****MR*P256027~NM1*82*1*GRONEMEYER*LEANNE*R***XX*1659521045~REF*EA*51D16B13BCA7456E846241326E2FD991~DTM*232*20200730~DTM*233*20200730~SVC*HC:99213*178.3*63.15**1~DTM*472*20200730~CAS*PR*3*2~CAS*CO*45*113.15~REF*6R*CPKUZLCPEO3F~AMT*B6*65.15~LQ*HE*N45~LQ*HE*N381~LQ*HE*N381~CLP*000100038593*1*178.3*65.15**MC*2020233118378~NM1*QC*1*MAES*ODEAN****MR*J060945~NM1*82*1*CADDALI*ESTRELLA*A***XX*1164974580~REF*EA*C646F2757B30450FAAAF791031F07046~DTM*232*20200804~DTM*233*20200804~SVC*HC:99213*178.3*65.15**1~DTM*472*20200804~CAS*CO*45*113.15~REF*6R*CPKULI9WSMF3~AMT*B6*65.15~LQ*HE*N45~LQ*HE*N381~CLP*000100037237*1*1845*1268.69**MC*2020233118507~NM1*QC*1*MAEZ*DANIEL*E***MR*B173664~NM1*82*1*SEARLES*DENISE*A***XX*1396971230~REF*EA*E5D6C5BFD25D4D3FB877FBBBE4575A15~DTM*232*20200708~DTM*233*20200708~SVC*HC:J2315*1805*1257.8**380~DTM*472*20200708~CAS*CO*45*547.2~REF*6R*CPJYVZBOOL8V~AMT*B6*1257.8~LQ*HE*N59~LQ*HE*N381~SVC*HC:G8510*40*10.89**1~DTM*472*20200708~CAS*CO*45*29.11~REF*6R*CPJYLJB57LBZ~AMT*B6*10.89~LQ*HE*N59~LQ*HE*N45~LQ*HE*N381~CLP*000100038786*1*178.3*65.15**MC*2020233118303~NM1*QC*1*MCCLURE*THOMAS*M***MR*K853447~NM1*82*1*CADDALI*ESTRELLA*A***XX*1164974580~REF*EA*3E497A4716C447C0B97DD869BBEF56B7~DTM*232*20200807~DTM*233*20200807~SVC*HC:99213*178.3*65.15**1~DTM*472*20200807~CAS*CO*45*113.15~REF*6R*CPKU547J5SC5~AMT*B6*65.15~LQ*HE*N45~LQ*HE*N381~CLP*000100038653*1*356.84*135.48*2*MC*2020233118513~NM1*QC*1*MEDINA*DESTINY*R***MR*R556688~NM1*82*1*CADDALI*ESTRELLA*A***XX*1164974580~REF*EA*F63141EFD1434AB88627B4FC2B66C8FC~DTM*232*20200805~DTM*233*20200805~SVC*HC:99203:25*266.84*94.46**1~DTM*472*20200805~CAS*PR*3*2~CAS*CO*45*170.38~REF*6R*CPKUNF2KYOM5~AMT*B6*96.46~LQ*HE*N45~LQ*HE*N381~LQ*HE*N381~SVC*HC:H0049*50*10.81**1~DTM*472*20200805~CAS*CO*45*39.19~REF*6R*CPKUD38JG0DH~AMT*B6*10.81~LQ*HE*N381~SVC*HC:G8431*40*30.21**1~DTM*472*20200805~CAS*CO*45*9.79~REF*6R*CPKUFTJ3EFU4~AMT*B6*30.21~LQ*HE*N45~LQ*HE*N381~CLP*000100038920*1*272.99*96.14**MC*2020233118065~NM1*QC*1*MEDINA*JEANNINE****MR*H870875~NM1*82*1*TSAMBIKOS*RICHARD****XX*1467985713~REF*EA*7FA52DFF13B3479398D9ADE54AD9E6D2~DTM*232*20200811~DTM*233*20200811~SVC*HC:99214*272.99*96.14**1~DTM*472*20200811~CAS*CO*45*176.85~REF*6R*CPKUVVMPV9HA~AMT*B6*96.14~LQ*HE*N45~LQ*HE*N381~CLP*000100037990*1*731.31*21.7**MC*2020233118286~NM1*QC*1*MOLZOW*THOMAS*P***MR*O956576~NM1*82*1*TSAMBIKOS*RICHARD****XX*1467985713~REF*EA*AC2AF7D6C2F44E7CB7D5C0959E2E69B0~DTM*232*20200722~DTM*233*20200722~SVC*HC:99395:25*288.14*0**0**1~DTM*472*20200722~CAS*PI*5*288.14~REF*6R*CPKUC66VB9KL~LQ*HE*M77~LQ*HE*M77~SVC*HC:H0049*403.17*10.81**1~DTM*472*20200722~CAS*CO*45*392.36~REF*6R*CPKU698B6OWX~AMT*B6*10.81~LQ*HE*N381~SVC*HC:G8510*40*10.89**1~DTM*472*20200722~CAS*CO*45*29.11~REF*6R*CPKUCK9CR2RD~AMT*B6*10.89~LQ*HE*N45~LQ*HE*N381~CLP*000100038824*1*178.54*80.02**MC*2020233118451~NM1*QC*1*MONTEZ*JOHN*A***MR*K005394~NM1*82*1*HOOSHMAND-PARSI*KAYHOSROW****XX*1447291851~REF*EA*9FC089995AC84261BD87A55F4683AEE4~DTM*232*20200810~DTM*233*20200810~SVC*HC:99212:25*88.54*39**1~DTM*472*20200810~CAS*CO*45*49.54~REF*6R*CPKUH2MM27SN~AMT*B6*39~LQ*HE*N45~LQ*HE*N381~SVC*HC:H0049*50*10.81**1~DTM*472*20200810~CAS*CO*45*39.19~REF*6R*CPKUZNFR30YB~AMT*B6*10.81~LQ*HE*N381~SVC*HC:G8431*40*30.21**1~DTM*472*20200810~CAS*CO*45*9.79~REF*6R*CPKU4F2LP104~AMT*B6*30.21~LQ*HE*N45~LQ*HE*N381~CLP*000100038521*1*247.14*95.81**MC*2020233118178~NM1*QC*1*MYERS*LENNOX*L***MR*P140281~NM1*82*1*GRONEMEYER*LEANNE*R***XX*1659521045~REF*EA*E60D687B76D94965AADBD2B686B1A29C~DTM*232*20200803~DTM*233*20200803~SVC*HC:99392*247.14*95.81**1~DTM*472*20200803~CAS*CO*45*151.33~REF*6R*CPKUJS0CZ36I~AMT*B6*95.81~LQ*HE*N381~CLP*000100038472*1*362.99*117.84**MC*2020233118332~NM1*QC*1*MYERS*SCOTT*A***MR*P255708~NM1*82*1*CADDALI*ESTRELLA*A***XX*1164974580~REF*EA*32142D06FFC7426F91A4A078999B00A5~DTM*232*20200731~DTM*233*20200731~SVC*HC:99214:25*272.99*96.14**1~DTM*472*20200731~CAS*CO*45*176.85~REF*6R*CPKUC7WX8CAR~AMT*B6*96.14~LQ*HE*N45~LQ*HE*N381~SVC*HC:H0049*50*10.81**1~DTM*472*20200731~CAS*CO*45*39.19~REF*6R*CPKUGKDUMS99~AMT*B6*10.81~LQ*HE*N381~SVC*HC:G8510*40*10.89**1~DTM*472*20200731~CAS*CO*45*29.11~REF*6R*CPKUFKYLED5N~AMT*B6*10.89~LQ*HE*N45~LQ*HE*N381~CLP*000100038931*1*272.99*96.14**MC*2020233118169~NM1*QC*1*PARADISO*CHEYENNE*B***MR*G885608~NM1*82*1*CADDALI*ESTRELLA*A***XX*1164974580~REF*EA*B132881FA78746BB8C37935FECD73E04~DTM*232*20200811~DTM*233*20200811~SVC*HC:99214*272.99*96.14**1~DTM*472*20200811~CAS*CO*45*176.85~REF*6R*CPKUAK2340D5~AMT*B6*96.14~LQ*HE*N45~LQ*HE*N381~CLP*000100038789*1*178.3*65.15**MC*2020233118444~NM1*QC*1*PAULSEN*STACY*C***MR*W216187~NM1*82*1*CADDALI*ESTRELLA*A***XX*1164974580~REF*EA*2FE2F7EF31DD42E19103AC55283299A1~DTM*232*20200807~DTM*233*20200807~SVC*HC:99213*178.3*65.15**1~DTM*472*20200807~CAS*CO*45*113.15~REF*6R*CPKUFK1J24VQ~AMT*B6*65.15~LQ*HE*N45~LQ*HE*N381~CLP*000100038395*1*272.99*96.14**MC*2020233118262~NM1*QC*1*PERSHIN*KRISTYNA*M***MR*Y464443~NM1*82*1*GRONEMEYER*LEANNE*R***XX*1659521045~REF*EA*58AB3E0FCFD94241965AB25E811AC819~DTM*232*20200730~DTM*233*20200730~SVC*HC:99214*272.99*96.14**1~DTM*472*20200730~CAS*CO*45*176.85~REF*6R*CPKUQPM89KZU~AMT*B6*96.14~LQ*HE*N45~LQ*HE*N381~CLP*000100038764*1*178.3*65.15**MC*2020233118460~NM1*QC*1*RAYAS*JAVIER****MR*I638636~NM1*82*1*CADDALI*ESTRELLA*A***XX*1164974580~REF*EA*34D80813E2C04B1E8B6487C12B03B0F9~DTM*232*20200807~DTM*233*20200807~SVC*HC:99213*178.3*65.15**1~DTM*472*20200807~CAS*CO*45*113.15~REF*6R*CPKU7I1Y9DNH~AMT*B6*65.15~LQ*HE*N45~LQ*HE*N381~CLP*000100038372*1*272.99*96.14**MC*2020233118219~NM1*QC*1*REGALADO*DARION*N***MR*Y813880~NM1*82*1*GRONEMEYER*LEANNE*R***XX*1659521045~REF*EA*68C696F79ED04560AB70CE5B37011757~DTM*232*20200730~DTM*233*20200730~SVC*HC:99214*272.99*96.14**1~DTM*472*20200730~CAS*CO*45*176.85~REF*6R*CPKUWYJBYGQ8~AMT*B6*96.14~LQ*HE*N45~LQ*HE*N381~CLP*000100038211*1*716.16*137.16**MC*2020233118089~NM1*QC*1*RICHARDSON*REBECCA****MR*E158290~NM1*82*1*CADDALI*ESTRELLA*A***XX*1164974580~REF*EA*3107A4233F484ED1B100BC4E5F027EBC~DTM*232*20200728~DTM*233*20200728~SVC*HC:99214:25*272.99*96.14**1~DTM*472*20200728~CAS*CO*45*176.85~REF*6R*CPKUMDPQFMLR~AMT*B6*96.14~LQ*HE*N45~LQ*HE*N381~SVC*HC:H0049*403.17*10.81**1~DTM*472*20200728~CAS*CO*45*392.36~REF*6R*CPKUQE9MSJEW~AMT*B6*10.81~LQ*HE*N381~SVC*HC:G8431*40*30.21**1~DTM*472*20200728~CAS*CO*45*9.79~REF*6R*CPKU4G1FETPY~AMT*B6*30.21~LQ*HE*N45~LQ*HE*N381~CLP*000100038378*1*272.99*94.14*2*MC*2020233118347~NM1*QC*1*ROMERO*JOSEPH*P***MR*G715842~NM1*82*1*CADDALI*ESTRELLA*A***XX*1164974580~REF*EA*F79550D798124059AF25F52139E2DA78~DTM*232*20200730~DTM*233*20200730~SVC*HC:99214*272.99*94.14**1~DTM*472*20200730~CAS*PR*3*2~CAS*CO*45*176.85~REF*6R*CPKU8IXT3U5K~AMT*B6*96.14~LQ*HE*N45~LQ*HE*N381~LQ*HE*N381~CLP*000100038346*1*178.3*65.15**MC*2020233118569~NM1*QC*1*RUIZ*RACHEL*M***MR*S803725~NM1*82*1*GRONEMEYER*LEANNE*R***XX*1659521045~REF*EA*DDC3C49EEE0B4A85BEA38AFFC8F81359~DTM*232*20200729~DTM*233*20200729~SVC*HC:99213*178.3*65.15**1~DTM*472*20200729~CAS*CO*45*113.15~REF*6R*CPKUQLDG48JP~AMT*B6*65.15~LQ*HE*N45~LQ*HE*N381~CLP*000100038120*1*1418.12*1063.3**MC*2020233118522~NM1*QC*1*RIVAS*JESSENIA*E***MR*W695307~NM1*74*1*SALAS~NM1*82*1*GRONEMEYER*LEANNE*R***XX*1659521045~REF*EA*5BE3AD24A8544DABAB54B35675215E8B~DTM*232*20200727~DTM*233*20200727~SVC*HC:11983:FP*583.12*234.96**1~DTM*472*20200727~CAS*CO*45*348.16~REF*6R*CPKU9OITJL40~AMT*B6*234.96~LQ*HE*N45~LQ*HE*N381~LQ*HE*N381~SVC*HC:J7307:FP*820*820**1~DTM*472*20200727~REF*6R*CPKUUKVZYYGK~AMT*B6*820~SVC*HC:81025:FP*15*8.34**1~DTM*472*20200727~CAS*CO*45*6.66~REF*6R*CPKU5LPFBXEZ~AMT*B6*8.34~LQ*HE*N381~CLP*000100039028*1*178.3*63.15*2*MC*2020233118438~NM1*QC*1*SALAZAR*DANIELLE*C***MR*W076573~NM1*82*1*CADDALI*ESTRELLA*A***XX*1164974580~REF*EA*BAF2D2F3558141FEA36797764210648C~DTM*232*20200812~DTM*233*20200812~SVC*HC:99213*178.3*63.15**1~DTM*472*20200812~CAS*PR*3*2~CAS*CO*45*113.15~REF*6R*CPKUUB887E5Y~AMT*B6*65.15~LQ*HE*N45~LQ*HE*N381~LQ*HE*N381~CLP*000100038736*1*272.99*94.14*2*MC*2020233118145~NM1*QC*1*SANCHEZ*YVONNE*A***MR*J289148~NM1*82*1*GRONEMEYER*LEANNE*R***XX*1659521045~REF*EA*F58518F0D8404B9CB8AD8236267ABF47~DTM*232*20200806~DTM*233*20200806~SVC*HC:99214*272.99*94.14**1~DTM*472*20200806~CAS*PR*3*2~CAS*CO*45*176.85~REF*6R*CPKUV6WIGJ22~AMT*B6*96.14~LQ*HE*N45~LQ*HE*N381~LQ*HE*N381~CLP*000100038828*1*272.99*96.14**MC*2020233118254~NM1*QC*1*SANDOVAL*THERESA*M***MR*D398624~NM1*82*1*GRONEMEYER*LEANNE*R***XX*1659521045~REF*EA*92B46FA1B6DF4BAD8A6BC036C3B082D9~DTM*232*20200810~DTM*233*20200810~SVC*HC:99214*272.99*96.14**1~DTM*472*20200810~CAS*CO*45*176.85~REF*6R*CPKUYWTPH1OA~AMT*B6*96.14~LQ*HE*N45~LQ*HE*N381~CLP*000100038367*1*272.99*96.14**MC*2020233118179~NM1*QC*1*SHEPHERD*ANDREW*M***MR*G231974~NM1*82*1*TSAMBIKOS*RICHARD****XX*1467985713~REF*EA*B2F6A2913ABF4F72A2F66BEB4C944274~DTM*232*20200730~DTM*233*20200730~SVC*HC:99214*272.99*96.14**1~DTM*472*20200730~CAS*CO*45*176.85~REF*6R*CPKU8HXOO2NK~AMT*B6*96.14~LQ*HE*N45~LQ*HE*N381~CLP*000100038418*1*362.99*117.84**MC*2020233118531~NM1*QC*1*SISNEROS*GREGORY*A***MR*H774507~NM1*82*1*CADDALI*ESTRELLA*A***XX*1164974580~REF*EA*3BBF5D8753C04016B14CC1EE42CDBBDA~DTM*232*20200731~DTM*233*20200731~SVC*HC:99214:25*272.99*96.14**1~DTM*472*20200731~CAS*CO*45*176.85~REF*6R*CPKUR9CYN5HB~AMT*B6*96.14~LQ*HE*N45~LQ*HE*N381~SVC*HC:H0049*50*10.81**1~DTM*472*20200731~CAS*CO*45*39.19~REF*6R*CPKU0QE2ERRN~AMT*B6*10.81~LQ*HE*N381~SVC*HC:G8510*40*10.89**1~DTM*472*20200731~CAS*CO*45*29.11~REF*6R*CPKUC6HZCQES~AMT*B6*10.89~LQ*HE*N45~LQ*HE*N381~CLP*000100036640*1*525.17*69.61**MC*2020233118577~NM1*QC*1*SMITH*GEOFFREY*A***MR*Q481276~NM1*82*1*HOOSHMAND-PARSI*KAYHOSROW****XX*1447291851~REF*EA*FFA6909B112F44CD89525485CAB791F6~DTM*232*20200623~DTM*233*20200623~SVC*HC:86580*27.33*6.67**1~DTM*472*20200623~CAS*CO*45*20.66~REF*6R*CPJYKJUOY6XU~AMT*B6*6.67~LQ*HE*N59~LQ*HE*N381~SVC*HC:H0049*403.17*10.92**1~DTM*472*20200623~CAS*CO*45*392.25~REF*6R*CPJYH1FBFA60~AMT*B6*10.92~LQ*HE*N59~LQ*HE*N381~SVC*HC:G8431*40*30.52**1~DTM*472*20200623~CAS*CO*45*9.48~REF*6R*CPJYC0LGP3BC~AMT*B6*30.52~LQ*HE*N59~LQ*HE*N381~SVC*HC:93000*54.67*21.5**1~DTM*472*20200623~CAS*CO*45*33.17~REF*6R*CPJY65ZXDE6B~AMT*B6*21.5~LQ*HE*N59~LQ*HE*N381~CLP*000100038861*1*540.07*189.11**MC*2020233118158~NM1*QC*1*SUSANJ*PAMILA****MR*G602621~NM1*82*1*GRONEMEYER*LEANNE*R***XX*1659521045~REF*EA*761BA7022A99402EA93071FFBAD3045D~DTM*232*20200810~DTM*233*20200810~SVC*HC:99204:25*450.07*148.09**1~DTM*472*20200810~CAS*CO*45*301.98~REF*6R*CPKUIP3CTX6N~AMT*B6*148.09~LQ*HE*N45~LQ*HE*N381~SVC*HC:H0049*50*10.81**1~DTM*472*20200810~CAS*CO*45*39.19~REF*6R*CPKUYHLU847H~AMT*B6*10.81~LQ*HE*N381~SVC*HC:G8431*40*30.21**1~DTM*472*20200810~CAS*CO*45*9.79~REF*6R*CPKU2NSNK9PZ~AMT*B6*30.21~LQ*HE*N45~LQ*HE*N381~CLP*000100039006*1*217.66*54.8**MC*2020233118034~NM1*QC*1*TERRONES*KIMBERLY*L***MR*Y212096~NM1*82*1*LEWIS*HOLLY*G***XX*1295234128~REF*EA*77FB2300C35944FAB2DAC46AA6E43E62~DTM*232*20200812~DTM*233*20200812~SVC*HC:90832*217.66*54.8**1~DTM*472*20200812~CAS*CO*45*162.86~REF*6R*CPKUTROCP5S9~AMT*B6*54.8~LQ*HE*N381~CLP*000100038327*1*540.07*189.11**MC*2020233118478~NM1*QC*1*TERRONES*KIMBERLY*L***MR*Y212096~NM1*82*1*TSAMBIKOS*RICHARD****XX*1467985713~REF*EA*F988D69807AB407AB1FE1C2548181B2A~DTM*232*20200729~DTM*233*20200729~SVC*HC:99204:25*450.07*148.09**1~DTM*472*20200729~CAS*CO*45*301.98~REF*6R*CPKUWNXKYWAS~AMT*B6*148.09~LQ*HE*N45~LQ*HE*N381~SVC*HC:H0049*50*10.81**1~DTM*472*20200729~CAS*CO*45*39.19~REF*6R*CPKUTR1R1GFL~AMT*B6*10.81~LQ*HE*N381~SVC*HC:G8431*40*30.21**1~DTM*472*20200729~CAS*CO*45*9.79~REF*6R*CPKUULWGZSEC~AMT*B6*30.21~LQ*HE*N45~LQ*HE*N381~CLP*000100039010*1*272.99*96.14**MC*2020233118480~NM1*QC*1*TERRONES*KIMBERLY*L***MR*Y212096~NM1*82*1*TSAMBIKOS*RICHARD****XX*1467985713~REF*EA*E7E65357CF7A420D8D48F1E62F000D1E~DTM*232*20200812~DTM*233*20200812~SVC*HC:99214*272.99*96.14**1~DTM*472*20200812~CAS*CO*45*176.85~REF*6R*CPKUN1B8WM64~AMT*B6*96.14~LQ*HE*N45~LQ*HE*N381~CLP*000100037449*1*443.17*41.02**MC*2020233118128~NM1*QC*1*THOMASON*BRIANA*M***MR*V368526~NM1*82*1*HOOSHMAND-PARSI*KAYHOSROW****XX*1447291851~REF*EA*FEBD5B9906D24D66B71D29928F52D0B7~DTM*232*20200713~DTM*233*20200713~SVC*HC:H0049*403.17*10.81**1~DTM*472*20200713~CAS*CO*45*392.36~REF*6R*CPJYWG43XTU0~AMT*B6*10.81~LQ*HE*N59~LQ*HE*N381~SVC*HC:G8431*40*30.21**1~DTM*472*20200713~CAS*CO*45*9.79~REF*6R*CPJYYESTOBZJ~AMT*B6*30.21~LQ*HE*N59~LQ*HE*N45~LQ*HE*N381~CLP*000100038371*1*217.66*54.8**MC*2020233118025~NM1*QC*1*TRUJILLO*JACOB*A***MR*Y172322~NM1*82*1*LEWIS*HOLLY*G***XX*1295234128~REF*EA*DD7A67F849F14A05AEF2C6DE45CD1C12~DTM*232*20200730~DTM*233*20200730~SVC*HC:90832*217.66*54.8**1~DTM*472*20200730~CAS*CO*45*162.86~REF*6R*CPKUUD7UBAKI~AMT*B6*54.8~LQ*HE*N381~CLP*000100038360*1*356.84*135.48*2*MC*2020233118224~NM1*QC*1*TRUJILLO*JACOB*A***MR*Y172322~NM1*82*1*CADDALI*ESTRELLA*A***XX*1164974580~REF*EA*1E98CF0901B64017A1258A1A3B048422~DTM*232*20200730~DTM*233*20200730~SVC*HC:99203:25*266.84*94.46**1~DTM*472*20200730~CAS*PR*3*2~CAS*CO*45*170.38~REF*6R*CPKUVXB5M1DF~AMT*B6*96.46~LQ*HE*N45~LQ*HE*N381~LQ*HE*N381~SVC*HC:H0049*50*10.81**1~DTM*472*20200730~CAS*CO*45*39.19~REF*6R*CPKUYLI5CEN2~AMT*B6*10.81~LQ*HE*N381~SVC*HC:G8431*40*30.21**1~DTM*472*20200730~CAS*CO*45*9.79~REF*6R*CPKUJ1DRMDTW~AMT*B6*30.21~LQ*HE*N45~LQ*HE*N381~CLP*000100038733*1*178.3*65.15**MC*2020233118416~NM1*QC*1*TRUJILLO*RICHARD*P***MR*G844415~NM1*82*1*GRONEMEYER*LEANNE*R***XX*1659521045~REF*EA*6376CFBEAC474DA0AB1BE6A501CFA4A3~DTM*232*20200806~DTM*233*20200806~SVC*HC:99213*178.3*65.15**1~DTM*472*20200806~CAS*CO*45*113.15~REF*6R*CPKUEAALUL8S~AMT*B6*65.15~LQ*HE*N45~LQ*HE*N381~CLP*000100038274*1*178.3*65.15**MC*2020233118588~NM1*QC*1*VELARDE*DAVEY****MR*P044042~NM1*82*1*CADDALI*ESTRELLA*A***XX*1164974580~REF*EA*58444D3276EA4704A68624A683DAEFA3~DTM*232*20200729~DTM*233*20200729~SVC*HC:99213*178.3*65.15**1~DTM*472*20200729~CAS*CO*45*113.15~REF*6R*CPKUSD2R8413~AMT*B6*65.15~LQ*HE*N45~LQ*HE*N381~CLP*000100038198*1*379.52*158.33**MC*2020233118427~NM1*QC*1*WILLIAMS*ARRON*R***MR*O943376~NM1*82*1*TSAMBIKOS*RICHARD****XX*1467985713~REF*EA*010A8E72095842CD99B3BD1B72375E93~DTM*232*20200728~DTM*233*20200728~SVC*HC:99214:25*272.99*96.14**1~DTM*472*20200728~CAS*CO*45*176.85~REF*6R*CPKU79TM4HE3~AMT*B6*96.14~LQ*HE*N45~LQ*HE*N381~SVC*HC:90471*53.53*19.27**1~DTM*472*20200728~CAS*CO*45*34.26~REF*6R*CPKUVTXPUJUP~AMT*B6*19.27~LQ*HE*N45~LQ*HE*N381~SVC*HC:90715*53*42.92**1~DTM*472*20200728~CAS*CO*45*10.08~REF*6R*CPKU9PS1Q9IV~AMT*B6*42.92~LQ*HE*N381~CLP*000100038976*1*247.14*95.5**MC*2020233118463~NM1*QC*1*WILLIAMS*ETHAN*D***MR*O419068~NM1*82*1*TSAMBIKOS*RICHARD****XX*1467985713~REF*EA*69C875E681604B2F869F42F576D8B13C~DTM*232*20200812~DTM*233*20200812~SVC*HC:99393*247.14*95.5**1~DTM*472*20200812~CAS*CO*45*151.64~REF*6R*CPKU9QJUVDIL~AMT*B6*95.5~LQ*HE*N45~LQ*HE*N381~CLP*000100038425*1*178.3*63.15*2*MC*2020233118518~NM1*QC*1*WILLIS*CHARLES*D***MR*P650839~NM1*82*1*CADDALI*ESTRELLA*A***XX*1164974580~REF*EA*5D3280A314A6412DA2BB33FE73D06DA7~DTM*232*20200731~DTM*233*20200731~SVC*HC:99213*178.3*63.15**1~DTM*472*20200731~CAS*PR*3*2~CAS*CO*45*113.15~REF*6R*CPKUT02CMKVQ~AMT*B6*65.15~LQ*HE*N45~LQ*HE*N381~LQ*HE*N381~CLP*000100038577*1*178.3*65.15**MC*2020233118473~NM1*QC*1*WYATT*NADINE*D***MR*O816818~NM1*82*1*CADDALI*ESTRELLA*A***XX*1164974580~REF*EA*D9851938F390495C8837367F394E4FFB~DTM*232*20200804~DTM*233*20200804~SVC*HC:99213*178.3*65.15**1~DTM*472*20200804~CAS*CO*45*113.15~REF*6R*CPKU1N4VCDEL~AMT*B6*65.15~LQ*HE*N45~LQ*HE*N381~CLP*000100038763*1*178.3*65.15**MC*2020233118099~NM1*QC*1*ZAMORA*DAVID*E***MR*C225604~NM1*82*1*CADDALI*ESTRELLA*A***XX*1164974580~REF*EA*649F3FA5EE554CED9E5ED16C7E11970B~DTM*232*20200807~DTM*233*20200807~SVC*HC:99213*178.3*65.15**1~DTM*472*20200807~CAS*CO*45*113.15~REF*6R*CPKUF06B2Q84~AMT*B6*65.15~LQ*HE*N45~LQ*HE*N381~CLP*000100038439*1*272.99*96.14**MC*2020233118104~NM1*QC*1*ZAMORA*DAVID*E***MR*C225604~NM1*82*1*CADDALI*ESTRELLA*A***XX*1164974580~REF*EA*C1FF6AA798A947A0961ADE59AEFB53E3~DTM*232*20200731~DTM*233*20200731~SVC*HC:99214*272.99*96.14**1~DTM*472*20200731~CAS*CO*45*176.85~REF*6R*CPKUX3K1O0UD~AMT*B6*96.14~LQ*HE*N45~LQ*HE*N381~CLP*000100038397*4*178.3*0**MC*2020233118176~NM1*QC*1*BOULIER*JEWEL*R***MR*W913486~NM1*82*1*CADDALI*ESTRELLA*A***XX*1164974580~REF*EA*52CD0B1BA7154231B48DB56786FF742E~DTM*232*20200730~DTM*233*20200730~SVC*HC:99213*178.3*0**0**1~DTM*472*20200730~CAS*PI*16*178.3~REF*6R*CPKUZCFQYJXQ~LQ*HE*N554~CLP*000100036541*4*436.54*0**MC*2020233118032~NM1*QC*1*BROWN*SAMANTHA*L***MR*U792619~NM1*82*1*LEWIS*HOLLY*G***XX*1295234128~REF*EA*81DB11433B6544E697EE849040A80608~DTM*232*20200622~DTM*233*20200622~SVC*HC:90837*436.54*0**0**1~DTM*472*20200622~CAS*PI*16*436.54~REF*6R*CPKU2B8E6R0E~LQ*HE*MA64~CLP*000100039008*4*178.3*0**MC*2020233118587~NM1*QC*1*HIJAR CONVERSE*PATRICIA****MR*C886363~NM1*74*1*CONVERSE~NM1*82*1*CADDALI*ESTRELLA*A***XX*1164974580~REF*EA*789B878BA63642558EA13C31E79F18CF~DTM*232*20200812~DTM*233*20200812~SVC*HC:99213*178.3*0**0**1~DTM*472*20200812~CAS*PI*16*178.3~REF*6R*CPKUKOAYBI78~LQ*HE*N30~LQ*HE*MA92~LQ*HE*MA92~CLP*000100022687*4*214*0**MC*2020233118237~NM1*QC*1*DIAZ*CARL****MR*I533514~NM1*82*1*LUCAS*PEGGI*S***XX*1366419582~REF*EA*D41F54118DEB42368EC4006906294068~DTM*232*20190924~DTM*233*20190924~SVC*HC:G0438*214*0**0**1~DTM*472*20190924~CAS*PI*16*214~REF*6R*CPKUNM142I02~LQ*HE*N381~LQ*HE*N56~CLP*000100023425*4*134*0**MC*2020233118239~NM1*QC*1*DIAZ*CARL****MR*I533514~NM1*82*1*LUCAS*PEGGI*S***XX*1366419582~REF*EA*920C34EB5E4B42AA93F1825C251FF3F0~DTM*232*20191009~DTM*233*20191009~SVC*HC:99214*134*0**0**1~DTM*472*20191009~CAS*PI*16*134~REF*6R*CPKU4BFXC5W5~LQ*HE*MA92~LQ*HE*MA92~LQ*HE*N56~CLP*000100036828*4*2248.17*0**MC*2020233118459~NM1*QC*1*GANDARA*MANUEL****MR*U390760~NM1*82*1*HOOSHMAND-PARSI*KAYHOSROW****XX*1447291851~REF*EA*44723C0A22364C918B2E227D017EDD18~DTM*232*20200629~DTM*233*20200629~SVC*HC:J2315*1805*0**0**380~DTM*472*20200629~CAS*PI*5*1805~REF*6R*CPJYYFWFCKTY~LQ*HE*N59~LQ*HE*N95~LQ*HE*N95~LQ*HE*M77~LQ*HE*M77~SVC*HC:H0049*403.17*0**0**1~DTM*472*20200629~CAS*PI*5*403.17~REF*6R*CPJY1GKC403K~LQ*HE*N59~LQ*HE*M77~LQ*HE*M77~SVC*HC:G8431*40*0**0**1~DTM*472*20200629~CAS*PI*5*40~REF*6R*CPJYNOA6N69S~LQ*HE*N59~LQ*HE*M77~LQ*HE*M77~CLP*000100037983*4*1805*0**MC*2020233118389~NM1*QC*1*GOIN*JOSHUA****MR*G127292~NM1*82*1*GRONEMEYER*LEANNE*R***XX*1659521045~REF*EA*34DD844956E44ED59A7B8908D845AFE7~DTM*232*20200722~DTM*233*20200722~SVC*HC:J2315*1805*0**0**380~DTM*472*20200722~CAS*PI*5*1805~REF*6R*CPJYBBOQ8G5T~LQ*HE*N59~LQ*HE*N95~LQ*HE*M77~CLP*000100036546*4*15*0**MC*2020233118253~NM1*QC*1*JOHNSON*TIFFANY*S***MR*L497210~NM1*82*1*HOOSHMAND-PARSI*KAYHOSROW****XX*1447291851~REF*EA*FEA272F824FD43BEAD19DB5ADB7DAE1F~DTM*232*20200622~DTM*233*20200622~SVC*HC:81025*15*0**0**1~DTM*472*20200622~CAS*PI*5*15~REF*6R*CPJY5JO057EK~LQ*HE*M77~CLP*000100037690*4*55*0**MC*2020233118432~NM1*QC*1*NORIEGA*JUDY*L***MR*I831249~NM1*82*1*GRONEMEYER*LEANNE*R***XX*1659521045~REF*EA*E37513087E444048BCC3333ADD750379~DTM*232*20200716~DTM*233*20200716~SVC*HC:G2012*55*0**0**1~DTM*472*20200716~CAS*CO*56*55~REF*6R*CPKUMMNT88TP~LQ*HE*N130~LQ*HE*N130~CLP*000100033957*4*15*0**MC*2020233118083~NM1*QC*1*ROBIN*RONDI*L***MR*L564167~NM1*82*1*GRONEMEYER*LEANNE*R***XX*1659521045~REF*EA*24D561B626C94997820C6386DEDDCA38~DTM*232*20200429~DTM*233*20200429~SVC*HC:81025*15*0**0**1~DTM*472*20200429~CAS*PI*5*15~REF*6R*CPJYDP37TEDH~LQ*HE*M77~CLP*000100033695*4*373.9*0**MC*2020233118284~NM1*QC*1*SNYDER*NEVADA*E***MR*P936342~NM1*82*1*GRONEMEYER*LEANNE*R***XX*1659521045~REF*EA*938D9BC7AA114F37817837C6067C44E3~DTM*232*20200423~DTM*233*20200423~SVC*HC:99203:95:25*266.84*0**0**1~DTM*472*20200423~CAS*PI*16*266.84~REF*6R*CPKUYMGPMOFH~LQ*HE*MA92~SVC*HC:G0396*107.06*0**0**1~DTM*472*20200423~CAS*CO*56*107.06~REF*6R*CPKUTWHF81JV~LQ*HE*N130~CLP*000100037009*4*1805*0**MC*2020233118252~NM1*QC*1*URIE*NATHAN*J***MR*Y183401~NM1*82*1*GRONEMEYER*LEANNE*R***XX*1659521045~REF*EA*EE004510714C4D938F50E8905587DCBE~DTM*232*20200701~DTM*233*20200701~SVC*HC:J2315*1805*0**0**380~DTM*472*20200701~CAS*PI*5*1805~REF*6R*CPJYOPV3QB1Q~LQ*HE*N59~LQ*HE*N95~LQ*HE*N95~LQ*HE*M77~LQ*HE*M77~CLP*000100034859*4*15*0**MC*2020233118414~NM1*QC*1*VALLES*SANDRA****MR*K193489~NM1*82*1*HOOSHMAND-PARSI*KAYHOSROW****XX*1447291851~REF*EA*C9736BED33A8456C9DC59E6D149314B9~DTM*232*20200518~DTM*233*20200518~SVC*HC:81025*15*0**0**1~DTM*472*20200518~CAS*PI*5*15~REF*6R*CPJYB36IVVJP~LQ*HE*M77~LQ*HE*M77~CLP*000100035924*4*15*0**MC*2020233118415~NM1*QC*1*VALLES*SANDRA****MR*K193489~NM1*82*1*HOOSHMAND-PARSI*KAYHOSROW****XX*1447291851~REF*EA*34A97083B54846568B7D2495FF25E391~DTM*232*20200609~DTM*233*20200609~SVC*HC:81025*15*0**0**1~DTM*472*20200609~CAS*PI*5*15~REF*6R*CPJY5K5VZVB7~LQ*HE*M77~LQ*HE*M77~CLP*000100038950*4*540.07*0**MC*2020233118466~NM1*QC*1*YARBROUGH*MADALYNN*G***MR*P919527~NM1*82*1*TSAMBIKOS*RICHARD****XX*1467985713~REF*EA*C1E5F19A9C9844D3BB8B4A59696F2E53~DTM*232*20200811~DTM*233*20200811~SVC*HC:99204:25*450.07*0**0**1~DTM*472*20200811~CAS*PI*16*450.07~REF*6R*CPKUEY69ZEEG~LQ*HE*N554~SVC*HC:H0049*50*0**0**1~DTM*472*20200811~CAS*PI*16*50~REF*6R*CPKUSLEYKVRH~LQ*HE*N554~SVC*HC:G8510*40*0**0**1~DTM*472*20200811~CAS*PI*16*40~REF*6R*CPKUXMVKLBWL~LQ*HE*N554~PLB*1508250911*20201231*CS:0000376596060*-6.14*CS:0000376596060*6.14*CS:0000376598043*-8.93*CS:0000376598043*8.93*CS:0000376598053*-13.74*CS:0000376598053*13.74~PLB*1508250911*20201231*CS:0000376598061*-2.68*CS:0000376598061*2.68*CS:0000376598062*-8.93*CS:0000376598062*8.93~SE*2081*000010013~GE*1*200000655~IEA*1*200000655~