ISA*00*          *00*          *ZZ*COMEDASSISTPROG*ZZ*6769489        *200727*0309*^*00501*300006956*0*P*:~GS*HP*COMEDASSISTPROG*6769489*20200727*030949*300006956*X*005010X221A1~ST*835*000010011~BPR*I*12542.68*C*ACH*CCP*01*075911603*DA*00000004556640373*1811725341**01*102106569*DA*2200002989138*20200727~TRN*1*001040603*1811725341~REF*EV*1508250911~DTM*405*20200724~N1*PR*CO_TXIX*XV*7912900843~N3*P.O. BOX 30~N4*DENVER*CO*80201~PER*CX*MEDICAID PROVIDER SERVICES*TE*8442352387~PER*BL*MEDICAID PROVIDER SERVICES*TE*8442352387~N1*PE*HEALTH SOLUTIONS MED CENTER*XX*1508250911~REF*TJ*841158933~LX*1~CLP*30426*2*134*19**MC*2220203002135~NM1*QC*1*DARBONNE*SYLVIA*L***MR*P912369~DTM*232*20200225~DTM*233*20200225~SVC*HC:99214*134*19**1~DTM*472*20200225~CAS*CO*45*115~REF*HPI*1164974580~AMT*B6*19~LQ*HE*N381~LQ*HE*N381~CLP*29113*2*180*40**MC*2220204002570~NM1*QC*1*DIAZ*GEORGINA*L***MR*I770082~DTM*232*20200130~DTM*233*20200130~SVC*HC:99215*180*40**1~DTM*472*20200130~CAS*CO*45*140~REF*HPI*1396971230~AMT*B6*40~LQ*HE*N381~LQ*HE*N381~CLP*000100036190*2*22*11.39**MC*2020200005216~NM1*QC*1*LASATER*MARVIN*R***MR*M712013~NM1*82*1*GRONEMEYER*LEANNE*R***XX*1659521045~REF*EA*F46C7FD430484ECC9C688E4B9052655B~DTM*232*20200615~DTM*233*20200615~SVC*HC:G2012*22*11.39**1~DTM*472*20200615~CAS*OA*P22*10.61~REF*6R*CP9UCELEAZ0G~AMT*B6*11.39~LQ*HE*MA125~LQ*HE*MA125~CLP*000100037439*1*178.3*63.15*2*MC*2020204032971~NM1*QC*1*ANTU*MICHAEL*K***MR*O549042~NM1*82*1*HOOSHMAND-PARSI*KAYHOSROW****XX*1447291851~REF*EA*1E7E7451E14D489AAC27884035745BCF~DTM*232*20200713~DTM*233*20200713~SVC*HC:99213*178.3*63.15**1~DTM*472*20200713~CAS*PR*3*2~CAS*CO*45*113.15~REF*6R*CPAEWAWBFQLB~AMT*B6*65.15~LQ*HE*N45~LQ*HE*N381~LQ*HE*N381~CLP*000100037093*1*272.99*96.14**MC*2020204033287~NM1*QC*1*APODACA*ALEX****MR*G175017~NM1*82*1*GRONEMEYER*LEANNE*R***XX*1659521045~REF*EA*8FFCAE2BDB1A435C9A192ECDCBF718F6~DTM*232*20200702~DTM*233*20200702~SVC*HC:99214*272.99*96.14**1~DTM*472*20200702~CAS*CO*45*176.85~REF*6R*CPAE9460BIO0~AMT*B6*96.14~LQ*HE*N45~LQ*HE*N381~CLP*000100036433*1*710.01*138.87**MC*2020204033097~NM1*QC*1*ARAGON*LISA*A***MR*I950981~NM1*82*1*CADDALI*ESTRELLA*A***XX*1164974580~REF*EA*BD690DFE846648DA83E3D57543BBA5B6~DTM*232*20200618~DTM*233*20200618~SVC*HC:99203:25*266.84*97.43**1~DTM*472*20200618~CAS*CO*45*169.41~REF*6R*CPAEJV8WYQ5O~AMT*B6*97.43~LQ*HE*N381~SVC*HC:H0049*403.17*10.92**1~DTM*472*20200618~CAS*CO*45*392.25~REF*6R*CPAE27LZ0IU7~AMT*B6*10.92~LQ*HE*N381~SVC*HC:G8431*40*30.52**1~DTM*472*20200618~CAS*CO*45*9.48~REF*6R*CPAE7CFB1RKR~AMT*B6*30.52~LQ*HE*N381~CLP*000100036630*1*178.3*63.81*2*MC*2020204033118~NM1*QC*1*AVILA*SHANNA****MR*K598901~NM1*82*1*GRONEMEYER*LEANNE*R***XX*1659521045~REF*EA*34CAFAA2DA6E483B982B86D635BAB6D7~DTM*232*20200623~DTM*233*20200623~SVC*HC:99213*178.3*63.81**1~DTM*472*20200623~CAS*PR*3*2~CAS*CO*45*112.49~REF*6R*CPAEX3KMWTNX~AMT*B6*65.81~LQ*HE*N381~LQ*HE*N381~CLP*000100037104*1*276.99*99.51**MC*2020206038825~NM1*QC*1*BACA*CHRISTOPHER*J***MR*G968174~NM1*82*1*GRONEMEYER*LEANNE*R***XX*1659521045~REF*EA*0EE5E5E9BD674D9E9DDF543351B3F2BF~DTM*232*20200702~DTM*233*20200702~SVC*HC:99214:25*272.99*96.14**1~DTM*472*20200702~CAS*CO*45*176.85~REF*6R*CPAYRDPLG2D7~AMT*B6*96.14~LQ*HE*N45~LQ*HE*N381~SVC*HC:81002*4*3.37**1~DTM*472*20200702~CAS*CO*45*.63~REF*6R*CPAYK6S25CXQ~AMT*B6*3.37~LQ*HE*N381~CLP*000100037327*1*716.16*117.84**MC*2020206038766~NM1*QC*1*BELARDE*NATE*V***MR*Q463977~NM1*82*1*GRONEMEYER*LEANNE*R***XX*1659521045~REF*EA*989DAC5762A640A2A092AF8FBAFDB9B0~DTM*232*20200709~DTM*233*20200709~SVC*HC:99214:25*272.99*96.14**1~DTM*472*20200709~CAS*CO*45*176.85~REF*6R*CPAYVPUNSZFA~AMT*B6*96.14~LQ*HE*N45~LQ*HE*N381~SVC*HC:H0049*403.17*10.81**1~DTM*472*20200709~CAS*CO*45*392.36~REF*6R*CPAYD4B8TOWD~AMT*B6*10.81~LQ*HE*N381~SVC*HC:G8510*40*10.89**1~DTM*472*20200709~CAS*CO*45*29.11~REF*6R*CPAYQMARVOTZ~AMT*B6*10.89~LQ*HE*N45~LQ*HE*N381~CLP*000100037077*1*290.21*70.54**MC*2020204032802~NM1*QC*1*BOISVERT*ORIEN*K***MR*O244414~NM1*82*1*SANCHEZ*LEANN*V***XX*1508990961~REF*EA*7B1A9319B8E049E28DC79D337CCF1546~DTM*232*20200702~DTM*233*20200702~SVC*HC:90834*290.21*70.54**1~DTM*472*20200702~CAS*CO*45*219.67~REF*6R*CPAEBGR6YJMG~AMT*B6*70.54~LQ*HE*N381~CLP*000100036709*1*217.66*55.35**MC*2020204032813~NM1*QC*1*BOISVERT*ORIEN*K***MR*O244414~NM1*82*1*SANCHEZ*LEANN*V***XX*1508990961~REF*EA*FE394D0DF54A42E0B7EC7182282F4ECA~DTM*232*20200624~DTM*233*20200624~SVC*HC:90832*217.66*55.35**1~DTM*472*20200624~CAS*CO*45*162.31~REF*6R*CPAENQZ5U7YE~AMT*B6*55.35~LQ*HE*N381~CLP*000100036609*1*178.3*65.81**MC*2020204032817~NM1*QC*1*BOISVERT*ORIEN*K***MR*O244414~NM1*82*1*HOOSHMAND-PARSI*KAYHOSROW****XX*1447291851~REF*EA*77B3427EE6594034A0E8F20BC61CC60F~DTM*232*20200623~DTM*233*20200623~SVC*HC:99213*178.3*65.81**1~DTM*472*20200623~CAS*CO*45*112.49~REF*6R*CPAEC628R3D8~AMT*B6*65.81~LQ*HE*N381~CLP*000100037388*1*178.3*63.15*2*MC*2020204032600~NM1*QC*1*BRODEUR*MICHAEL****MR*O634397~NM1*82*1*CADDALI*ESTRELLA*A***XX*1164974580~REF*EA*16C624D3DC384A628800D4931D8AA291~DTM*232*20200710~DTM*233*20200710~SVC*HC:99213*178.3*63.15**1~DTM*472*20200710~CAS*PR*3*2~CAS*CO*45*113.15~REF*6R*CPAEFA9F53KF~AMT*B6*65.15~LQ*HE*N45~LQ*HE*N381~LQ*HE*N381~CLP*000100029662*2*134*5.91**MC*2020206038745~NM1*QC*1*BROWN*SAMANTHA*L***MR*U792619~NM1*82*1*HOOSHMAND-PARSI*KAYHOSROW****XX*1447291851~REF*EA*D070A4B234A346C3AC863EDFDCEC7099~DTM*232*20200210~DTM*233*20200210~SVC*HC:99214:25*134*5.91**1~DTM*472*20200210~CAS*CO*45*36.89~CAS*OA*23*91.2~REF*6R*CPAYFYX9V1YV~AMT*B6*97.11~LQ*HE*N293~LQ*HE*MA125~LQ*HE*N381~CLP*000100036521*1*468.12*158.16**MC*2020204033106~NM1*QC*1*CARBAJAL*MELISSA****MR*A287390~NM1*82*1*HOOSHMAND-PARSI*KAYHOSROW****XX*1447291851~REF*EA*DE917D6F37BF4FE38B484804EF52FBA8~DTM*232*20200622~DTM*233*20200622~SVC*HC:99215:25*386.12*129.99**1~DTM*472*20200622~CAS*CO*45*256.13~REF*6R*CPAES2JODTSZ~AMT*B6*129.99~LQ*HE*N381~SVC*HC:93000*54.67*21.5**1~DTM*472*20200622~CAS*CO*45*33.17~REF*6R*CPAEZ3AREZ55~AMT*B6*21.5~LQ*HE*N381~SVC*HC:86580*27.33*6.67**1~DTM*472*20200622~CAS*CO*45*20.66~REF*6R*CPAESA0Y38TE~AMT*B6*6.67~LQ*HE*N381~CLP*000100037145*1*272.99*96.14**MC*2020204032673~NM1*QC*1*CEYROLLES*MICHAEL*A***MR*G259442~NM1*82*1*GRONEMEYER*LEANNE*R***XX*1659521045~REF*EA*10CC1D39DE154320B8ACAD74C29A95C2~DTM*232*20200706~DTM*233*20200706~SVC*HC:99214*272.99*96.14**1~DTM*472*20200706~CAS*CO*45*176.85~REF*6R*CPAEDH961ENX~AMT*B6*96.14~LQ*HE*N45~LQ*HE*N381~CLP*000100037384*1*178.3*65.15**MC*2020204032976~NM1*QC*1*CHACON*ALISSA****MR*P951315~NM1*82*1*SEARLES*DENISE*A***XX*1396971230~REF*EA*501E4CFB47414BDBBA0754950E5DCC32~DTM*232*20200710~DTM*233*20200710~SVC*HC:99213*178.3*65.15**1~DTM*472*20200710~CAS*CO*45*113.15~REF*6R*CPAEHI72S7VL~AMT*B6*65.15~LQ*HE*N45~LQ*HE*N381~CLP*000100037373*1*178.3*65.15**MC*2020204032959~NM1*QC*1*CHAVEZ*CLAYTON*J***MR*H783417~NM1*82*1*CADDALI*ESTRELLA*A***XX*1164974580~REF*EA*3611D68787B347A5B5018C0105179F38~DTM*232*20200710~DTM*233*20200710~SVC*HC:99213*178.3*65.15**1~DTM*472*20200710~CAS*CO*45*113.15~REF*6R*CPAEQY7YS9SU~AMT*B6*65.15~LQ*HE*N45~LQ*HE*N381~CLP*000100036732*1*178.3*65.81**MC*2020204033181~NM1*QC*1*CHAVEZ*DANIEL*J***MR*F605042~NM1*82*1*HOOSHMAND-PARSI*KAYHOSROW****XX*1447291851~REF*EA*4F87722CCE8A4F5F86A78A1CF6ACD211~DTM*232*20200625~DTM*233*20200625~SVC*HC:99213*178.3*65.81**1~DTM*472*20200625~CAS*CO*45*112.49~REF*6R*CPAEBK8864YT~AMT*B6*65.81~LQ*HE*N381~CLP*000100037156*1*272.99*94.14*2*MC*2020204032609~NM1*QC*1*CHRISTOPHER*CHEYENNE****MR*G660293~NM1*82*1*GRONEMEYER*LEANNE*R***XX*1659521045~REF*EA*F14DA7215F09406494D0491742895B64~DTM*232*20200706~DTM*233*20200706~SVC*HC:99214*272.99*94.14**1~DTM*472*20200706~CAS*PR*3*2~CAS*CO*45*176.85~REF*6R*CPAEYH7PW6UV~AMT*B6*96.14~LQ*HE*N45~LQ*HE*N381~LQ*HE*N381~CLP*000100036988*1*178.3*65.15**MC*2020206038805~NM1*QC*1*COLEBURN*JENNIFER*M***MR*P379930~NM1*82*1*CADDALI*ESTRELLA*A***XX*1164974580~REF*EA*2C8C91514047472DAA1A90B71009769E~DTM*232*20200701~DTM*233*20200701~SVC*HC:99213*178.3*65.15**1~DTM*472*20200701~CAS*CO*45*113.15~REF*6R*CPAY7UMEOV99~AMT*B6*65.15~LQ*HE*N45~LQ*HE*N381~CLP*000100036730*1*178.3*65.81**MC*2020204032993~NM1*QC*1*COLEMAN*ZOEI*J***MR*P176370~NM1*82*1*GRONEMEYER*LEANNE*R***XX*1659521045~REF*EA*A5C45FE7FBF242CEB47ADD007E639FCB~DTM*232*20200625~DTM*233*20200625~SVC*HC:99213*178.3*65.81**1~DTM*472*20200625~CAS*CO*45*112.49~REF*6R*CPAEOPIX8UK8~AMT*B6*65.81~LQ*HE*N381~CLP*000100037044*1*272.99*94.14*2*MC*2020204032938~NM1*QC*1*CORDOVA*GINA****MR*Q922006~NM1*82*1*GRONEMEYER*LEANNE*R***XX*1659521045~REF*EA*CB6D79B53E7B43839D67A2BF17F6C412~DTM*232*20200701~DTM*233*20200701~SVC*HC:99214*272.99*94.14**1~DTM*472*20200701~CAS*PR*3*2~CAS*CO*45*176.85~REF*6R*CPAEO3CH4UN9~AMT*B6*96.14~LQ*HE*N45~LQ*HE*N381~LQ*HE*N381~CLP*000100037037*1*232.97*84.44*2*MC*2020206038785~NM1*QC*1*COWEN*MARY*A***MR*O491346~NM1*82*1*CADDALI*ESTRELLA*A***XX*1164974580~REF*EA*58712CDE252542BAAF113D7409DB52C0~DTM*232*20200701~DTM*233*20200701~SVC*HC:99213:25*178.3*63.15**1~DTM*472*20200701~CAS*PR*3*2~CAS*CO*45*113.15~REF*6R*CPAY2UTM6UIO~AMT*B6*65.15~LQ*HE*N45~LQ*HE*N381~LQ*HE*N381~SVC*HC:93000*54.67*21.29**1~DTM*472*20200701~CAS*CO*45*33.38~REF*6R*CPAYCVAN9HVA~AMT*B6*21.29~LQ*HE*N381~CLP*000100036564*1*193.3*74.23**MC*2020204032628~NM1*QC*1*CRAMER*CHELSEA*C***MR*G314138~NM1*82*1*HOOSHMAND-PARSI*KAYHOSROW****XX*1447291851~REF*EA*E155610966D440B083ADBF19E2CDE1A7~DTM*232*20200622~DTM*233*20200622~SVC*HC:99213:25*178.3*65.81**1~DTM*472*20200622~CAS*CO*45*112.49~REF*6R*CPAEBRNBK2A8~AMT*B6*65.81~LQ*HE*N381~SVC*HC:81025*15*8.42**1~DTM*472*20200622~CAS*CO*45*6.58~REF*6R*CPAED1EUNHAI~AMT*B6*8.42~LQ*HE*N381~CLP*000100036750*1*178.3*65.81**MC*2020204033199~NM1*QC*1*DAY*TROI*L***MR*P719426~NM1*82*1*GRONEMEYER*LEANNE*R***XX*1659521045~REF*EA*FCC2790877664968BFC414BECED113E8~DTM*232*20200625~DTM*233*20200625~SVC*HC:99213*178.3*65.81**1~DTM*472*20200625~CAS*CO*45*112.49~REF*6R*CPAEP1PR0ZUY~AMT*B6*65.81~LQ*HE*N381~CLP*000100036666*1*437.77*109.71**MC*2020204032702~NM1*QC*1*DEHERRERA*VANESSA****MR*K523214~NM1*82*1*SANCHEZ*LEANN*V***XX*1508990961~REF*EA*9C3187762CB44971A624227AF97AA1AD~DTM*232*20200624~DTM*233*20200624~SVC*HC:90791*437.77*109.71**1~DTM*472*20200624~CAS*CO*45*328.06~REF*6R*CPAELBQNGH9Y~AMT*B6*109.71~LQ*HE*N381~CLP*000100036637*1*178.3*65.81**MC*2020204033281~NM1*QC*1*DIAZ*DOMINIC*M***MR*U857412~NM1*82*1*GRONEMEYER*LEANNE*R***XX*1659521045~REF*EA*2A5859C2688E4FED9C5534B4B958C233~DTM*232*20200623~DTM*233*20200623~SVC*HC:99213*178.3*65.81**1~DTM*472*20200623~CAS*CO*45*112.49~REF*6R*CPAE4ECSEN0J~AMT*B6*65.81~LQ*HE*N381~CLP*000100036953*1*178.3*65.81**MC*2020206038831~NM1*QC*1*DIAZ*DOMINIC*M***MR*U857412~NM1*82*1*GRONEMEYER*LEANNE*R***XX*1659521045~REF*EA*D7C1E6888068479689C7F0290CF63129~DTM*232*20200630~DTM*233*20200630~SVC*HC:99213*178.3*65.81**1~DTM*472*20200630~CAS*CO*45*112.49~REF*6R*CPAY0I2T7ZLJ~AMT*B6*65.81~LQ*HE*N381~CLP*000100036690*1*893.24*171.51**MC*2020204032859~NM1*QC*1*DORLAND*JAMES****MR*P429967~NM1*82*1*HOOSHMAND-PARSI*KAYHOSROW****XX*1447291851~REF*EA*28B190DB17584685B3AF1E87EAB7A0D5~DTM*232*20200624~DTM*233*20200624~SVC*HC:99204:25*450.07*149.59**1~DTM*472*20200624~CAS*CO*45*300.48~REF*6R*CPAEIPQOHGKV~AMT*B6*149.59~LQ*HE*N381~SVC*HC:H0049*403.17*10.92**1~DTM*472*20200624~CAS*CO*45*392.25~REF*6R*CPAEAA4VPAJG~AMT*B6*10.92~LQ*HE*N381~SVC*HC:G8510*40*11**1~DTM*472*20200624~CAS*CO*45*29~REF*6R*CPAEUMO208UQ~AMT*B6*11~LQ*HE*N381~CLP*000100036745*1*621.47*85.73*2*MC*2020204033089~NM1*QC*1*DURAN*CLIFFORD*R***MR*P500498~NM1*82*1*GRONEMEYER*LEANNE*R***XX*1659521045~REF*EA*3B7A90CA91A048DF9E8325D21C4B8C2B~DTM*232*20200625~DTM*233*20200625~SVC*HC:99213:25*178.3*63.81**1~DTM*472*20200625~CAS*PR*3*2~CAS*CO*45*112.49~REF*6R*CPAEV7PSP132~AMT*B6*65.81~LQ*HE*N381~LQ*HE*N381~SVC*HC:H0049*403.17*10.92**1~DTM*472*20200625~CAS*CO*45*392.25~REF*6R*CPAE3EK0H862~AMT*B6*10.92~LQ*HE*N381~SVC*HC:G8510*40*11**1~DTM*472*20200625~CAS*CO*45*29~REF*6R*CPAELV9OQ2L4~AMT*B6*11~LQ*HE*N381~CLP*000100036555*1*217.66*55.35**MC*2020204032569~NM1*QC*1*EARP*SAMANTHA*J***MR*G171512~NM1*82*1*LEWIS*HOLLY*G***XX*1295234128~REF*EA*C3C58000563C4F41880A1F7DB6D7A0F7~DTM*232*20200622~DTM*233*20200622~SVC*HC:90832*217.66*55.35**1~DTM*472*20200622~CAS*CO*45*162.31~REF*6R*CPAESNU21JSO~AMT*B6*55.35~LQ*HE*N381~CLP*000100036549*1*88.54*39.39**MC*2020204033079~NM1*QC*1*EARP*SAMANTHA*J***MR*G171512~NM1*82*1*HOOSHMAND-PARSI*KAYHOSROW****XX*1447291851~REF*EA*4233E35BD401409CAB9416E8BD8836DE~DTM*232*20200622~DTM*233*20200622~SVC*HC:99212*88.54*39.39**1~DTM*472*20200622~CAS*CO*45*49.15~REF*6R*CPAE18X2S44G~AMT*B6*39.39~LQ*HE*N381~CLP*000100035895*1*178.3*65.81**MC*2020206038787~NM1*QC*1*EARP*SAMANTHA*J***MR*G171512~NM1*82*1*HOOSHMAND-PARSI*KAYHOSROW****XX*1447291851~REF*EA*EF4A8F981EF04308BF34A41CDBA78156~DTM*232*20200608~DTM*233*20200608~SVC*HC:99213*178.3*65.81**1~DTM*472*20200608~CAS*CO*45*112.49~REF*6R*CPAYK0QVI7US~AMT*B6*65.81~LQ*HE*N381~CLP*000100036761*1*178.3*65.81**MC*2020204032997~NM1*QC*1*ECHTERMEYER*AMY*M***MR*W318355~NM1*82*1*GRONEMEYER*LEANNE*R***XX*1659521045~REF*EA*FC99BECBDFBD4DDFB1518E31E9F65ABB~DTM*232*20200625~DTM*233*20200625~SVC*HC:99213*178.3*65.81**1~DTM*472*20200625~CAS*CO*45*112.49~REF*6R*CPAEZBE3V4UG~AMT*B6*65.81~LQ*HE*N381~CLP*000100036568*1*27.33*6.67**MC*2020204033220~NM1*QC*1*EDWARDS*ODALE****MR*A536465~NM1*82*1*GRONEMEYER*LEANNE*R***XX*1659521045~REF*EA*489AB5A435484DA594FC82514AA7D630~DTM*232*20200622~DTM*233*20200622~SVC*HC:86580*27.33*6.67**1~DTM*472*20200622~CAS*CO*45*20.66~REF*6R*CPAEI43A1HVV~AMT*B6*6.67~LQ*HE*N381~CLP*000100036568*1*716.16*138.55**MC*2020204033223~NM1*QC*1*EDWARDS*ODALE****MR*A536465~NM1*82*1*GRONEMEYER*LEANNE*R***XX*1659521045~REF*EA*2C829DC156504486BD7DF985064ACA3D~DTM*232*20200622~DTM*233*20200622~SVC*HC:99214:25*272.99*97.11**1~DTM*472*20200622~CAS*CO*45*175.88~REF*6R*CPAEN5UA6NQI~AMT*B6*97.11~LQ*HE*N381~SVC*HC:H0049*403.17*10.92**1~DTM*472*20200622~CAS*CO*45*392.25~REF*6R*CPAEKKPDAAYZ~AMT*B6*10.92~LQ*HE*N381~SVC*HC:G8431*40*30.52**1~DTM*472*20200622~CAS*CO*45*9.48~REF*6R*CPAEZQ3JRGYB~AMT*B6*30.52~LQ*HE*N381~CLP*000100036615*1*178.3*65.81**MC*2020204032655~NM1*QC*1*EHLERS*DESIREE*F***MR*P131523~NM1*82*1*HOOSHMAND-PARSI*KAYHOSROW****XX*1447291851~REF*EA*BFDB8BE320094E68856599DD30655B16~DTM*232*20200623~DTM*233*20200623~SVC*HC:99213:25*178.3*65.81**1~DTM*472*20200623~CAS*CO*45*112.49~REF*6R*CPAE65W0LPEB~AMT*B6*65.81~LQ*HE*N381~CLP*000100036615*1*15*8.42**MC*2020204032668~NM1*QC*1*EHLERS*DESIREE*F***MR*P131523~NM1*82*1*HOOSHMAND-PARSI*KAYHOSROW****XX*1447291851~REF*EA*767DEED54CC446C2A2AC52CB642EFDBE~DTM*232*20200623~DTM*233*20200623~SVC*HC:81025*15*8.42**1~DTM*472*20200623~CAS*CO*45*6.58~REF*6R*CPAE6LTXPN12~AMT*B6*8.42~LQ*HE*N381~CLP*000100037069*1*178.3*65.15**MC*2020204033161~NM1*QC*1*FERNANDEZ*RICO*J***MR*P485087~NM1*82*1*CADDALI*ESTRELLA*A***XX*1164974580~REF*EA*51826FAFE81C4AEDA5CFE47E0BF57536~DTM*232*20200702~DTM*233*20200702~SVC*HC:99213*178.3*65.15**1~DTM*472*20200702~CAS*CO*45*113.15~REF*6R*CPAEURTFX1KW~AMT*B6*65.15~LQ*HE*N45~LQ*HE*N381~CLP*000100037398*1*178.3*65.15**MC*2020206038650~NM1*QC*1*FIORINI*CHRISTENA*E***MR*Y109693~NM1*82*1*CADDALI*ESTRELLA*A***XX*1164974580~REF*EA*02FBB11191D746BC9009F24B3C8EA792~DTM*232*20200710~DTM*233*20200710~SVC*HC:99213*178.3*65.15**1~DTM*472*20200710~CAS*CO*45*113.15~REF*6R*CPAY2OH1995F~AMT*B6*65.15~LQ*HE*N45~LQ*HE*N381~CLP*000100036620*1*2082.29*1328.23**MC*2020204033261~NM1*QC*1*FLUETT*SARAH****MR*O578292~NM1*82*1*HOOSHMAND-PARSI*KAYHOSROW****XX*1447291851~REF*EA*5FFF9218405D45EEA75A364C46EEE5E1~DTM*232*20200623~DTM*233*20200623~SVC*HC:99213:25*178.3*65.81**1~DTM*472*20200623~CAS*CO*45*112.49~REF*6R*CPAEY2X837MQ~AMT*B6*65.81~LQ*HE*N381~SVC*HC:96372*83.99*0**0**1~DTM*472*20200623~CAS*CO*109*83.99~REF*6R*CPAE881QCAPI~LQ*HE*N381~SVC*HC:J2315*1805*1254**380~DTM*472*20200623~CAS*CO*45*551~REF*6R*CPAESP19GBP4~AMT*B6*1254~LQ*HE*N381~SVC*HC:81025*15*8.42**1~DTM*472*20200623~CAS*CO*45*6.58~REF*6R*CPAE2TI6Y3TL~AMT*B6*8.42~LQ*HE*N381~CLP*000100037131*1*272.99*96.14**MC*2020206038810~NM1*QC*1*FRANKMORE*CONNER****MR*G888118~NM1*82*1*GRONEMEYER*LEANNE*R***XX*1659521045~REF*EA*88FA3E1CC1EE4BA893C0D6208749F155~DTM*232*20200706~DTM*233*20200706~SVC*HC:99214*272.99*96.14**1~DTM*472*20200706~CAS*CO*45*176.85~REF*6R*CPAYVQIJREAT~AMT*B6*96.14~LQ*HE*N45~LQ*HE*N381~CLP*000100037073*1*217.66*54.8**MC*2020206038635~NM1*QC*1*GAMBOA*JAMES****MR*I635087~NM1*82*1*LEWIS*HOLLY*G***XX*1295234128~REF*EA*AD4C3ACB90534D96BE8BF34845E23CED~DTM*232*20200702~DTM*233*20200702~SVC*HC:90832*217.66*54.8**1~DTM*472*20200702~CAS*CO*45*162.86~REF*6R*CPAYUF6HHL4E~AMT*B6*54.8~LQ*HE*N381~CLP*000100037072*1*619.02*107.48**MC*2020206038718~NM1*QC*1*GAMBOA*JAMES****MR*I635087~NM1*82*1*HOOSHMAND-PARSI*KAYHOSROW****XX*1447291851~REF*EA*09109095CF1D4A48B39E88612332867C~DTM*232*20200702~DTM*233*20200702~SVC*HC:99202:25*175.85*66.46**1~DTM*472*20200702~CAS*CO*45*109.39~REF*6R*CPAYRHG1062B~AMT*B6*66.46~LQ*HE*N45~LQ*HE*N381~SVC*HC:H0049*403.17*10.81**1~DTM*472*20200702~CAS*CO*45*392.36~REF*6R*CPAY20BS3K41~AMT*B6*10.81~LQ*HE*N381~SVC*HC:G8431*40*30.21**1~DTM*472*20200702~CAS*CO*45*9.79~REF*6R*CPAY3FBCWT7E~AMT*B6*30.21~LQ*HE*N45~LQ*HE*N381~CLP*000100036551*1*531.71*61.31**MC*2020204033266~NM1*QC*1*GARCIA*TERRI*L***MR*D571618~NM1*82*1*HOOSHMAND-PARSI*KAYHOSROW****XX*1447291851~REF*EA*EC371FD07A4F45B6B2A4DCABB6158E5B~DTM*232*20200622~DTM*233*20200622~SVC*HC:99212:25*88.54*39.39**1~DTM*472*20200622~CAS*CO*45*49.15~REF*6R*CPAEGL5L122P~AMT*B6*39.39~LQ*HE*N381~SVC*HC:H0049*403.17*10.92**1~DTM*472*20200622~CAS*CO*45*392.25~REF*6R*CPAEF1026OYT~AMT*B6*10.92~LQ*HE*N381~SVC*HC:G8510*40*11**1~DTM*472*20200622~CAS*CO*45*29~REF*6R*CPAE6G2PSVAP~AMT*B6*11~LQ*HE*N381~CLP*000100036707*1*178.3*63.81*2*MC*2020204033192~NM1*QC*1*GIERHART*JAMES*T***MR*G669412~NM1*82*1*GRONEMEYER*LEANNE*R***XX*1659521045~REF*EA*FD8D4BC572184F4B88F6001A874312AB~DTM*232*20200624~DTM*233*20200624~SVC*HC:99213*178.3*63.81**1~DTM*472*20200624~CAS*PR*3*2~CAS*CO*45*112.49~REF*6R*CPAENSU8FWO3~AMT*B6*65.81~LQ*HE*N381~LQ*HE*N381~CLP*000100036775*1*178.3*65.81**MC*2020204033247~NM1*QC*1*GOW*LAYLA*A***MR*O314223~NM1*82*1*GRONEMEYER*LEANNE*R***XX*1659521045~REF*EA*3ED1BAFCD2064DC6AB3362E3E5184724~DTM*232*20200625~DTM*233*20200625~SVC*HC:99213*178.3*65.81**1~DTM*472*20200625~CAS*CO*45*112.49~REF*6R*CPAENMLK9G0G~AMT*B6*65.81~LQ*HE*N381~CLP*000100036942*1*15*8.42**MC*2020206038828~NM1*QC*1*GOW*LAYLA*A***MR*O314223~NM1*82*1*GRONEMEYER*LEANNE*R***XX*1659521045~REF*EA*BF0C9EE613D14690A5214F6C1E8A0978~DTM*232*20200630~DTM*233*20200630~SVC*HC:81025*15*8.42**1~DTM*472*20200630~CAS*CO*45*6.58~REF*6R*CPAYR7QKOWOP~AMT*B6*8.42~LQ*HE*N381~CLP*000100036942*1*178.3*65.81**MC*2020206038829~NM1*QC*1*GOW*LAYLA*A***MR*O314223~NM1*82*1*GRONEMEYER*LEANNE*R***XX*1659521045~REF*EA*28C3C78A0DBC441894BEE9165893AC9F~DTM*232*20200630~DTM*233*20200630~SVC*HC:99213:25*178.3*65.81**1~DTM*472*20200630~CAS*CO*45*112.49~REF*6R*CPAY7WDQE6Q0~AMT*B6*65.81~LQ*HE*N381~CLP*000100036960*1*178.3*65.81**MC*2020206038727~NM1*QC*1*GUERRA-DELACRUZ MARTINEZ*HERLINDA*M***MR*R965343~NM1*74*1*GUERRADELACRUZ~NM1*82*1*HOOSHMAND-PARSI*KAYHOSROW****XX*1447291851~REF*EA*6FAF7C19972C46F58FC30028E1F305D1~DTM*232*20200630~DTM*233*20200630~SVC*HC:99213:25*178.3*65.81**1~DTM*472*20200630~CAS*CO*45*112.49~REF*6R*CPAYSFWTJTTV~AMT*B6*65.81~LQ*HE*N381~CLP*000100036960*1*15*8.42**MC*2020206038734~NM1*QC*1*GUERRA-DELACRUZ MARTINEZ*HERLINDA*M***MR*R965343~NM1*74*1*GUERRADELACRUZ~NM1*82*1*HOOSHMAND-PARSI*KAYHOSROW****XX*1447291851~REF*EA*26A52EEAB5D040079CE43544C1C100FD~DTM*232*20200630~DTM*233*20200630~SVC*HC:81025*15*8.42**1~DTM*472*20200630~CAS*CO*45*6.58~REF*6R*CPAYXC9KKUO0~AMT*B6*8.42~LQ*HE*N381~CLP*000100037220*1*272.99*94.14*2*MC*2020204033055~NM1*QC*1*HALING*PATRICK*J***MR*T780060~NM1*82*1*SEARLES*DENISE*A***XX*1396971230~REF*EA*46207E81773946ADA64C64B3376F8E57~DTM*232*20200707~DTM*233*20200707~SVC*HC:99214*272.99*94.14**1~DTM*472*20200707~CAS*PR*3*2~CAS*CO*45*176.85~REF*6R*CPAE4HJC9MR3~AMT*B6*96.14~LQ*HE*N45~LQ*HE*N381~LQ*HE*N381~CLP*000100036915*1*178.3*64.81*1*MC*2020206038672~NM1*QC*1*HALL*KRISTINA*K***MR*S324169~NM1*82*1*HOOSHMAND-PARSI*KAYHOSROW****XX*1447291851~REF*EA*681173A1CE00431F82F189C0C7426794~DTM*232*20200630~DTM*233*20200630~SVC*HC:99213*178.3*64.81**1~DTM*472*20200630~CAS*PR*3*1~CAS*CO*45*112.49~REF*6R*CPAYQU8B6UDV~AMT*B6*65.81~LQ*HE*N381~LQ*HE*N381~CLP*000100037091*1*88.54*39**MC*2020204032740~NM1*QC*1*HANSON*CYNTHIA****MR*W412067~NM1*82*1*HOOSHMAND-PARSI*KAYHOSROW****XX*1447291851~REF*EA*74F27049FCFB4F66A86E7364B5DE9923~DTM*232*20200702~DTM*233*20200702~SVC*HC:99212*88.54*39**1~DTM*472*20200702~CAS*CO*45*49.54~REF*6R*CPAE0UWZ9S7S~AMT*B6*39~LQ*HE*N45~LQ*HE*N381~CLP*000100037086*1*272.99*94.14*2*MC*2020204032850~NM1*QC*1*HARRIS*TRACEY*L***MR*O471852~NM1*82*1*CADDALI*ESTRELLA*A***XX*1164974580~REF*EA*6F418F4D005F43359D5F9E14480293B0~DTM*232*20200702~DTM*233*20200702~SVC*HC:99214*272.99*94.14**1~DTM*472*20200702~CAS*PR*3*2~CAS*CO*45*176.85~REF*6R*CPAEKRWYIJGI~AMT*B6*96.14~LQ*HE*N45~LQ*HE*N381~LQ*HE*N381~CLP*000100037212*1*88.54*39**MC*2020204033125~NM1*QC*1*HOWARD*JAMES****MR*A909795~NM1*82*1*CADDALI*ESTRELLA*A***XX*1164974580~REF*EA*5D69EED4811D4FCA916B652B0351FCCB~DTM*232*20200707~DTM*233*20200707~SVC*HC:99212*88.54*39**1~DTM*472*20200707~CAS*CO*45*49.54~REF*6R*CPAEGFW8EFC1~AMT*B6*39~LQ*HE*N45~LQ*HE*N381~CLP*000100036735*1*178.3*63.81*2*MC*2020204032933~NM1*QC*1*HOYT HENDEWERK*LIESA*J***MR*Y896648~NM1*74*1*HOYT~NM1*82*1*GRONEMEYER*LEANNE*R***XX*1659521045~REF*EA*7741F7BB43324F2A8C1C6F33F0B9614E~DTM*232*20200625~DTM*233*20200625~SVC*HC:99213*178.3*63.81**1~DTM*472*20200625~CAS*PR*3*2~CAS*CO*45*112.49~REF*6R*CPAEPT0Q7AP8~AMT*B6*65.81~LQ*HE*N381~LQ*HE*N381~CLP*000100035773*1*178.3*65.81**MC*2020204033086~NM1*QC*1*JACKSON*BENJAMIN****MR*O929718~NM1*82*1*CADDALI*ESTRELLA*A***XX*1164974580~REF*EA*E03F46D6DD6540D8BAABB7F358068E78~DTM*232*20200604~DTM*233*20200604~SVC*HC:99213*178.3*65.81**1~DTM*472*20200604~CAS*CO*45*112.49~REF*6R*CPAEUISOHZPB~AMT*B6*65.81~LQ*HE*N381~CLP*000100037375*1*436.54*103.22**MC*2020206038638~NM1*QC*1*JEX*LOUISE*E***MR*B117513~NM1*82*1*LEWIS*HOLLY*G***XX*1295234128~REF*EA*88811D7977DF4772A49143F6175A39CA~DTM*232*20200710~DTM*233*20200710~SVC*HC:90837*436.54*103.22**1~DTM*472*20200710~CAS*CO*45*333.32~REF*6R*CPAYP9IBC4MG~AMT*B6*103.22~LQ*HE*N381~CLP*000100036566*1*2077.99*1351.11**MC*2020204032764~NM1*QC*1*JIRON*ROMAN****MR*G679343~NM1*82*1*HOOSHMAND-PARSI*KAYHOSROW****XX*1447291851~REF*EA*B1FC32246043499DAEE0C6092007E5E6~DTM*232*20200622~DTM*233*20200622~SVC*HC:99214:25*272.99*97.11**1~DTM*472*20200622~CAS*CO*45*175.88~REF*6R*CPAESBK8Z9QA~AMT*B6*97.11~LQ*HE*N381~SVC*HC:J2315*1805*1254**380~DTM*472*20200622~CAS*CO*45*551~REF*6R*CPAEXVV85SF1~AMT*B6*1254~LQ*HE*N381~CLP*000100036817*1*178.3*63.81*2*MC*2020204032646~NM1*QC*1*JOHNSON*MARK*A***MR*P242576~NM1*82*1*GRONEMEYER*LEANNE*R***XX*1659521045~REF*EA*DD916BC0A3AF4FA2897C7831FC490D0E~DTM*232*20200629~DTM*233*20200629~SVC*HC:99213*178.3*63.81**1~DTM*472*20200629~CAS*PR*3*2~CAS*CO*45*112.49~REF*6R*CPAEO8SVI782~AMT*B6*65.81~LQ*HE*N381~LQ*HE*N381~CLP*000100036581*1*443.17*21.92**MC*2020204033237~NM1*QC*1*KANTOR*LOUIS*W***MR*Y320329~NM1*82*1*HOOSHMAND-PARSI*KAYHOSROW****XX*1447291851~REF*EA*AE980BF9E6484177A042F325D9D80A10~DTM*232*20200622~DTM*233*20200622~SVC*HC:H0049*403.17*10.92**1~DTM*472*20200622~CAS*CO*45*392.25~REF*6R*CPAESBMUS9S8~AMT*B6*10.92~LQ*HE*N381~SVC*HC:G8510*40*11**1~DTM*472*20200622~CAS*CO*45*29~REF*6R*CPAEDUWY51FA~AMT*B6*11~LQ*HE*N381~CLP*000100037333*1*178.3*65.15**MC*2020204033276~NM1*QC*1*MARTINEZ*ASHLEY*L***MR*Q636416~NM1*82*1*CADDALI*ESTRELLA*A***XX*1164974580~REF*EA*D1D09F80A63C41E981D005CD4492A46A~DTM*232*20200709~DTM*233*20200709~SVC*HC:99213*178.3*65.15**1~DTM*472*20200709~CAS*CO*45*113.15~REF*6R*CPAEV4D37JGN~AMT*B6*65.15~LQ*HE*N45~LQ*HE*N381~CLP*000100037038*1*272.99*96.14**MC*2020204033241~NM1*QC*1*MARTINEZ*CHRISTOPHER*J***MR*G484628~NM1*82*1*GRONEMEYER*LEANNE*R***XX*1659521045~REF*EA*EFDB53E0231B47C38C60EE08F574D2AC~DTM*232*20200701~DTM*233*20200701~SVC*HC:99214*272.99*96.14**1~DTM*472*20200701~CAS*CO*45*176.85~REF*6R*CPAE04ZGPZJ1~AMT*B6*96.14~LQ*HE*N45~LQ*HE*N381~CLP*000100037417*1*178.3*65.15**MC*2020204033245~NM1*QC*1*MARTINEZ*CHRISTOPHER*J***MR*G484628~NM1*82*1*GRONEMEYER*LEANNE*R***XX*1659521045~REF*EA*69BE47190BFB4EC1A18283E102F0DFF6~DTM*232*20200713~DTM*233*20200713~SVC*HC:99213*178.3*65.15**1~DTM*472*20200713~CAS*CO*45*113.15~REF*6R*CPAE6WW9NBP1~AMT*B6*65.15~LQ*HE*N45~LQ*HE*N381~CLP*000100037154*1*272.99*96.14**MC*2020204033100~NM1*QC*1*MARTINEZ*SHAREE****MR*M754320~NM1*82*1*GRONEMEYER*LEANNE*R***XX*1659521045~REF*EA*BCD6D453BC21478D83993D0D602EE1E0~DTM*232*20200706~DTM*233*20200706~SVC*HC:99214*272.99*96.14**1~DTM*472*20200706~CAS*CO*45*176.85~REF*6R*CPAETH3NM65J~AMT*B6*96.14~LQ*HE*N45~LQ*HE*N381~CLP*000100036774*1*450.07*147.59*2*MC*2020204032757~NM1*QC*1*MASSICK*KIMBERLEE*S***MR*O761338~NM1*82*1*HOOSHMAND-PARSI*KAYHOSROW****XX*1447291851~REF*EA*BCD33F2DACC0493ABD1B1A0EB1BB9475~DTM*232*20200625~DTM*233*20200625~SVC*HC:99204*450.07*147.59**1~DTM*472*20200625~CAS*PR*3*2~CAS*CO*45*300.48~REF*6R*CPAE37C8DK8M~AMT*B6*149.59~LQ*HE*N381~LQ*HE*N381~CLP*000100037392*1*178.3*65.15**MC*2020204033210~NM1*QC*1*MAURO*RONDA*L***MR*U480140~NM1*82*1*CADDALI*ESTRELLA*A***XX*1164974580~REF*EA*0C73F7EA4584444BBBD5B2A41DDF29F8~DTM*232*20200710~DTM*233*20200710~SVC*HC:99213*178.3*65.15**1~DTM*472*20200710~CAS*CO*45*113.15~REF*6R*CPAECEZ4Q232~AMT*B6*65.15~LQ*HE*N45~LQ*HE*N381~CLP*000100036674*1*15*8.42**MC*2020204032840~NM1*QC*1*MAXFIELD*KENDRA*M***MR*N150478~NM1*74*1*MAXFIED~NM1*82*1*GRONEMEYER*LEANNE*R***XX*1659521045~REF*EA*7FF31D6ECB974B13A0702FDE41B43B5B~DTM*232*20200624~DTM*233*20200624~SVC*HC:81025*15*8.42**1~DTM*472*20200624~CAS*CO*45*6.58~REF*6R*CPAEWTMWBV30~AMT*B6*8.42~LQ*HE*N381~CLP*000100036674*1*178.3*65.81**MC*2020204032845~NM1*QC*1*MAXFIELD*KENDRA*M***MR*N150478~NM1*74*1*MAXFIED~NM1*82*1*GRONEMEYER*LEANNE*R***XX*1659521045~REF*EA*17FF8F0C9B4D48C9BC648BB035FBAC58~DTM*232*20200624~DTM*233*20200624~SVC*HC:99213:25*178.3*65.81**1~DTM*472*20200624~CAS*CO*45*112.49~REF*6R*CPAE2FF8IJLP~AMT*B6*65.81~LQ*HE*N381~CLP*000100037313*1*178.3*65.15**MC*2020204032954~NM1*QC*1*MCGARVY*ROBBIN****MR*O755729~NM1*82*1*CADDALI*ESTRELLA*A***XX*1164974580~REF*EA*1CAC2392CB5B4D2CA2DC51D4259E2F48~DTM*232*20200709~DTM*233*20200709~SVC*HC:99213*178.3*65.15**1~DTM*472*20200709~CAS*CO*45*113.15~REF*6R*CPAESWN8QFTT~AMT*B6*65.15~LQ*HE*N45~LQ*HE*N381~CLP*000100037400*1*272.99*96.14**MC*2020204032585~NM1*QC*1*MEDINA*JEANNINE****MR*H870875~NM1*82*1*SEARLES*DENISE*A***XX*1396971230~REF*EA*1C555C7B98114422BC79455861B10CD3~DTM*232*20200710~DTM*233*20200710~SVC*HC:99214*272.99*96.14**1~DTM*472*20200710~CAS*CO*45*176.85~REF*6R*CPAE15MPF7LB~AMT*B6*96.14~LQ*HE*N45~LQ*HE*N381~CLP*000100037279*1*178.3*65.15**MC*2020204032945~NM1*QC*1*MITCHELL*SHERRY****MR*I873951~NM1*82*1*CADDALI*ESTRELLA*A***XX*1164974580~REF*EA*238AF350B9D64EC0A586FE9CF7628EA5~DTM*232*20200708~DTM*233*20200708~SVC*HC:99213*178.3*65.15**1~DTM*472*20200708~CAS*CO*45*113.15~REF*6R*CPAEBS3J9E2I~AMT*B6*65.15~LQ*HE*N45~LQ*HE*N381~CLP*000100037092*1*217.66*54.8**MC*2020206038645~NM1*QC*1*MUNIZ*SHARON*M***MR*J463636~NM1*82*1*LEWIS*HOLLY*G***XX*1295234128~REF*EA*8E62AF870FD0421380548E9E9030620C~DTM*232*20200702~DTM*233*20200702~SVC*HC:90832*217.66*54.8**1~DTM*472*20200702~CAS*CO*45*162.86~REF*6R*CPAYWPKBIGL9~AMT*B6*54.8~LQ*HE*N381~CLP*000100037088*1*178.3*63.15*2*MC*2020206038802~NM1*QC*1*MUNIZ*SHARON*M***MR*J463636~NM1*82*1*GRONEMEYER*LEANNE*R***XX*1659521045~REF*EA*265AC62A21504DD1A33424438AB46D5A~DTM*232*20200702~DTM*233*20200702~SVC*HC:99213*178.3*63.15**1~DTM*472*20200702~CAS*PR*3*2~CAS*CO*45*113.15~REF*6R*CPAYIL6YGY5W~AMT*B6*65.15~LQ*HE*N45~LQ*HE*N381~LQ*HE*N381~CLP*000100037033*1*217.66*54.8**MC*2020204032563~NM1*QC*1*OHRDORF*JIMMI*L***MR*Y840687~NM1*82*1*LEWIS*HOLLY*G***XX*1295234128~REF*EA*AAB4D44B20C24F50BEA825BCA457B39E~DTM*232*20200701~DTM*233*20200701~SVC*HC:90832*217.66*54.8**1~DTM*472*20200701~CAS*CO*45*162.86~REF*6R*CPAEKBTGQL96~AMT*B6*54.8~LQ*HE*N381~CLP*000100036601*1*743.49*123.7*2*MC*2020204033058~NM1*QC*1*OHRDORF*JIMMI*L***MR*Y840687~NM1*82*1*SEARLES*DENISE*A***XX*1396971230~REF*EA*E51AA483BF834F018819B22C4C03FBAF~DTM*232*20200623~DTM*233*20200623~SVC*HC:99214:25*272.99*95.11**1~DTM*472*20200623~CAS*PR*3*2~CAS*CO*45*175.88~REF*6R*CPAETG9J1SU5~AMT*B6*97.11~LQ*HE*N381~LQ*HE*N381~SVC*HC:H0049*403.17*10.92**1~DTM*472*20200623~CAS*CO*45*392.25~REF*6R*CPAE2RBIDZH7~AMT*B6*10.92~LQ*HE*N381~SVC*HC:G8510*40*11**1~DTM*472*20200623~CAS*CO*45*29~REF*6R*CPAEUMQZP7N5~AMT*B6*11~LQ*HE*N381~SVC*HC:86580*27.33*6.67**1~DTM*472*20200623~CAS*CO*45*20.66~REF*6R*CPAECCAEHHL1~AMT*B6*6.67~LQ*HE*N381~CLP*000100037236*1*178.3*63.15*2*MC*2020204033069~NM1*QC*1*OHRDORF*JIMMI*L***MR*Y840687~NM1*82*1*CADDALI*ESTRELLA*A***XX*1164974580~REF*EA*DAB8125CE0BA497FA9B7FE45C98568DC~DTM*232*20200708~DTM*233*20200708~SVC*HC:99213*178.3*63.15**1~DTM*472*20200708~CAS*PR*3*2~CAS*CO*45*113.15~REF*6R*CPAEBTJBI7SL~AMT*B6*65.15~LQ*HE*N45~LQ*HE*N381~LQ*HE*N381~CLP*000100036579*1*621.47*87.73**MC*2020204032828~NM1*QC*1*OLSON*FELICITY****MR*P253379~NM1*82*1*GRONEMEYER*LEANNE*R***XX*1659521045~REF*EA*1E15A72A05C5477597D418FCD669E870~DTM*232*20200622~DTM*233*20200622~SVC*HC:99213:25*178.3*65.81**1~DTM*472*20200622~CAS*CO*45*112.49~REF*6R*CPAEMKWTXOLB~AMT*B6*65.81~LQ*HE*N381~SVC*HC:H0049*403.17*10.92**1~DTM*472*20200622~CAS*CO*45*392.25~REF*6R*CPAEO52NCRE8~AMT*B6*10.92~LQ*HE*N381~SVC*HC:G8510*40*11**1~DTM*472*20200622~CAS*CO*45*29~REF*6R*CPAENY9RYLDE~AMT*B6*11~LQ*HE*N381~CLP*000100037399*1*272.99*96.14**MC*2020204033050~NM1*QC*1*PACHECO*CHRISTOPHER*A***MR*K453230~NM1*82*1*CADDALI*ESTRELLA*A***XX*1164974580~REF*EA*43003A925662437D8198265A0F850419~DTM*232*20200710~DTM*233*20200710~SVC*HC:99214*272.99*96.14**1~DTM*472*20200710~CAS*CO*45*176.85~REF*6R*CPAESURPEC8W~AMT*B6*96.14~LQ*HE*N45~LQ*HE*N381~CLP*000100036766*1*178.3*63.81*2*MC*2020204032677~NM1*QC*1*PEOPLES*CASEY*L***MR*R270900~NM1*82*1*GRONEMEYER*LEANNE*R***XX*1659521045~REF*EA*BA2825AB4B374A1D85176B6C255CB370~DTM*232*20200625~DTM*233*20200625~SVC*HC:99213*178.3*63.81**1~DTM*472*20200625~CAS*PR*3*2~CAS*CO*45*112.49~REF*6R*CPAEZZGNNNGN~AMT*B6*65.81~LQ*HE*N381~LQ*HE*N381~CLP*000100037432*1*272.99*96.14**MC*2020204033035~NM1*QC*1*QUINTANA*LOGAN*L***MR*G937265~NM1*82*1*GRONEMEYER*LEANNE*R***XX*1659521045~REF*EA*7784E44D1F634EC78D8A1BDA74DAD7EF~DTM*232*20200713~DTM*233*20200713~SVC*HC:99214*272.99*96.14**1~DTM*472*20200713~CAS*CO*45*176.85~REF*6R*CPAEZUWLCD20~AMT*B6*96.14~LQ*HE*N45~LQ*HE*N381~CLP*000100036141*1*710.01*119.35**MC*2020204032792~NM1*QC*1*RAMIREZ*HALEY*R***MR*G374090~NM1*82*1*CADDALI*ESTRELLA*A***XX*1164974580~REF*EA*185E6D4A1B964197B5A9C6EBC42FC28A~DTM*232*20200612~DTM*233*20200612~SVC*HC:99203:25*266.84*97.43**1~DTM*472*20200612~CAS*CO*45*169.41~REF*6R*CPAEUQEUI7P6~AMT*B6*97.43~LQ*HE*N381~SVC*HC:H0049*403.17*10.92**1~DTM*472*20200612~CAS*CO*45*392.25~REF*6R*CPAEFHYXOKBF~AMT*B6*10.92~LQ*HE*N381~SVC*HC:G8510*40*11**1~DTM*472*20200612~CAS*CO*45*29~REF*6R*CPAE38O2ZTEC~AMT*B6*11~LQ*HE*N381~CLP*000100036611*1*178.3*65.81**MC*2020204033005~NM1*QC*1*RAMIREZ*JAVIER****MR*F684344~NM1*82*1*HOOSHMAND-PARSI*KAYHOSROW****XX*1447291851~REF*EA*D2ED45DC7E5B47AE9B42ABAF164CFAC9~DTM*232*20200623~DTM*233*20200623~SVC*HC:99213*178.3*65.81**1~DTM*472*20200623~CAS*CO*45*112.49~REF*6R*CPAEPUP3KDW6~AMT*B6*65.81~LQ*HE*N381~CLP*000100036967*1*178.3*65.81**MC*2020206038784~NM1*QC*1*RAMIREZ*JAVIER****MR*F684344~NM1*82*1*HOOSHMAND-PARSI*KAYHOSROW****XX*1447291851~REF*EA*B2A8814EDE8C412A85367F9ED61757D9~DTM*232*20200630~DTM*233*20200630~SVC*HC:99213*178.3*65.81**1~DTM*472*20200630~CAS*CO*45*112.49~REF*6R*CPAYFMEI73M2~AMT*B6*65.81~LQ*HE*N381~CLP*000100037215*1*178.3*65.15**MC*2020204032948~NM1*QC*1*REED*EDWIN*D***MR*J895555~NM1*82*1*CADDALI*ESTRELLA*A***XX*1164974580~REF*EA*D409B9348D1E4835B23EB89F28B0A79A~DTM*232*20200707~DTM*233*20200707~SVC*HC:99213*178.3*65.15**1~DTM*472*20200707~CAS*CO*45*113.15~REF*6R*CPAEKQFOY0V3~AMT*B6*65.15~LQ*HE*N45~LQ*HE*N381~CLP*000100036742*1*178.3*65.81**MC*2020204033021~NM1*QC*1*ROBLES*ELIJAH****MR*G787722~NM1*82*1*GRONEMEYER*LEANNE*R***XX*1659521045~REF*EA*9DA0A829E4244486ABD6E08781158ABC~DTM*232*20200625~DTM*233*20200625~SVC*HC:99213*178.3*65.81**1~DTM*472*20200625~CAS*CO*45*112.49~REF*6R*CPAE7L7U0GZ1~AMT*B6*65.81~LQ*HE*N381~CLP*000100037000*1*272.99*96.14**MC*2020204032874~NM1*QC*1*RODRIGUEZ*CAROLINA*M***MR*Y641512~NM1*82*1*HOOSHMAND-PARSI*KAYHOSROW****XX*1447291851~REF*EA*4794AA8779B541F0822552E80AD4149D~DTM*232*20200701~DTM*233*20200701~SVC*HC:99214*272.99*96.14**1~DTM*472*20200701~CAS*CO*45*176.85~REF*6R*CPAEZSDJ5N3C~AMT*B6*96.14~LQ*HE*N45~LQ*HE*N381~CLP*000100036973*1*178.3*65.81**MC*2020204033256~NM1*QC*1*SAIS*MICHAEL*E***MR*N765754~NM1*82*1*HOOSHMAND-PARSI*KAYHOSROW****XX*1447291851~REF*EA*0C018AEF42774518AF4D1A52ACE1F84A~DTM*232*20200630~DTM*233*20200630~SVC*HC:99213*178.3*65.81**1~DTM*472*20200630~CAS*CO*45*112.49~REF*6R*CPAERL1J0KOA~AMT*B6*65.81~LQ*HE*N381~CLP*000100036472*1*893.24*169.51*2*MC*2020204033147~NM1*QC*1*SALAZAR*JEFFREY*J***MR*S659325~NM1*82*1*SEARLES*DENISE*A***XX*1396971230~REF*EA*90A155C47A3449818B0E596934546794~DTM*232*20200619~DTM*233*20200619~SVC*HC:99204:25*450.07*147.59**1~DTM*472*20200619~CAS*PR*3*2~CAS*CO*45*300.48~REF*6R*CPAE2TBOXIGG~AMT*B6*149.59~LQ*HE*N381~LQ*HE*N381~SVC*HC:H0049*403.17*10.92**1~DTM*472*20200619~CAS*CO*45*392.25~REF*6R*CPAESNLE9SND~AMT*B6*10.92~LQ*HE*N381~SVC*HC:G8510*40*11**1~DTM*472*20200619~CAS*CO*45*29~REF*6R*CPAE7TZ80DQY~AMT*B6*11~LQ*HE*N381~CLP*000100036679*1*621.47*87.73**MC*2020204033010~NM1*QC*1*SANCHEZ*MARIO****MR*L108247~NM1*82*1*HOOSHMAND-PARSI*KAYHOSROW****XX*1447291851~REF*EA*D2B6554F20184E2B8462998315390893~DTM*232*20200624~DTM*233*20200624~SVC*HC:99213:25*178.3*65.81**1~DTM*472*20200624~CAS*CO*45*112.49~REF*6R*CPAEU9Z2HI14~AMT*B6*65.81~LQ*HE*N381~SVC*HC:H0049*403.17*10.92**1~DTM*472*20200624~CAS*CO*45*392.25~REF*6R*CPAELZFMKYEC~AMT*B6*10.92~LQ*HE*N381~SVC*HC:G8510*40*11**1~DTM*472*20200624~CAS*CO*45*29~REF*6R*CPAE4SHSD3KI~AMT*B6*11~LQ*HE*N381~CLP*000100036639*1*88.54*39.39**MC*2020204032687~NM1*QC*1*SANCHEZ*YVONNE*A***MR*J289148~NM1*82*1*HOOSHMAND-PARSI*KAYHOSROW****XX*1447291851~REF*EA*2471BA028458461384E9781A53916067~DTM*232*20200623~DTM*233*20200623~SVC*HC:99212*88.54*39.39**1~DTM*472*20200623~CAS*CO*45*49.15~REF*6R*CPAEP2RGN83S~AMT*B6*39.39~LQ*HE*N381~CLP*31072*1*178.3*65.81**MC*2220204001958~NM1*QC*1*SCHLEIGER*DAVID*J***MR*O968042~DTM*232*20200305~DTM*233*20200305~SVC*HC:99213*178.3*65.81**1~DTM*472*20200305~CAS*CO*45*112.49~REF*HPI*1164974580~AMT*B6*65.81~LQ*HE*N381~CLP*000100036978*1*178.3*65.15**MC*2020204033138~NM1*QC*1*SCHRINER*JACOB*E***MR*Y893432~NM1*82*1*CADDALI*ESTRELLA*A***XX*1164974580~REF*EA*6D482A1DCC5F4B94B541265E408F8315~DTM*232*20200701~DTM*233*20200701~SVC*HC:99213*178.3*65.15**1~DTM*472*20200701~CAS*CO*45*113.15~REF*6R*CPAEUCEPRPAJ~AMT*B6*65.15~LQ*HE*N45~LQ*HE*N381~CLP*000100036571*1*178.3*63.81*2*MC*2020204032730~NM1*QC*1*SCHUDAR*JOHN*R***MR*Y988342~NM1*82*1*HOOSHMAND-PARSI*KAYHOSROW****XX*1447291851~REF*EA*5D4BD130757941C283EEC04C07BC6AE1~DTM*232*20200622~DTM*233*20200622~SVC*HC:99213*178.3*63.81**1~DTM*472*20200622~CAS*PR*3*2~CAS*CO*45*112.49~REF*6R*CPAEZ8SVBHFO~AMT*B6*65.81~LQ*HE*N381~LQ*HE*N381~CLP*000100036959*1*178.3*63.81*2*MC*2020206038689~NM1*QC*1*SCHUDAR*JOHN*R***MR*Y988342~NM1*82*1*HOOSHMAND-PARSI*KAYHOSROW****XX*1447291851~REF*EA*225367224353422096044E14579E5EDC~DTM*232*20200630~DTM*233*20200630~SVC*HC:99213*178.3*63.81**1~DTM*472*20200630~CAS*PR*3*2~CAS*CO*45*112.49~REF*6R*CPAY76H571P0~AMT*B6*65.81~LQ*HE*N381~LQ*HE*N381~CLP*000100036765*1*710.01*105.39**MC*2020204032781~NM1*QC*1*SCOTT*LESLIE****MR*P748095~NM1*82*1*HOOSHMAND-PARSI*KAYHOSROW****XX*1447291851~REF*EA*309A27D25C4349DFB34F1892BF652BB3~DTM*232*20200625~DTM*233*20200625~SVC*HC:99203:FP:25*266.84*83.47**1~DTM*472*20200625~CAS*CO*45*183.37~REF*6R*CPAEVOJCCP87~AMT*B6*83.47~LQ*HE*N381~SVC*HC:H0049*403.17*10.92**1~DTM*472*20200625~CAS*CO*45*392.25~REF*6R*CPAE5BT5M8E4~AMT*B6*10.92~LQ*HE*N381~SVC*HC:G8510*40*11**1~DTM*472*20200625~CAS*CO*45*29~REF*6R*CPAEHHUPEAUG~AMT*B6*11~LQ*HE*N381~CLP*000100037274*1*178.3*65.15**MC*2020204032785~NM1*QC*1*SCOTT*MADDISON*R***MR*O591333~NM1*82*1*CADDALI*ESTRELLA*A***XX*1164974580~REF*EA*88EE7EA1FA6D431D821D2434A579B96C~DTM*232*20200708~DTM*233*20200708~SVC*HC:99213*178.3*65.15**1~DTM*472*20200708~CAS*CO*45*113.15~REF*6R*CPAESVIBIRB0~AMT*B6*65.15~LQ*HE*N45~LQ*HE*N381~CLP*000100037276*1*217.66*54.8**MC*2020206038625~NM1*QC*1*SCOTT*MADDISON*R***MR*O591333~NM1*82*1*LEWIS*HOLLY*G***XX*1295234128~REF*EA*016305EB1B9C464892779DBAEA3FD4AD~DTM*232*20200708~DTM*233*20200708~SVC*HC:90832*217.66*54.8**1~DTM*472*20200708~CAS*CO*45*162.86~REF*6R*CPAYF255XUWC~AMT*B6*54.8~LQ*HE*N381~CLP*000100037323*1*178.3*65.15**MC*2020204033185~NM1*QC*1*SHED*JESSE****MR*P437954~NM1*82*1*CADDALI*ESTRELLA*A***XX*1164974580~REF*EA*B79BA4BAEAF3403BA5E00165F8DF72D6~DTM*232*20200709~DTM*233*20200709~SVC*HC:99213*178.3*65.15**1~DTM*472*20200709~CAS*CO*45*113.15~REF*6R*CPAE5W4RNUGG~AMT*B6*65.15~LQ*HE*N45~LQ*HE*N381~CLP*000100037366*1*178.3*63.15*2*MC*2020204032902~NM1*QC*1*SMITH*DEBRA*J***MR*Y853821~NM1*82*1*CADDALI*ESTRELLA*A***XX*1164974580~REF*EA*5AFA578F51FE472B81CFE7D6851A956F~DTM*232*20200710~DTM*233*20200710~SVC*HC:99213*178.3*63.15**1~DTM*472*20200710~CAS*PR*3*2~CAS*CO*45*113.15~REF*6R*CPAE8LDRAR8R~AMT*B6*65.15~LQ*HE*N45~LQ*HE*N381~LQ*HE*N381~CLP*000100036582*1*716.16*138.55**MC*2020204033204~NM1*QC*1*SUNCELIA*POLLYANN*M***MR*B249910~NM1*82*1*GRONEMEYER*LEANNE*R***XX*1659521045~REF*EA*AADD580352AE4CB19796C3D92D0AF4A0~DTM*232*20200622~DTM*233*20200622~SVC*HC:99214:25*272.99*97.11**1~DTM*472*20200622~CAS*CO*45*175.88~REF*6R*CPAE63FY1XJU~AMT*B6*97.11~LQ*HE*N381~SVC*HC:H0049*403.17*10.92**1~DTM*472*20200622~CAS*CO*45*392.25~REF*6R*CPAEO0V3VX6Y~AMT*B6*10.92~LQ*HE*N381~SVC*HC:G8431*40*30.52**1~DTM*472*20200622~CAS*CO*45*9.48~REF*6R*CPAEHOOQQ52W~AMT*B6*30.52~LQ*HE*N381~CLP*000100036755*1*266.84*95.43*2*MC*2020204032990~NM1*QC*1*STEED*CHITRA*K***MR*P561211~NM1*74*1*SWEARINGEN~NM1*82*1*GRONEMEYER*LEANNE*R***XX*1659521045~REF*EA*966A7FF89C20448CA6201F98B366D1EF~DTM*232*20200625~DTM*233*20200625~SVC*HC:99203*266.84*95.43**1~DTM*472*20200625~CAS*PR*3*2~CAS*CO*45*169.41~REF*6R*CPAEIPZPD6XX~AMT*B6*97.43~LQ*HE*N381~LQ*HE*N381~CLP*000100037068*1*272.99*96.14**MC*2020206038779~NM1*QC*1*TAFOYA*KENNETH*T***MR*N782270~NM1*82*1*GRONEMEYER*LEANNE*R***XX*1659521045~REF*EA*BE903786D1D24ABD993048A7EFD01B45~DTM*232*20200702~DTM*233*20200702~SVC*HC:99214*272.99*96.14**1~DTM*472*20200702~CAS*CO*45*176.85~REF*6R*CPAY5Q1E5437~AMT*B6*96.14~LQ*HE*N45~LQ*HE*N381~CLP*000100036614*1*15*8.42**MC*2020204032979~NM1*QC*1*TANKSLEY*DAYSHA*A***MR*O203621~NM1*82*1*HOOSHMAND-PARSI*KAYHOSROW****XX*1447291851~REF*EA*7CCBEF70BD0A44F6AB1106FB417885F3~DTM*232*20200623~DTM*233*20200623~SVC*HC:81025*15*8.42**1~DTM*472*20200623~CAS*CO*45*6.58~REF*6R*CPAEAX11NA6Y~AMT*B6*8.42~LQ*HE*N381~CLP*000100036614*1*178.3*65.81**MC*2020204032985~NM1*QC*1*TANKSLEY*DAYSHA*A***MR*O203621~NM1*82*1*HOOSHMAND-PARSI*KAYHOSROW****XX*1447291851~REF*EA*0478B0AFC55A421BA5B5CB8194705280~DTM*232*20200623~DTM*233*20200623~SVC*HC:99213:25*178.3*65.81**1~DTM*472*20200623~CAS*CO*45*112.49~REF*6R*CPAEKXVX2VZD~AMT*B6*65.81~LQ*HE*N381~CLP*000100036945*1*178.3*65.81**MC*2020206038769~NM1*QC*1*TANKSLEY*DAYSHA*A***MR*O203621~NM1*82*1*HOOSHMAND-PARSI*KAYHOSROW****XX*1447291851~REF*EA*E3FBBD4503124878AEA000BB73895A25~DTM*232*20200630~DTM*233*20200630~SVC*HC:99213:25*178.3*65.81**1~DTM*472*20200630~CAS*CO*45*112.49~REF*6R*CPAYZV8KUXS6~AMT*B6*65.81~LQ*HE*N381~CLP*000100036945*1*15*8.42**MC*2020206038776~NM1*QC*1*TANKSLEY*DAYSHA*A***MR*O203621~NM1*82*1*HOOSHMAND-PARSI*KAYHOSROW****XX*1447291851~REF*EA*CC8BBE4128C844689B7354881EF00652~DTM*232*20200630~DTM*233*20200630~SVC*HC:81025*15*8.42**1~DTM*472*20200630~CAS*CO*45*6.58~REF*6R*CPAY6JR7JR9Z~AMT*B6*8.42~LQ*HE*N381~CLP*000100037331*1*272.99*118.45**MC*2020206038725~NM1*QC*1*TAYLOR*JASMINE*A***MR*P163937~NM1*82*1*GRONEMEYER*LEANNE*R***XX*1659521045~REF*EA*D3F3DBFB49AC43EE9166C1E3927B1B1E~DTM*232*20200709~DTM*233*20200709~SVC*HC:99214:FP*272.99*118.45**1~DTM*472*20200709~CAS*CO*45*154.54~REF*6R*CPAYGDXIKVZP~AMT*B6*118.45~LQ*HE*N45~LQ*HE*N381~CLP*000100037004*1*327.66*117.43**MC*2020206038792~NM1*QC*1*THOMPSON*LINDA*M***MR*E133889~NM1*82*1*CADDALI*ESTRELLA*A***XX*1164974580~REF*EA*ABF88EDF188F4A429E54D637B478517D~DTM*232*20200701~DTM*233*20200701~SVC*HC:99214:25*272.99*96.14**1~DTM*472*20200701~CAS*CO*45*176.85~REF*6R*CPAYAZ4NBE3M~AMT*B6*96.14~LQ*HE*N45~LQ*HE*N381~SVC*HC:93000*54.67*21.29**1~DTM*472*20200701~CAS*CO*45*33.38~REF*6R*CPAYKHQ41OIK~AMT*B6*21.29~LQ*HE*N381~CLP*000100037054*1*272.99*96.14**MC*2020204033232~NM1*QC*1*TORBETT*JERRY*R***MR*N890040~NM1*82*1*HOOSHMAND-PARSI*KAYHOSROW****XX*1447291851~REF*EA*4D401992EB1541E889A481459DEE8606~DTM*232*20200702~DTM*233*20200702~SVC*HC:99214*272.99*96.14**1~DTM*472*20200702~CAS*CO*45*176.85~REF*6R*CPAEEPD8O449~AMT*B6*96.14~LQ*HE*N45~LQ*HE*N381~CLP*000100037138*1*272.99*96.14**MC*2020204033143~NM1*QC*1*TRUJILLO*RICHARD*P***MR*G844415~NM1*82*1*GRONEMEYER*LEANNE*R***XX*1659521045~REF*EA*A9B8B10A89EE4419AB9A26AEE551B563~DTM*232*20200706~DTM*233*20200706~SVC*HC:99214*272.99*96.14**1~DTM*472*20200706~CAS*CO*45*176.85~REF*6R*CPAECZ8ZJ8MR~AMT*B6*96.14~LQ*HE*N45~LQ*HE*N381~CLP*000100035794*1*312.06*114.94**MC*2020204032725~NM1*QC*1*TUTTLE*KATHI*K***MR*Y578034~NM1*82*1*GRONEMEYER*LEANNE*R***XX*1659521045~REF*EA*FF6F3D64FA6C4358B0A3CCE59B3573CD~DTM*232*20200604~DTM*233*20200604~SVC*HC:99396*312.06*114.94**1~DTM*472*20200604~CAS*CO*45*197.12~REF*6R*CPAEQ49WFHDE~AMT*B6*114.94~LQ*HE*N381~CLP*000100037020*1*272.99*96.14**MC*2020206038754~NM1*QC*1*ULIBARRI*STEPHANIE*R***MR*W341555~NM1*82*1*CADDALI*ESTRELLA*A***XX*1164974580~REF*EA*753DA17B5A4A4EFAA859017CC01C46DB~DTM*232*20200701~DTM*233*20200701~SVC*HC:99214*272.99*96.14**1~DTM*472*20200701~CAS*CO*45*176.85~REF*6R*CPAYHVALS8AQ~AMT*B6*96.14~LQ*HE*N45~LQ*HE*N381~CLP*000100036633*1*621.47*87.73**MC*2020204033168~NM1*QC*1*VALERIO*VIOLA*M***MR*G118028~NM1*82*1*GRONEMEYER*LEANNE*R***XX*1659521045~REF*EA*EE63BDB34BA04A37B6025F0E08A9EE6E~DTM*232*20200623~DTM*233*20200623~SVC*HC:99213:25*178.3*65.81**1~DTM*472*20200623~CAS*CO*45*112.49~REF*6R*CPAEEUYHRJ74~AMT*B6*65.81~LQ*HE*N381~SVC*HC:H0049*403.17*10.92**1~DTM*472*20200623~CAS*CO*45*392.25~REF*6R*CPAET71P8BK5~AMT*B6*10.92~LQ*HE*N381~SVC*HC:G8510*40*11**1~DTM*472*20200623~CAS*CO*45*29~REF*6R*CPAE0BNSKNR9~AMT*B6*11~LQ*HE*N381~CLP*000100036633*1*15*8.42**MC*2020204033173~NM1*QC*1*VALERIO*VIOLA*M***MR*G118028~NM1*82*1*GRONEMEYER*LEANNE*R***XX*1659521045~REF*EA*F2B28B0A3CBC4E78B462FD34B9D259B8~DTM*232*20200623~DTM*233*20200623~SVC*HC:81025*15*8.42**1~DTM*472*20200623~CAS*CO*45*6.58~REF*6R*CPAE0B8MSWEJ~AMT*B6*8.42~LQ*HE*N381~CLP*000100036954*1*178.3*65.81**MC*2020206038796~NM1*QC*1*VALERIO*VIOLA*M***MR*G118028~NM1*82*1*GRONEMEYER*LEANNE*R***XX*1659521045~REF*EA*0BEB1C162CA6466BAA8FC3534B4985D0~DTM*232*20200630~DTM*233*20200630~SVC*HC:99213*178.3*65.81**1~DTM*472*20200630~CAS*CO*45*112.49~REF*6R*CPAYJH8XCI9E~AMT*B6*65.81~LQ*HE*N381~CLP*000100036748*1*621.47*87.73**MC*2020204032866~NM1*QC*1*VALLEJOS*RANDY*L***MR*Y264890~NM1*82*1*HOOSHMAND-PARSI*KAYHOSROW****XX*1447291851~REF*EA*9082DD606B9E48FF911AAF669B1FECB6~DTM*232*20200625~DTM*233*20200625~SVC*HC:99213:25*178.3*65.81**1~DTM*472*20200625~CAS*CO*45*112.49~REF*6R*CPAES0H2KLQK~AMT*B6*65.81~LQ*HE*N381~SVC*HC:H0049*403.17*10.92**1~DTM*472*20200625~CAS*CO*45*392.25~REF*6R*CPAE2POACD84~AMT*B6*10.92~LQ*HE*N381~SVC*HC:G8510*40*11**1~DTM*472*20200625~CAS*CO*45*29~REF*6R*CPAE1LO6D3VG~AMT*B6*11~LQ*HE*N381~CLP*000100036623*1*178.3*65.81**MC*2020204032614~NM1*QC*1*VARGAS*ERIKA*A***MR*L114609~NM1*82*1*GRONEMEYER*LEANNE*R***XX*1659521045~REF*EA*1F79C31E27B845729596758E56CC9477~DTM*232*20200623~DTM*233*20200623~SVC*HC:99213:25*178.3*65.81**1~DTM*472*20200623~CAS*CO*45*112.49~REF*6R*CPAEJTBQINUF~AMT*B6*65.81~LQ*HE*N381~CLP*000100036623*1*15*8.42**MC*2020204032624~NM1*QC*1*VARGAS*ERIKA*A***MR*L114609~NM1*82*1*GRONEMEYER*LEANNE*R***XX*1659521045~REF*EA*C6500990264C4199B7C38B0E50C43A51~DTM*232*20200623~DTM*233*20200623~SVC*HC:81025*15*8.42**1~DTM*472*20200623~CAS*CO*45*6.58~REF*6R*CPAEVKAAA807~AMT*B6*8.42~LQ*HE*N381~CLP*000100036916*1*272.99*97.11**MC*2020206038833~NM1*QC*1*VARGAS*MAX****MR*S695147~NM1*82*1*GRONEMEYER*LEANNE*R***XX*1659521045~REF*EA*3B71E409527F4A12B72DDF79A0CA504B~DTM*232*20200630~DTM*233*20200630~SVC*HC:99214*272.99*97.11**1~DTM*472*20200630~CAS*CO*45*175.88~REF*6R*CPAYNRNY3AQ4~AMT*B6*97.11~LQ*HE*N381~CLP*000100036924*1*178.3*65.81**MC*2020206038697~NM1*QC*1*VIGIL*FABIAN****MR*J187623~NM1*82*1*HOOSHMAND-PARSI*KAYHOSROW****XX*1447291851~REF*EA*EF70FB8221CD41AD99667DAFEC13DA8F~DTM*232*20200630~DTM*233*20200630~SVC*HC:99213*178.3*65.81**1~DTM*472*20200630~CAS*CO*45*112.49~REF*6R*CPAYCNOMKS4W~AMT*B6*65.81~LQ*HE*N381~CLP*000100036696*1*178.3*65.81**MC*2020204032908~NM1*QC*1*VIGIL*JULIE*M***MR*D989489~NM1*82*1*GRONEMEYER*LEANNE*R***XX*1659521045~REF*EA*A6513D4256314BBB8C6D5340DD1E7537~DTM*232*20200624~DTM*233*20200624~SVC*HC:99213*178.3*65.81**1~DTM*472*20200624~CAS*CO*45*112.49~REF*6R*CPAEGH6VULZY~AMT*B6*65.81~LQ*HE*N381~CLP*000100036681*1*290.21*71.25**MC*2020204032920~NM1*QC*1*VIGIL*JULIE*M***MR*D989489~NM1*82*1*SANCHEZ*LEANN*V***XX*1508990961~REF*EA*12256C6BE29F471A80913C20E1B47140~DTM*232*20200624~DTM*233*20200624~SVC*HC:90834*290.21*71.25**1~DTM*472*20200624~CAS*CO*45*218.96~REF*6R*CPAE3OHNCWQT~AMT*B6*71.25~LQ*HE*N381~CLP*000100037438*1*217.66*54.8**MC*2020204032929~NM1*QC*1*VIGIL*JULIE*M***MR*D989489~NM1*82*1*SANCHEZ*LEANN*V***XX*1508990961~REF*EA*8DC90BF9BC6A41B2A5F173658116DBB3~DTM*232*20200713~DTM*233*20200713~SVC*HC:90832*217.66*54.8**1~DTM*472*20200713~CAS*CO*45*162.86~REF*6R*CPAEDI95CXYW~AMT*B6*54.8~LQ*HE*N381~CLP*000100037098*1*178.3*65.15**MC*2020204033041~NM1*QC*1*VILLASENOR*MIQUEILA*C***MR*K174349~NM1*82*1*CADDALI*ESTRELLA*A***XX*1164974580~REF*EA*6B60163D9D0B409AB3DEA4E94F3105DD~DTM*232*20200702~DTM*233*20200702~SVC*HC:99213*178.3*65.15**1~DTM*472*20200702~CAS*CO*45*113.15~REF*6R*CPAEDIFWQQE8~AMT*B6*65.15~LQ*HE*N45~LQ*HE*N381~CLP*000100036656*1*178.3*65.81**MC*2020204032716~NM1*QC*1*WALKER*CHANTEL*R***MR*P824583~NM1*82*1*CADDALI*ESTRELLA*A***XX*1164974580~REF*EA*292B2F32B2F449C9A08B9078B1FA5525~DTM*232*20200623~DTM*233*20200623~SVC*HC:99213*178.3*65.81**1~DTM*472*20200623~CAS*CO*45*112.49~REF*6R*CPAEEI8N1TI1~AMT*B6*65.81~LQ*HE*N381~CLP*000100037075*1*272.99*94.14*2*MC*2020204032966~NM1*QC*1*WELCH*BRITTANY****MR*P124416~NM1*82*1*CADDALI*ESTRELLA*A***XX*1164974580~REF*EA*70C5285F008C497A9DD672D35643C7E2~DTM*232*20200702~DTM*233*20200702~SVC*HC:99214*272.99*94.14**1~DTM*472*20200702~CAS*PR*3*2~CAS*CO*45*176.85~REF*6R*CPAEQMROD128~AMT*B6*96.14~LQ*HE*N45~LQ*HE*N381~LQ*HE*N381~CLP*000100036763*1*178.3*65.81**MC*2020204032709~NM1*QC*1*WHITEHEAD*ELLIE****MR*O922166~NM1*82*1*GRONEMEYER*LEANNE*R***XX*1659521045~REF*EA*EF6F8D9A5BDE46FC9F6E3CF6C2D681DE~DTM*232*20200625~DTM*233*20200625~SVC*HC:99213*178.3*65.81**1~DTM*472*20200625~CAS*CO*45*112.49~REF*6R*CPAEG54TYNFH~AMT*B6*65.81~LQ*HE*N381~CLP*000100036740*1*178.3*63.81*2*MC*2020204032822~NM1*QC*1*WILKINS*CARTHELIUS****MR*P159818~NM1*82*1*HOOSHMAND-PARSI*KAYHOSROW****XX*1447291851~REF*EA*316F577409BE41F995956468B192B61D~DTM*232*20200625~DTM*233*20200625~SVC*HC:99213*178.3*63.81**1~DTM*472*20200625~CAS*PR*3*2~CAS*CO*45*112.49~REF*6R*CPAENLTMSLQH~AMT*B6*65.81~LQ*HE*N381~LQ*HE*N381~CLP*000100037368*1*178.3*65.15**MC*2020206038660~NM1*QC*1*WILLIAMS*DEVREN****MR*O169306~NM1*82*1*CADDALI*ESTRELLA*A***XX*1164974580~REF*EA*C1A815906530462AB74CD0E5533B2F62~DTM*232*20200710~DTM*233*20200710~SVC*HC:99213*178.3*65.15**1~DTM*472*20200710~CAS*CO*45*113.15~REF*6R*CPAYPNJEHZ30~AMT*B6*65.15~LQ*HE*N45~LQ*HE*N381~CLP*000100037369*1*272.99*94.14*2*MC*2020206038712~NM1*QC*1*WILLIAMS*KALLIE****MR*O184978~NM1*82*1*CADDALI*ESTRELLA*A***XX*1164974580~REF*EA*813C3954175A4CC69F9D1F9BF7EE9A55~DTM*232*20200710~DTM*233*20200710~SVC*HC:99214*272.99*94.14**1~DTM*472*20200710~CAS*PR*3*2~CAS*CO*45*176.85~REF*6R*CPAYMXJDY0D4~AMT*B6*96.14~LQ*HE*N45~LQ*HE*N381~LQ*HE*N381~CLP*000100037221*1*178.3*63.15*2*MC*2020206038822~NM1*QC*1*WILLIAMS*KRYSTAL****MR*P744738~NM1*82*1*CADDALI*ESTRELLA*A***XX*1164974580~REF*EA*DC9AE9C544C04391AD147372470D8FAE~DTM*232*20200707~DTM*233*20200707~SVC*HC:99213*178.3*63.15**1~DTM*472*20200707~CAS*PR*3*2~CAS*CO*45*113.15~REF*6R*CPAY7W70R5E5~AMT*B6*65.15~LQ*HE*N45~LQ*HE*N381~LQ*HE*N381~CLP*000100036561*1*178.3*65.81**MC*2020204033026~NM1*QC*1*WILLIS*DIANE****MR*D774337~NM1*82*1*HOOSHMAND-PARSI*KAYHOSROW****XX*1447291851~REF*EA*3C8CF7F1B1F74B69ACC727BCA28EBDB1~DTM*232*20200622~DTM*233*20200622~SVC*HC:99213*178.3*65.81**1~DTM*472*20200622~CAS*CO*45*112.49~REF*6R*CPAESARS3FE8~AMT*B6*65.81~LQ*HE*N381~CLP*000100037053*1*88.54*39**MC*2020204033174~NM1*QC*1*WINCHESTER*CARRIE****MR*V518328~NM1*82*1*HOOSHMAND-PARSI*KAYHOSROW****XX*1447291851~REF*EA*188240CEECFD4E058BD9869186FB11F4~DTM*232*20200702~DTM*233*20200702~SVC*HC:99212*88.54*39**1~DTM*472*20200702~CAS*CO*45*49.54~REF*6R*CPAESK7VJAQ2~AMT*B6*39~LQ*HE*N45~LQ*HE*N381~CLP*000100037100*1*178.3*65.15**MC*2020204033156~NM1*QC*1*WINSTON*LATORIA*T***MR*P274606~NM1*82*1*GRONEMEYER*LEANNE*R***XX*1659521045~REF*EA*16D632B9CBE84CA19B17930F0BA93C87~DTM*232*20200702~DTM*233*20200702~SVC*HC:99213*178.3*65.15**1~DTM*472*20200702~CAS*CO*45*113.15~REF*6R*CPAEODFYUU8U~AMT*B6*65.15~LQ*HE*N45~LQ*HE*N381~CLP*000100037085*1*88.54*37*2*MC*2020206038684~NM1*QC*1*WYATT*MARK*A***MR*O690192~NM1*82*1*HOOSHMAND-PARSI*KAYHOSROW****XX*1447291851~REF*EA*47A51533398D4E0396CAF57AC597B697~DTM*232*20200702~DTM*233*20200702~SVC*HC:99212*88.54*37**1~DTM*472*20200702~CAS*PR*3*2~CAS*CO*45*49.54~REF*6R*CPAYYXDGJVBI~AMT*B6*39~LQ*HE*N45~LQ*HE*N381~LQ*HE*N381~CLP*000100036956*1*178.3*63.81*2*MC*2020206038736~NM1*QC*1*ARMSTRONG YOUNGBLOOD*CASSIDY****MR*Y096253~NM1*74*1*YOUNGBLOOD**R~NM1*82*1*HOOSHMAND-PARSI*KAYHOSROW****XX*1447291851~REF*EA*056A4BE85C4746DB9C87F0E3B2662805~DTM*232*20200630~DTM*233*20200630~SVC*HC:99213*178.3*63.81**1~DTM*472*20200630~CAS*PR*3*2~CAS*CO*45*112.49~REF*6R*CPAY86QSTOQO~AMT*B6*65.81~LQ*HE*N381~LQ*HE*N381~CLP*000100037077*4*290.21*0**MC*2020206038703~NM1*QC*1*BOISVERT*ORIEN*K***MR*O244414~NM1*82*1*SANCHEZ*LEANN*V***XX*1508990961~REF*EA*0F5A7315701346C382BC3252063E5B8A~DTM*232*20200702~DTM*233*20200702~SVC*HC:90834*290.21*0**0**1~DTM*472*20200702~CAS*PI*16*290.21~REF*6R*CPAYLCCU25A5~LQ*HE*N56~LQ*HE*N381~CLP*000100036666*4*437.77*0**MC*2020206038687~NM1*QC*1*DEHERRERA*VANESSA****MR*K523214~NM1*82*1*SANCHEZ*LEANN*V***XX*1508990961~REF*EA*6F26462225CA4C19997BA240A3D86246~DTM*232*20200624~DTM*233*20200624~SVC*HC:90791*437.77*0**0**1~DTM*472*20200624~CAS*PI*16*437.77~REF*6R*CPAYE0ZYG8ZZ~LQ*HE*N381~CLP*000100031413*4*134*0**MC*2020206038667~NM1*QC*1*DIAZ*GEORGINA*L***MR*I770082~NM1*82*1*SEARLES*DENISE*A***XX*1396971230~REF*EA*C135ABEB686743DAAF2AEA5D10AA28F8~DTM*232*20200312~DTM*233*20200312~SVC*HC:99214*134*0**0**1~DTM*472*20200312~CAS*PI*96*134~REF*6R*CPAYR2X092YZ~LQ*HE*N30~LQ*HE*MA92~CLP*000100036876*4*178.3*0**MC*2020204032754~NM1*QC*1*HANSON*CYNTHIA****MR*W412067~NM1*82*1*HOOSHMAND-PARSI*KAYHOSROW****XX*1447291851~REF*EA*2368D11FE60F4107B7785035FE9E964F~DTM*232*20200629~DTM*233*20200629~SVC*HC:99213*178.3*0**0**1~DTM*472*20200629~CAS*PI*16*178.3~REF*6R*CPAEAUY24B1W~LQ*HE*N381~CLP*000100036566*4*83.99*0**MC*2020204032762~NM1*QC*1*JIRON*ROMAN****MR*G679343~NM1*82*1*HOOSHMAND-PARSI*KAYHOSROW****XX*1447291851~REF*EA*320B3211FB384B60B9096551D915A769~DTM*232*20200622~DTM*233*20200622~SVC*HC:96372*83.99*0**0**1~DTM*472*20200622~CAS*CO*109*83.99~REF*6R*CPAEVBIVMY23~LQ*HE*N381~CLP*000100037383*4*437.77*0**MC*2020204032582~NM1*QC*1*LEASURE*JAMIE****MR*R589473~NM1*82*1*LEWIS*HOLLY*G***XX*1295234128~REF*EA*EE820D46F61241F29E90A20AD83B4E2A~DTM*232*20200710~DTM*233*20200710~SVC*HC:90791*437.77*0**0**1~DTM*472*20200710~CAS*PI*16*437.77~REF*6R*CPAEKSSC64U9~LQ*HE*MA64~CLP*000100031177*4*8*0**MC*2020206038818~NM1*QC*1*PEREZ*RUBEN*M***MR*N240261~NM1*82*1*HOOSHMAND-PARSI*KAYHOSROW****XX*1447291851~REF*EA*A39B7988621A462ABF61366981D0A0F3~DTM*232*20200309~DTM*233*20200309~SVC*HC:96127*8*0**0**1~DTM*472*20200309~CAS*PI*16*8~REF*6R*CPAYHWNG7MY1~LQ*HE*MA92~CLP*000100036643*4*217.66*0**MC*2020204032509~NM1*QC*1*QUINTANA*DANIELLE*A***MR*N559116~NM1*82*1*LEWIS*HOLLY*G***XX*1295234128~REF*EA*3BDA102DE5A1441B832DCDB490CA94F9~DTM*232*20200623~DTM*233*20200623~SVC*HC:90832*217.66*0**0**1~DTM*472*20200623~CAS*PI*119*217.66~REF*6R*CPAETTTQFQ5X~LQ*HE*N381~CLP*000100036572*4*312.06*0**MC*2020206038832~NM1*QC*1*SMITH*DESTINY*L***MR*Q240284~NM1*82*1*GRONEMEYER*LEANNE*R***XX*1659521045~REF*EA*91FE82BEB5F24A5BBCB78CA901E6851A~DTM*232*20200622~DTM*233*20200622~SVC*HC:99396*312.06*0**0**1~DTM*472*20200622~CAS*PI*5*312.06~REF*6R*CPAYRLZLL1PG~LQ*HE*M77~LQ*HE*M77~CLP*000100031300*4*24*0**MC*2020206038649~NM1*QC*1*VANLOON*PAMELA****MR*Q927120~NM1*82*1*HOOSHMAND-PARSI*KAYHOSROW****XX*1447291851~REF*EA*CEF8332B2FCC4F38B292FB16C1C2C83E~DTM*232*20200310~DTM*233*20200310~SVC*HC:93000*24*0**0**1~DTM*472*20200310~CAS*PI*96*24~REF*6R*CPAYE2QLV7H8~LQ*HE*N30~CLP*000100036681*4*290.21*0**MC*2020206038707~NM1*QC*1*VIGIL*JULIE*M***MR*D989489~NM1*82*1*SANCHEZ*LEANN*V***XX*1508990961~REF*EA*B9D0B38AF5C44D78B540CFFF1BEFFB79~DTM*232*20200624~DTM*233*20200624~SVC*HC:90834*290.21*0**0**1~DTM*472*20200624~CAS*PI*16*290.21~REF*6R*CPAYC79CXKBT~LQ*HE*N381~SE*2188*000010011~GE*1*300006956~IEA*1*300006956~