ISA*00*          *00*          *ZZ*COMEDASSISTPROG*ZZ*6769489        *200928*0225*^*00501*100007697*0*P*:~GS*HP*COMEDASSISTPROG*6769489*20200928*022548*100007697*X*005010X221A1~ST*835*000010012~BPR*I*24889.79*C*ACH*CCP*01*075911603*DA*00000004556640373*1811725341**01*102106569*DA*2200002989138*20200928~TRN*1*001096514*1811725341~REF*EV*1508250911~DTM*405*20200925~N1*PR*CO_TXIX*XV*7912900843~N3*P.O. BOX 30~N4*DENVER*CO*80201~PER*CX*MEDICAID PROVIDER SERVICES*TE*8442352387~PER*BL*MEDICAID PROVIDER SERVICES*TE*8442352387~N1*PE*HEALTH SOLUTIONS MED CENTER*XX*1508250911~REF*TJ*841158933~LX*1~CLP*000100033428*2*192.81*8.07**MC*2020266001819~NM1*QC*1*GREEN*DAVID*W***MR*N673974~NM1*82*1*GRONEMEYER*LEANNE*R***XX*1659521045~REF*EA*00C0FD9F2D9249F7A7C11BD3459B40CE~DTM*232*20200420~DTM*233*20200420~SVC*HC:G2012*55*2.28**1~DTM*472*20200420~CAS*OA*P22*52.72~REF*6R*CPS6GZEP378L~AMT*B6*2.28~LQ*HE*MA125~LQ*HE*MA125~SVC*HC:G0444*30.75*0**0**1~DTM*472*20200420~CAS*PI*5*30.75~REF*6R*CPS6JAM71L58~LQ*HE*M77~LQ*HE*M77~SVC*HC:G0396*107.06*5.79**1~DTM*472*20200420~CAS*OA*P22*101.27~REF*6R*CPS60NGDP6VR~AMT*B6*5.79~LQ*HE*MA125~LQ*HE*MA125~CLP*000100039489*2*178.3*8.93**MC*2020266001825~NM1*QC*1*JOHNSON*GEORGE*W***MR*O540732~NM1*82*1*GRONEMEYER*LEANNE*R***XX*1659521045~REF*EA*D014FB07EC8E489D9ABFF13E7AACC15B~DTM*232*20200820~DTM*233*20200820~SVC*HC:99213*178.3*8.93**1~DTM*472*20200820~CAS*CO*45*169.37~REF*6R*CPS612QF8W9J~AMT*B6*8.93~LQ*HE*N45~LQ*HE*N381~LQ*HE*N381~CLP*24711*2*201*0**MC*2220268007051~NM1*QC*1*RIOS*JUAN*J***MR*G056188~DTM*232*20191105~DTM*233*20191105~SVC*HC:99214:25*134*0**1~DTM*472*20191105~CAS*CO*45*36.89~CAS*OA*23*97.11~REF*HPI*1447291851~LQ*HE*N381~LQ*HE*N381~SVC*HC:G0008*32*0**1~DTM*472*20191105~CAS*OA*P22*32~REF*HPI*1447291851~LQ*HE*MA125~SVC*HC:90674*35*0**1~DTM*472*20191105~CAS*CO*45*35~REF*HPI*1447291851~LQ*HE*N381~CLP*26256*2*138*18.93**MC*2220268007320~NM1*QC*1*ROBINSON*CYNTHIA*M***MR*Y094818~DTM*232*20191204~DTM*233*20191204~SVC*HC:99214:25*134*18.93**1~DTM*472*20191204~CAS*CO*45*115.07~REF*HPI*1659521045~AMT*B6*18.93~LQ*HE*N381~LQ*HE*N381~SVC*HC:81002*4*0**1~DTM*472*20191204~CAS*CO*45*4~REF*HPI*1659521045~LQ*HE*N381~CLP*27028*2*194*37.13**MC*2220268008286~NM1*QC*1*SANCHEZ*JOSEPH*A***MR*G118632~DTM*232*20191219~DTM*233*20191219~SVC*HC:99214:25*134*9.79**1~DTM*472*20191219~CAS*CO*45*124.21~REF*HPI*1447291851~AMT*B6*9.79~LQ*HE*N381~LQ*HE*N381~SVC*HC:G0444*20*20**1~DTM*472*20191219~REF*HPI*1447291851~AMT*B6*20~SVC*HC:G0396*40*7.34**1~DTM*472*20191219~CAS*OA*P22*32.66~REF*HPI*1447291851~AMT*B6*7.34~LQ*HE*MA125~LQ*HE*MA125~CLP*000100039540*2*272.99*19**MC*2020266001828~NM1*QC*1*ZARATE*JOHN****MR*I805862~NM1*82*1*CADDALI*ESTRELLA*A***XX*1164974580~REF*EA*BD8F10A7305844CC98723E496EA39E95~DTM*232*20200821~DTM*233*20200821~SVC*HC:99214*272.99*19**1~DTM*472*20200821~CAS*CO*45*253.99~REF*6R*CPS65XIKNBO2~AMT*B6*19~LQ*HE*N45~LQ*HE*N381~LQ*HE*N381~CLP*000100040558*1*272.99*94.14*2*MC*2020268047391~NM1*QC*1*AMENDOLA*CATHERINE*L***MR*I798984~NM1*82*1*CADDALI*ESTRELLA*A***XX*1164974580~REF*EA*3E282C6C164B496E9D09A68D6D34E51D~DTM*232*20200915~DTM*233*20200915~SVC*HC:99214*272.99*94.14**1~DTM*472*20200915~CAS*PR*3*2~CAS*CO*45*176.85~REF*6R*CPUYK4IW6UHY~AMT*B6*96.14~LQ*HE*N45~LQ*HE*N381~LQ*HE*N381~CLP*000100040133*1*283.3*95.19**MC*2020268046756~NM1*QC*1*AMORIN*LORELY****MR*P650484~NM1*82*1*CADDALI*ESTRELLA*A***XX*1164974580~REF*EA*C401E2E0A1674C7B9C7D80709E512ECF~DTM*232*20200903~DTM*233*20200903~SVC*HC:99213:25*178.3*65.15**1~DTM*472*20200903~CAS*CO*45*113.15~REF*6R*CPUYVC8VSBJC~AMT*B6*65.15~LQ*HE*N45~LQ*HE*N381~SVC*HC:81025*15*8.34**1~DTM*472*20200903~CAS*CO*45*6.66~REF*6R*CPUYPC5SZBBP~AMT*B6*8.34~LQ*HE*N381~SVC*HC:H0049*50*10.81**1~DTM*472*20200903~CAS*CO*45*39.19~REF*6R*CPUYBUD714ZC~AMT*B6*10.81~LQ*HE*N381~SVC*HC:G8510*40*10.89**1~DTM*472*20200903~CAS*CO*45*29.11~REF*6R*CPUYSBISFF5W~AMT*B6*10.89~LQ*HE*N45~LQ*HE*N381~CLP*000100040224*1*290.09*108.57**MC*2020268046555~NM1*QC*1*ARCHULETA*DAVID*M***MR*D940730~NM1*82*1*TSAMBIKOS*RICHARD****XX*1467985713~REF*EA*61788F90681B4BE1A4E69397AB496245~DTM*232*20200908~DTM*233*20200908~SVC*HC:99214:25*272.99*96.14**1~DTM*472*20200908~CAS*CO*45*176.85~REF*6R*CPUYSAICE3PP~AMT*B6*96.14~LQ*HE*N45~LQ*HE*N381~SVC*HC:99406*17.1*12.43**1~DTM*472*20200908~CAS*CO*45*4.67~REF*6R*CPUY8GZCESXA~AMT*B6*12.43~LQ*HE*N45~LQ*HE*N381~CLP*000100037030*1*15*8.34**MC*2020268046580~NM1*QC*1*AVILA*KRISTA*M***MR*K943511~NM1*82*1*SEARLES*DENISE*A***XX*1396971230~REF*EA*3BC9208F6D2043DD9CB83FDBCFADDB62~DTM*232*20200701~DTM*233*20200701~SVC*HC:81025*15*8.34**1~DTM*472*20200701~CAS*CO*45*6.66~REF*6R*CPUM7KNULON9~AMT*B6*8.34~LQ*HE*N59~LQ*HE*N381~CLP*000100036758*1*15*8.42**MC*2020268046586~NM1*QC*1*AVILA*KRISTA*M***MR*K943511~NM1*82*1*SEARLES*DENISE*A***XX*1396971230~REF*EA*1B0B106BBF90491492013B1DFCC72D3B~DTM*232*20200625~DTM*233*20200625~SVC*HC:81025*15*8.42**1~DTM*472*20200625~CAS*CO*45*6.58~REF*6R*CPUMEK8KV0J5~AMT*B6*8.42~LQ*HE*N59~LQ*HE*N381~CLP*000100037533*1*15*7.34*1*MC*2020268046963~NM1*QC*1*AVILA*SHANNA****MR*K598901~NM1*82*1*GRONEMEYER*LEANNE*R***XX*1659521045~REF*EA*41DE570C543A49DB8B8ADB9FA41B55BB~DTM*232*20200714~DTM*233*20200714~SVC*HC:81025*15*7.34**1~DTM*472*20200714~CAS*PR*3*1~CAS*CO*45*6.66~REF*6R*CPUMIWS6OEPM~AMT*B6*8.34~LQ*HE*N77~LQ*HE*N381~LQ*HE*N381~CLP*000100039860*1*298.3*95.05**MC*2020268047164~NM1*QC*1*BACA JR*ANTHONY*J***MR*Q976499~NM1*74*1*BACA~NM1*82*1*TSAMBIKOS*RICHARD****XX*1467985713~REF*EA*582C588692004199B9B2790D90ED183D~DTM*232*20200828~DTM*233*20200828~SVC*HC:99213:25*178.3*65.15**1~DTM*472*20200828~CAS*CO*45*113.15~REF*6R*CPUYPDSSKTUB~AMT*B6*65.15~LQ*HE*N45~LQ*HE*N381~SVC*HC:11300:51*120*29.9**1~DTM*472*20200828~CAS*CO*45*90.1~REF*6R*CPUY983GI078~AMT*B6*29.9~LQ*HE*N381~LQ*HE*N381~CLP*000100040154*1*362.99*137.16**MC*2020268047442~NM1*QC*1*BACA*RUBEN*A***MR*Y047437~NM1*82*1*CADDALI*ESTRELLA*A***XX*1164974580~REF*EA*DA98A819EF584E55817AAB4E4AF88EAD~DTM*232*20200903~DTM*233*20200903~SVC*HC:99214:25*272.99*96.14**1~DTM*472*20200903~CAS*CO*45*176.85~REF*6R*CPUYTX3WJVKV~AMT*B6*96.14~LQ*HE*N45~LQ*HE*N381~SVC*HC:H0049*50*10.81**1~DTM*472*20200903~CAS*CO*45*39.19~REF*6R*CPUY0P5RJ4XP~AMT*B6*10.81~LQ*HE*N381~SVC*HC:G8431*40*30.21**1~DTM*472*20200903~CAS*CO*45*9.79~REF*6R*CPUYO2PMHHW9~AMT*B6*30.21~LQ*HE*N45~LQ*HE*N381~CLP*000100040586*1*272.99*96.14**MC*2020268046436~NM1*QC*1*BAIRD*ASHLYNN****MR*G563172~NM1*82*1*TSAMBIKOS*RICHARD****XX*1467985713~REF*EA*E4FAE07B1B66461F8BDF1FCDF20856ED~DTM*232*20200915~DTM*233*20200915~SVC*HC:99214*272.99*96.14**1~DTM*472*20200915~CAS*CO*45*176.85~REF*6R*CPUYX3QA6HK5~AMT*B6*96.14~LQ*HE*N45~LQ*HE*N381~CLP*000100037723*1*40*30.21**MC*2020268046362~NM1*QC*1*BERRY*JENNIFER****MR*O283085~NM1*82*1*SEARLES*DENISE*A***XX*1396971230~REF*EA*F5C8C567A8AE4254A55CC6F046D47B79~DTM*232*20200717~DTM*233*20200717~SVC*HC:G8431*40*30.21**1~DTM*472*20200717~CAS*CO*45*9.79~REF*6R*CPUMNHYKJ1VQ~AMT*B6*30.21~LQ*HE*N77~LQ*HE*N45~LQ*HE*N381~CLP*000100037723*1*15*7.34*1*MC*2020268046372~NM1*QC*1*BERRY*JENNIFER****MR*O283085~NM1*82*1*SEARLES*DENISE*A***XX*1396971230~REF*EA*0462A88E14BB4310A5BFD6707F8188EE~DTM*232*20200717~DTM*233*20200717~SVC*HC:81025*15*7.34**1~DTM*472*20200717~CAS*PR*3*1~CAS*CO*45*6.66~REF*6R*CPUMY1W6IP16~AMT*B6*8.34~LQ*HE*N381~LQ*HE*N381~CLP*000100032641*1*15*8.42**MC*2020268046397~NM1*QC*1*BOULIER*JEWEL*R***MR*W913486~NM1*82*1*SEARLES*DENISE*A***XX*1396971230~REF*EA*6FE8C588EC894C0189B55E15A0399C29~DTM*232*20200402~DTM*233*20200402~SVC*HC:81025*15*8.42**1~DTM*472*20200402~CAS*CO*45*6.58~REF*6R*CPUYV954IZ1G~AMT*B6*8.42~LQ*HE*N59~LQ*HE*N381~CLP*000100040569*1*178.3*65.15**MC*2020268046414~NM1*QC*1*BOULIER*JEWEL*R***MR*W913486~NM1*82*1*CADDALI*ESTRELLA*A***XX*1164974580~REF*EA*208F0CC7945B42ACA9F4D93773629DD9~DTM*232*20200915~DTM*233*20200915~SVC*HC:99213*178.3*65.15**1~DTM*472*20200915~CAS*CO*45*113.15~REF*6R*CPUY3Q1BHIET~AMT*B6*65.15~LQ*HE*N45~LQ*HE*N381~CLP*000100040610*1*272.99*94.14*2*MC*2020268047425~NM1*QC*1*BOYER*KRISSY*M***MR*P863345~NM1*82*1*TSAMBIKOS*RICHARD****XX*1467985713~REF*EA*F5A8A05248074D5880B16F9FFC08F359~DTM*232*20200915~DTM*233*20200915~SVC*HC:99214*272.99*94.14**1~DTM*472*20200915~CAS*PR*3*2~CAS*CO*45*176.85~REF*6R*CPUYRRXCQ1A4~AMT*B6*96.14~LQ*HE*N45~LQ*HE*N381~LQ*HE*N381~CLP*000100040406*1*178.3*65.15**MC*2020268046796~NM1*QC*1*BRANDT*RONALD*J***MR*J865988~NM1*82*1*GRONEMEYER*LEANNE*R***XX*1659521045~REF*EA*D6CE1BDA4217482C8B34432B54034F47~DTM*232*20200910~DTM*233*20200910~SVC*HC:99213*178.3*65.15**1~DTM*472*20200910~CAS*CO*45*113.15~REF*6R*CPUYW0N9WGQK~AMT*B6*65.15~LQ*HE*N45~LQ*HE*N381~CLP*000100039850*1*357.99*117**MC*2020268046111~NM1*QC*1*CHATMAN*BRITTANY*C***MR*Y447314~NM1*82*1*TSAMBIKOS*RICHARD****XX*1467985713~REF*EA*8AB5519322D3458FA6D74B73D93BC495~DTM*232*20200828~DTM*233*20200828~SVC*HC:99214:25*272.99*96.14**1~DTM*472*20200828~CAS*CO*45*176.85~REF*6R*CPUY4LVP0ME4~AMT*B6*96.14~LQ*HE*N45~LQ*HE*N381~SVC*HC:11740:51*85*20.86**1~DTM*472*20200828~CAS*CO*45*64.14~REF*6R*CPUY16DXK9XM~AMT*B6*20.86~LQ*HE*N381~LQ*HE*N381~CLP*000100040378*1*178.3*65.15**MC*2020268046612~NM1*QC*1*CHAVEZ*CLAYTON*J***MR*H783417~NM1*82*1*CADDALI*ESTRELLA*A***XX*1164974580~REF*EA*6C0EC746E5BE44CD8705E38BB695E8E6~DTM*232*20200910~DTM*233*20200910~SVC*HC:99213*178.3*65.15**1~DTM*472*20200910~CAS*CO*45*113.15~REF*6R*CPUYQ44UQQRU~AMT*B6*65.15~LQ*HE*N45~LQ*HE*N381~CLP*000100040165*1*178.3*65.15**MC*2020268047083~NM1*QC*1*CHAVEZ*MONIQUE*L***MR*K568938~NM1*82*1*TSAMBIKOS*RICHARD****XX*1467985713~REF*EA*94A7222927D64CC48E16C1EF8C57B890~DTM*232*20200903~DTM*233*20200903~SVC*HC:99213*178.3*65.15**1~DTM*472*20200903~CAS*CO*45*113.15~REF*6R*CPUYZ3DOIFCI~AMT*B6*65.15~LQ*HE*N45~LQ*HE*N381~CLP*000100039526*1*1428.97*176.09**MC*2020268047101~NM1*QC*1*CHAVEZ*MONIQUE*L***MR*K568938~NM1*82*1*TSAMBIKOS*RICHARD****XX*1467985713~REF*EA*C3C8AC74F2994207B16874C9F6BF267F~DTM*232*20200821~DTM*233*20200821~SVC*HC:99214:25*818.97*96.14**1**3~DTM*472*20200821~CAS*CO*45*530.55~CAS*PI*119*192.28*2~REF*6R*CPUYI9ITY38Q~AMT*B6*96.14~LQ*HE*N45~LQ*HE*N362~LQ*HE*N381~SVC*HC:11402:51*210*20.86**1~DTM*472*20200821~CAS*CO*45*189.14~REF*6R*CPUY7OIR7NK7~AMT*B6*20.86~LQ*HE*N381~LQ*HE*N381~SVC*HC:12032:51*400*59.09**1~DTM*472*20200821~CAS*CO*45*340.91~REF*6R*CPUYE7XFVGCD~AMT*B6*59.09~LQ*HE*N381~LQ*HE*N381~CLP*000100040405*1*178.3*65.15**MC*2020268046280~NM1*QC*1*CORDOVA*JAMES****MR*A394790~NM1*82*1*GRONEMEYER*LEANNE*R***XX*1659521045~REF*EA*FD21C3B6CAFC41C6BB13A1FED72FB42B~DTM*232*20200910~DTM*233*20200910~SVC*HC:99213*178.3*65.15**1~DTM*472*20200910~CAS*CO*45*113.15~REF*6R*CPUY1NLTY2GR~AMT*B6*65.15~LQ*HE*N45~LQ*HE*N381~CLP*000100037021*1*94*25.07**MC*2020268046695~NM1*QC*1*CRITES*DAVID*T***MR*P251060~NM1*82*1*GRONEMEYER*LEANNE*R***XX*1659521045~REF*EA*AA9C7BFC3EB14DE6833F49B533584AC9~DTM*232*20200701~DTM*233*20200701~SVC*HC:H0049*50*10.81**1~DTM*472*20200701~CAS*CO*45*39.19~REF*6R*CPUMQOBR5S6Y~AMT*B6*10.81~LQ*HE*N59~LQ*HE*N381~SVC*HC:G8510*40*10.89**1~DTM*472*20200701~CAS*CO*45*29.11~REF*6R*CPUMSWDI8EOW~AMT*B6*10.89~LQ*HE*N59~LQ*HE*N45~LQ*HE*N381~SVC*HC:81002*4*3.37**1~DTM*472*20200701~CAS*CO*45*.63~REF*6R*CPUM6IW292V9~AMT*B6*3.37~LQ*HE*N59~LQ*HE*N381~CLP*000100040216*1*178.3*63.15*2*MC*2020268047311~NM1*QC*1*DIAZ*DOMINIC*M***MR*U857412~NM1*82*1*CADDALI*ESTRELLA*A***XX*1164974580~REF*EA*FFCEEA8F25934DB2A6EF9BB99F3BE145~DTM*232*20200908~DTM*233*20200908~SVC*HC:99213*178.3*63.15**1~DTM*472*20200908~CAS*PR*3*2~CAS*CO*45*113.15~REF*6R*CPUYIJ0UHZUE~AMT*B6*65.15~LQ*HE*N45~LQ*HE*N381~LQ*HE*N381~CLP*000100037311*1*4*3.37**MC*2020268047331~NM1*QC*1*DIAZ*DOMINIC*M***MR*U857412~NM1*82*1*GRONEMEYER*LEANNE*R***XX*1659521045~REF*EA*5C66B140489C4275933F105AB6D468BD~DTM*232*20200709~DTM*233*20200709~SVC*HC:81002*4*3.37**1~DTM*472*20200709~CAS*CO*45*.63~REF*6R*CPUM04BTCXHH~AMT*B6*3.37~LQ*HE*N59~LQ*HE*N381~CLP*000100032935*1*178.3*65.81**MC*2020268047333~NM1*QC*1*DIAZ*DOMINIC*M***MR*U857412~NM1*82*1*GRONEMEYER*LEANNE*R***XX*1659521045~REF*EA*3FF50E0917BB441EA75DCE7CB1A02633~DTM*232*20200408~DTM*233*20200408~SVC*HC:99213*178.3*65.81**1~DTM*472*20200408~CAS*CO*45*112.49~REF*6R*CPU68MMJ8X75~AMT*B6*65.81~LQ*HE*N381~CLP*000100038840*1*19*11.71**MC*2020268046256~NM1*QC*1*EHLERS*DESIREE*F***MR*P131523~NM1*82*1*HOOSHMAND-PARSI*KAYHOSROW****XX*1447291851~REF*EA*8E53C8EFDCBE44B1B877397958E16059~DTM*232*20200810~DTM*233*20200810~SVC*HC:81025*15*8.34**1~DTM*472*20200810~CAS*CO*45*6.66~REF*6R*CPUM9H0QF7KE~AMT*B6*8.34~LQ*HE*N59~LQ*HE*N381~SVC*HC:81002*4*3.37**1~DTM*472*20200810~CAS*CO*45*.63~REF*6R*CPUM2ORO1EDA~AMT*B6*3.37~LQ*HE*N59~LQ*HE*N381~CLP*000100031968*1*15*8.42**MC*2020268046075~NM1*QC*1*ELZY*BETHANY****MR*U829312~NM1*82*1*HOOSHMAND-PARSI*KAYHOSROW****XX*1447291851~REF*EA*89AF8D18055F49A8A663615A01E0B29D~DTM*232*20200323~DTM*233*20200323~SVC*HC:81025*15*8.42**1~DTM*472*20200323~CAS*CO*45*6.58~REF*6R*CPUYKIZJRLIU~AMT*B6*8.42~LQ*HE*N59~LQ*HE*N381~CLP*000100040462*1*178.3*65.15**MC*2020268046591~NM1*QC*1*ESQUIBEL*SANTINO****MR*Y798815~NM1*82*1*CADDALI*ESTRELLA*A***XX*1164974580~REF*EA*9E57D60B58504C89AE33D54BEA1B00AF~DTM*232*20200911~DTM*233*20200911~SVC*HC:99213*178.3*65.15**1~DTM*472*20200911~CAS*CO*45*113.15~REF*6R*CPUYCI6QOVT3~AMT*B6*65.15~LQ*HE*N45~LQ*HE*N381~CLP*000100040344*1*272.99*94.14*2*MC*2020268045981~NM1*QC*1*FIENE*ALAURA****MR*G541414~NM1*82*1*TSAMBIKOS*RICHARD****XX*1467985713~REF*EA*0B5E0E6A5E3C4BF1AE126C13EBDE7511~DTM*232*20200909~DTM*233*20200909~SVC*HC:99214*272.99*94.14**1~DTM*472*20200909~CAS*PR*3*2~CAS*CO*45*176.85~REF*6R*CPUYAVFTCTNX~AMT*B6*96.14~LQ*HE*N45~LQ*HE*N381~LQ*HE*N381~CLP*000100039853*1*367.99*177.56*2*MC*2020268045994~NM1*QC*1*FIENE*ALAURA****MR*G541414~NM1*82*1*TSAMBIKOS*RICHARD****XX*1467985713~REF*EA*E0D3D092D32B43009AA465503A195772~DTM*232*20200828~DTM*233*20200828~SVC*HC:99214:25*272.99*94.14**1~DTM*472*20200828~CAS*PR*3*2~CAS*CO*45*176.85~REF*6R*CPUYVY3JWYRT~AMT*B6*96.14~LQ*HE*N45~LQ*HE*N381~LQ*HE*N381~SVC*HC:11750*95*83.42**1~DTM*472*20200828~CAS*CO*45*11.58~REF*6R*CPUY0XKO2Q8U~AMT*B6*83.42~LQ*HE*N381~LQ*HE*N381~CLP*000100037582*1*15*8.34**MC*2020268046019~NM1*QC*1*FIORINI*CHRISTENA*E***MR*Y109693~NM1*82*1*GRONEMEYER*LEANNE*R***XX*1659521045~REF*EA*195F419AAFEF46C488CF17DA6DE9B3BC~DTM*232*20200715~DTM*233*20200715~SVC*HC:81025*15*8.34**1~DTM*472*20200715~CAS*CO*45*6.66~REF*6R*CPUMHQIIAXXP~AMT*B6*8.34~LQ*HE*N59~LQ*HE*N381~CLP*000100040325*1*261.83*104.73**MC*2020268047285~NM1*QC*1*FLORES*JOE*F***MR*P507699~NM1*82*1*CADDALI*ESTRELLA*A***XX*1164974580~REF*EA*486EA9D39A604ED298AF565B0B70DD58~DTM*232*20200909~DTM*233*20200909~SVC*HC:99213:25*178.3*65.15**1~DTM*472*20200909~CAS*CO*45*113.15~REF*6R*CPUYSE9T4R4U~AMT*B6*65.15~LQ*HE*N45~LQ*HE*N381~SVC*HC:90471*53.53*19.27**1~DTM*472*20200909~CAS*CO*45*34.26~REF*6R*CPUYIIJ0VYDM~AMT*B6*19.27~LQ*HE*N45~LQ*HE*N381~SVC*HC:90756*30*20.31**1~DTM*472*20200909~CAS*CO*45*9.69~REF*6R*CPUY9TEUJSUL~AMT*B6*20.31~LQ*HE*N381~CLP*000100036381*1*4*3.4**MC*2020268047237~NM1*QC*1*FRANKMORE*CONNER****MR*G888118~NM1*82*1*GRONEMEYER*LEANNE*R***XX*1659521045~REF*EA*1C5CE143C73E4F859975730E534B7650~DTM*232*20200617~DTM*233*20200617~SVC*HC:81002*4*3.4**1~DTM*472*20200617~CAS*CO*45*.6~REF*6R*CPUMG9KM1IYL~AMT*B6*3.4~LQ*HE*N59~LQ*HE*N381~CLP*000100036691*1*4*3.4**MC*2020268047245~NM1*QC*1*FRANKMORE*CONNER****MR*G888118~NM1*82*1*GRONEMEYER*LEANNE*R***XX*1659521045~REF*EA*B8C16994053A4C62B3A4050235564008~DTM*232*20200624~DTM*233*20200624~SVC*HC:81002*4*3.4**1~DTM*472*20200624~CAS*CO*45*.6~REF*6R*CPUM65AFB6WO~AMT*B6*3.4~LQ*HE*N59~LQ*HE*N381~CLP*000100038676*1*1808.3*1257.8**MC*2020268047262~NM1*QC*1*GARCIA*JEREMY*D***MR*F687719~NM1*82*1*SEARLES*DENISE*A***XX*1396971230~REF*EA*707A299DE00442E09105BD8C2CFB9841~DTM*232*20200805~DTM*233*20200805~SVC*HC:J2315*1805*1257.8**380~DTM*472*20200805~CAS*CO*45*547.2~REF*6R*CPUM9WRD210M~AMT*B6*1257.8~LQ*HE*N77~LQ*HE*N381~SVC*HC:36415*3.3*0**0**1~DTM*472*20200805~CAS*PI*5*3.3~REF*6R*CPUMJRFTYY1U~LQ*HE*N77~LQ*HE*M77~LQ*HE*M77~CLP*000100037809*1*1860*1296.35**MC*2020268047297~NM1*QC*1*GARCIA*TERRI*L***MR*D571618~NM1*82*1*HOOSHMAND-PARSI*KAYHOSROW****XX*1447291851~REF*EA*F0EF929C0FAB4C73B1CB769E703E1CC9~DTM*232*20200720~DTM*233*20200720~SVC*HC:J2315*1805*1257.8**380~DTM*472*20200720~CAS*CO*45*547.2~REF*6R*CPUMS30QB8YE~AMT*B6*1257.8~LQ*HE*N59~LQ*HE*N381~SVC*HC:81025*15*8.34**1~DTM*472*20200720~CAS*CO*45*6.66~REF*6R*CPUMB6ZRHIE7~AMT*B6*8.34~LQ*HE*N59~LQ*HE*N381~SVC*HC:G8431*40*30.21**1~DTM*472*20200720~CAS*CO*45*9.79~REF*6R*CPUM62K4GI7N~AMT*B6*30.21~LQ*HE*N59~LQ*HE*N45~LQ*HE*N381~CLP*000100037581*1*4*2.37*1*MC*2020268047198~NM1*QC*1*GIERHART*JAMES*T***MR*G669412~NM1*82*1*GRONEMEYER*LEANNE*R***XX*1659521045~REF*EA*B7084C0BF0BF4A70972FB5C080FEF884~DTM*232*20200715~DTM*233*20200715~SVC*HC:81002*4*2.37**1~DTM*472*20200715~CAS*PR*3*1~CAS*CO*45*.63~REF*6R*CPUMBMCSM42X~AMT*B6*3.37~LQ*HE*N59~LQ*HE*N381~LQ*HE*N381~CLP*000100037283*1*4*2.37*1*MC*2020268047210~NM1*QC*1*GIERHART*JAMES*T***MR*G669412~NM1*82*1*GRONEMEYER*LEANNE*R***XX*1659521045~REF*EA*90257D98DBB64F29B7A0456CD3E1A517~DTM*232*20200708~DTM*233*20200708~SVC*HC:81002*4*2.37**1~DTM*472*20200708~CAS*PR*3*1~CAS*CO*45*.63~REF*6R*CPUMV9PNNX50~AMT*B6*3.37~LQ*HE*N59~LQ*HE*N381~LQ*HE*N381~CLP*000100039695*1*1860*1277.03**MC*2020268046880~NM1*QC*1*GONZALES*CRYSTAL*D***MR*M921754~NM1*82*1*SEARLES*DENISE*A***XX*1396971230~REF*EA*A96E81D7CC414D688AC1DB35ECE8CD34~DTM*232*20200826~DTM*233*20200826~SVC*HC:81025*15*8.34**1~DTM*472*20200826~CAS*CO*45*6.66~REF*6R*CPUMTG2QO3C7~AMT*B6*8.34~LQ*HE*N59~LQ*HE*N381~SVC*HC:J2315*1805*1257.8**380~DTM*472*20200826~CAS*CO*45*547.2~REF*6R*CPUMKGPFLD55~AMT*B6*1257.8~LQ*HE*N59~LQ*HE*N381~SVC*HC:G8510*40*10.89**1~DTM*472*20200826~CAS*CO*45*29.11~REF*6R*CPUMG3519X2W~AMT*B6*10.89~LQ*HE*N59~LQ*HE*N45~LQ*HE*N381~CLP*000100037819*1*15*7.34*1*MC*2020268047184~NM1*QC*1*GUERRERO*SONYA*M***MR*S127505~NM1*82*1*HOOSHMAND-PARSI*KAYHOSROW****XX*1447291851~REF*EA*C5D58B82F92842E4A7C324665807F2AB~DTM*232*20200720~DTM*233*20200720~SVC*HC:81025*15*7.34**1~DTM*472*20200720~CAS*PR*3*1~CAS*CO*45*6.66~REF*6R*CPUM6G2AYX57~AMT*B6*8.34~LQ*HE*N59~LQ*HE*N381~LQ*HE*N381~CLP*000100040409*1*178.3*65.15**MC*2020268047215~NM1*QC*1*HADDAN*SHAWNA****MR*V379838~NM1*82*1*GRONEMEYER*LEANNE*R***XX*1659521045~REF*EA*9B6B80F6C9954309A14996BE86B76012~DTM*232*20200910~DTM*233*20200910~SVC*HC:99213*178.3*65.15**1~DTM*472*20200910~CAS*CO*45*113.15~REF*6R*CPUYTH39I7NO~AMT*B6*65.15~LQ*HE*N45~LQ*HE*N381~CLP*000100040583*1*266.83*104.73**MC*2020268046312~NM1*QC*1*HARRIS*ANGELA****MR*J327161~NM1*82*1*CADDALI*ESTRELLA*A***XX*1164974580~REF*EA*A2CDD528E47647C2AA200FB004691693~DTM*232*20200915~DTM*233*20200915~SVC*HC:99213:25*178.3*65.15**1~DTM*472*20200915~CAS*CO*45*113.15~REF*6R*CPUYH4NA88TW~AMT*B6*65.15~LQ*HE*N45~LQ*HE*N381~SVC*HC:90471*53.53*19.27**1~DTM*472*20200915~CAS*CO*45*34.26~REF*6R*CPUYIEAWRBIU~AMT*B6*19.27~LQ*HE*N45~LQ*HE*N381~SVC*HC:90756*35*20.31**1~DTM*472*20200915~CAS*CO*45*14.69~REF*6R*CPUY0ZK3I3NM~AMT*B6*20.31~LQ*HE*N381~CLP*000100040656*1*178.3*63.15*2*MC*2020268046450~NM1*QC*1*HELM*KARA*A***MR*O558457~NM1*82*1*CADDALI*ESTRELLA*A***XX*1164974580~REF*EA*DDB2B6874059437CAA1C207E7B336BB8~DTM*232*20200916~DTM*233*20200916~SVC*HC:99213*178.3*63.15**1~DTM*472*20200916~CAS*PR*3*2~CAS*CO*45*113.15~REF*6R*CPUY3HQ57KWS~AMT*B6*65.15~LQ*HE*N45~LQ*HE*N381~LQ*HE*N381~CLP*000100039856*1*1845*1268.69**MC*2020268047154~NM1*QC*1*HELVEY*RYAN*J***MR*N690416~NM1*82*1*SEARLES*DENISE*A***XX*1396971230~REF*EA*A8A5D0E47F5F45A584F87E105A5B6DD5~DTM*232*20200828~DTM*233*20200828~SVC*HC:J2315*1805*1257.8**380~DTM*472*20200828~CAS*CO*45*547.2~REF*6R*CPUMWHGY7RAH~AMT*B6*1257.8~LQ*HE*N59~LQ*HE*N381~SVC*HC:G8510*40*10.89**1~DTM*472*20200828~CAS*CO*45*29.11~REF*6R*CPUMKBYAG9GC~AMT*B6*10.89~LQ*HE*N59~LQ*HE*N45~LQ*HE*N381~CLP*000100040190*1*646.6*266.07**MC*2020268045938~NM1*QC*1*HORNE*CHELSEA****MR*U117874~NM1*82*1*TSAMBIKOS*RICHARD****XX*1467985713~REF*EA*AD7224A5C4BF4C9394510847A35D3B43~DTM*232*20200908~DTM*233*20200908~SVC*HC:99204:25:FP*450.07*182.18**1~DTM*472*20200908~CAS*CO*45*267.89~REF*6R*CPUYEFD68NKH~AMT*B6*182.18~LQ*HE*N45~LQ*HE*N381~SVC*HC:90471*53.53*19.27**1~DTM*472*20200908~CAS*CO*45*34.26~REF*6R*CPUY8YDDAQHW~AMT*B6*19.27~LQ*HE*N45~LQ*HE*N381~SVC*HC:90715*53*42.92**1~DTM*472*20200908~CAS*CO*45*10.08~REF*6R*CPUYIUBVUM3K~AMT*B6*42.92~LQ*HE*N381~SVC*HC:H0049*50*10.81**1~DTM*472*20200908~CAS*CO*45*39.19~REF*6R*CPUYR952S7QJ~AMT*B6*10.81~LQ*HE*N381~SVC*HC:G8510*40*10.89**1~DTM*472*20200908~CAS*CO*45*29.11~REF*6R*CPUY0DU7OLGS~AMT*B6*10.89~LQ*HE*N45~LQ*HE*N381~CLP*000100040419*1*1381.33*1099.84**MC*2020268045965~NM1*QC*1*HORNE*CHELSEA****MR*U117874~NM1*82*1*TSAMBIKOS*RICHARD****XX*1467985713~REF*EA*5FC394CBEE734A158866FB413E8FC374~DTM*232*20200910~DTM*233*20200910~SVC*HC:99214:25:FP*272.99*118.45**1~DTM*472*20200910~CAS*CO*45*154.54~REF*6R*CPUYIGFVEC97~AMT*B6*118.45~LQ*HE*N45~LQ*HE*N381~SVC*HC:11981:FP*273.34*153.05**1~DTM*472*20200910~CAS*CO*45*120.29~REF*6R*CPUYTSDCN3IT~AMT*B6*153.05~LQ*HE*N45~LQ*HE*N381~LQ*HE*N381~SVC*HC:J7307:FP*820*820**1~DTM*472*20200910~REF*6R*CPUYTS5TEZ6N~AMT*B6*820~SVC*HC:81025:FP*15*8.34**1~DTM*472*20200910~CAS*CO*45*6.66~REF*6R*CPUYYP7OJ6N8~AMT*B6*8.34~LQ*HE*N381~CLP*000100040415*1*272.99*96.14**MC*2020268047026~NM1*QC*1*JOHNSON*NORA****MR*J694925~NM1*82*1*GRONEMEYER*LEANNE*R***XX*1659521045~REF*EA*1EE5817AFEFC43A3B6C31A6F394C5268~DTM*232*20200910~DTM*233*20200910~SVC*HC:99214*272.99*96.14**1~DTM*472*20200910~CAS*CO*45*176.85~REF*6R*CPUYZDLGH23S~AMT*B6*96.14~LQ*HE*N45~LQ*HE*N381~CLP*000100030495*1*15*8.42**MC*2020268046630~NM1*QC*1*JOHNSON*TIFFANY*S***MR*L497210~NM1*82*1*HOOSHMAND-PARSI*KAYHOSROW****XX*1447291851~REF*EA*9BD2D439CCBD41DEBEF4D767B2BD0F72~DTM*232*20200225~DTM*233*20200225~SVC*HC:81025*15*8.42**1~DTM*472*20200225~CAS*CO*45*6.58~REF*6R*CPTA6KKT4EMJ~AMT*B6*8.42~LQ*HE*N293~LQ*HE*N59~LQ*HE*N381~CLP*000100037791*1*15*8.34**MC*2020268046639~NM1*QC*1*JOHNSON*TIFFANY*S***MR*L497210~NM1*82*1*HOOSHMAND-PARSI*KAYHOSROW****XX*1447291851~REF*EA*0F7B910E1D0041F5BC8A8C313CBA3521~DTM*232*20200720~DTM*233*20200720~SVC*HC:81025*15*8.34**1~DTM*472*20200720~CAS*CO*45*6.66~REF*6R*CPUMCIJAJX8I~AMT*B6*8.34~LQ*HE*N59~LQ*HE*N381~CLP*000100030807*1*15*8.42**MC*2020268046642~NM1*QC*1*JOHNSON*TIFFANY*S***MR*L497210~NM1*82*1*HOOSHMAND-PARSI*KAYHOSROW****XX*1447291851~REF*EA*0FD5B6F39D3849A9A5856725050EE033~DTM*232*20200302~DTM*233*20200302~SVC*HC:81025*15*8.42**1~DTM*472*20200302~CAS*CO*45*6.58~REF*6R*CPTALVVQ4G57~AMT*B6*8.42~LQ*HE*N59~LQ*HE*N381~CLP*000100035557*1*15*8.42**MC*2020268046648~NM1*QC*1*JOHNSON*TIFFANY*S***MR*L497210~NM1*82*1*HOOSHMAND-PARSI*KAYHOSROW****XX*1447291851~REF*EA*24428642A98B447FB871672BB522D925~DTM*232*20200601~DTM*233*20200601~SVC*HC:81025*15*8.42**1~DTM*472*20200601~CAS*CO*45*6.58~REF*6R*CPUMO5DKNY3G~AMT*B6*8.42~LQ*HE*N59~LQ*HE*N381~CLP*000100031993*1*15*8.42**MC*2020268046655~NM1*QC*1*JOHNSON*TIFFANY*S***MR*L497210~NM1*82*1*HOOSHMAND-PARSI*KAYHOSROW****XX*1447291851~REF*EA*913D40F89799464384B26A2F411ECE9B~DTM*232*20200323~DTM*233*20200323~SVC*HC:81025*15*8.42**1~DTM*472*20200323~CAS*CO*45*6.58~REF*6R*CPUM41P0YOJ1~AMT*B6*8.42~LQ*HE*N59~LQ*HE*N381~CLP*000100031214*1*15*8.42**MC*2020268046658~NM1*QC*1*JOHNSON*TIFFANY*S***MR*L497210~NM1*82*1*HOOSHMAND-PARSI*KAYHOSROW****XX*1447291851~REF*EA*A4504BAD66D7489D9B2480AA48D92E93~DTM*232*20200309~DTM*233*20200309~SVC*HC:81025*15*8.42**1~DTM*472*20200309~CAS*CO*45*6.58~REF*6R*CPTAEI672FD7~AMT*B6*8.42~LQ*HE*N59~LQ*HE*N381~CLP*000100031597*1*15*8.42**MC*2020268046661~NM1*QC*1*JOHNSON*TIFFANY*S***MR*L497210~NM1*82*1*HOOSHMAND-PARSI*KAYHOSROW****XX*1447291851~REF*EA*8A32E28DE21A4E1ABBC648026265FDC9~DTM*232*20200316~DTM*233*20200316~SVC*HC:81025*15*8.42**1~DTM*472*20200316~CAS*CO*45*6.58~REF*6R*CPTAHYHYDC2V~AMT*B6*8.42~LQ*HE*N59~LQ*HE*N381~CLP*000100040062*1*351.83*124.43*2*MC*2020268046568~NM1*QC*1*LEWIS*CYNTHIA*L***MR*P250034~NM1*82*1*HOOSHMAND-PARSI*KAYHOSROW****XX*1447291851~REF*EA*622D965312A9465E922B0D23B3F22861~DTM*232*20200902~DTM*233*20200902~SVC*HC:99213:25*178.3*63.15**1~DTM*472*20200902~CAS*PR*3*2~CAS*CO*45*113.15~REF*6R*CPUYE22TBVZE~AMT*B6*65.15~LQ*HE*N45~LQ*HE*N381~LQ*HE*N381~SVC*HC:90471*53.53*19.27**1~DTM*472*20200902~CAS*CO*45*34.26~REF*6R*CPUYELNYJ69C~AMT*B6*19.27~LQ*HE*N45~LQ*HE*N381~SVC*HC:90756*30*20.31**1~DTM*472*20200902~CAS*CO*45*9.69~REF*6R*CPUYWIIDTYS7~AMT*B6*20.31~LQ*HE*N381~SVC*HC:H0049*50*10.81**1~DTM*472*20200902~CAS*CO*45*39.19~REF*6R*CPUY3PYBHAW0~AMT*B6*10.81~LQ*HE*N381~SVC*HC:G8510*40*10.89**1~DTM*472*20200902~CAS*CO*45*29.11~REF*6R*CPUY2W87WU1C~AMT*B6*10.89~LQ*HE*N45~LQ*HE*N381~CLP*000100040063*1*1845*1268.69**MC*2020268046053~NM1*QC*1*LINDSAY SANDERS*SHABREA*D***MR*Q818873~NM1*74*1*LINDSAYSANDERS~NM1*82*1*SEARLES*DENISE*A***XX*1396971230~REF*EA*1195B9DE060B4E619506AA68ED1AD9D8~DTM*232*20200902~DTM*233*20200902~SVC*HC:J2315*1805*1257.8**380~DTM*472*20200902~CAS*CO*45*547.2~REF*6R*CPUM0GROH2YD~AMT*B6*1257.8~LQ*HE*N59~LQ*HE*N381~SVC*HC:G8510*40*10.89**1~DTM*472*20200902~CAS*CO*45*29.11~REF*6R*CPUM8XE68WOV~AMT*B6*10.89~LQ*HE*N59~LQ*HE*N45~LQ*HE*N381~CLP*000100040592*1*268.3*106.17**MC*2020268047007~NM1*QC*1*LOPEZ*ALEX*A***MR*Y991632~NM1*82*1*CADDALI*ESTRELLA*A***XX*1164974580~REF*EA*D3CAF938EBB84977ACC9B9A391E825D9~DTM*232*20200915~DTM*233*20200915~SVC*HC:99213:25*178.3*65.15**1~DTM*472*20200915~CAS*CO*45*113.15~REF*6R*CPUYPHFQJ0Q1~AMT*B6*65.15~LQ*HE*N45~LQ*HE*N381~SVC*HC:H0049*50*10.81**1~DTM*472*20200915~CAS*CO*45*39.19~REF*6R*CPUYRUI6D6A7~AMT*B6*10.81~LQ*HE*N381~SVC*HC:G8431*40*30.21**1~DTM*472*20200915~CAS*CO*45*9.79~REF*6R*CPUY876JOY0V~AMT*B6*30.21~LQ*HE*N45~LQ*HE*N381~CLP*000100040492*1*362.99*117.84**MC*2020268046887~NM1*QC*1*LOVATO*JOHN****MR*C530359~NM1*82*1*GRONEMEYER*LEANNE*R***XX*1659521045~REF*EA*B7351D6F543F45189EDBC5249C90E3E7~DTM*232*20200914~DTM*233*20200914~SVC*HC:99214:25*272.99*96.14**1~DTM*472*20200914~CAS*CO*45*176.85~REF*6R*CPUYA0LU447M~AMT*B6*96.14~LQ*HE*N45~LQ*HE*N381~SVC*HC:H0049*50*10.81**1~DTM*472*20200914~CAS*CO*45*39.19~REF*6R*CPUYL9JLB3E5~AMT*B6*10.81~LQ*HE*N381~SVC*HC:G8510*40*10.89**1~DTM*472*20200914~CAS*CO*45*29.11~REF*6R*CPUYM5NONO4R~AMT*B6*10.89~LQ*HE*N45~LQ*HE*N381~CLP*000100040070*1*586.14*189.39**MC*2020268047371~NM1*QC*1*LUCERO*ANEA*R***MR*T137493~NM1*82*1*TSAMBIKOS*RICHARD****XX*1467985713~REF*EA*9EDC71D4226F4A348C39759D634A4AF3~DTM*232*20200902~DTM*233*20200902~SVC*HC:99204:25*450.07*148.09**1~DTM*472*20200902~CAS*CO*45*301.98~REF*6R*CPUYPIPQQJ4H~AMT*B6*148.09~LQ*HE*N45~LQ*HE*N381~SVC*HC:98926:51*46.07*19.6**1~DTM*472*20200902~CAS*CO*45*26.47~REF*6R*CPUYFAUMSWPA~AMT*B6*19.6~LQ*HE*N381~SVC*HC:H0049*50*10.81**1~DTM*472*20200902~CAS*CO*45*39.19~REF*6R*CPUYBUZ1QAGC~AMT*B6*10.81~LQ*HE*N381~SVC*HC:G8510*40*10.89**1~DTM*472*20200902~CAS*CO*45*29.11~REF*6R*CPUY19RLENMV~AMT*B6*10.89~LQ*HE*N45~LQ*HE*N381~CLP*000100039477*1*1845*1268.69**MC*2020268047249~NM1*QC*1*MAEZ*DANIEL*E***MR*B173664~NM1*82*1*SEARLES*DENISE*A***XX*1396971230~REF*EA*FF8E934DC56D4386B004B0BC568E1616~DTM*232*20200820~DTM*233*20200820~SVC*HC:J2315*1805*1257.8**380~DTM*472*20200820~CAS*CO*45*547.2~REF*6R*CPUM752J9WP9~AMT*B6*1257.8~LQ*HE*N59~LQ*HE*N381~SVC*HC:G8510*40*10.89**1~DTM*472*20200820~CAS*CO*45*29.11~REF*6R*CPUMJ13GYVSF~AMT*B6*10.89~LQ*HE*N59~LQ*HE*N45~LQ*HE*N381~CLP*000100040445*1*178.3*65.15**MC*2020268046718~NM1*QC*1*MARSH*SHANE*D***MR*P470829~NM1*82*1*CADDALI*ESTRELLA*A***XX*1164974580~REF*EA*A988735F86794DD4AD943E012F105883~DTM*232*20200911~DTM*233*20200911~SVC*HC:99213*178.3*65.15**1~DTM*472*20200911~CAS*CO*45*113.15~REF*6R*CPUYMOUS5XVY~AMT*B6*65.15~LQ*HE*N45~LQ*HE*N381~CLP*000100040557*1*319.06*115.74**MC*2020268046734~NM1*QC*1*MARSH*SHANE*D***MR*P470829~NM1*82*1*TSAMBIKOS*RICHARD****XX*1467985713~REF*EA*C045B53D19C446E29900D4AC8863D70F~DTM*232*20200915~DTM*233*20200915~SVC*HC:99214:25*272.99*96.14**1~DTM*472*20200915~CAS*CO*45*176.85~REF*6R*CPUYA714VKZ8~AMT*B6*96.14~LQ*HE*N45~LQ*HE*N381~SVC*HC:98926*46.07*19.6**1~DTM*472*20200915~CAS*CO*45*26.47~REF*6R*CPUYXW36HKFL~AMT*B6*19.6~LQ*HE*N381~CLP*000100030436*1*15*8.42**MC*2020268046545~NM1*QC*1*MARTIN*SABRINA*L***MR*Y030235~NM1*82*1*HOOSHMAND-PARSI*KAYHOSROW****XX*1447291851~REF*EA*C556412800844B4F97FF0E6D1517BB88~DTM*232*20200225~DTM*233*20200225~SVC*HC:81025*15*8.42**1~DTM*472*20200225~CAS*CO*45*6.58~REF*6R*CPTA7MZ4RISQ~AMT*B6*8.42~LQ*HE*N293~LQ*HE*N59~LQ*HE*N381~CLP*000100031405*1*15*8.42**MC*2020268046550~NM1*QC*1*MARTIN*SABRINA*L***MR*Y030235~NM1*82*1*SEARLES*DENISE*A***XX*1396971230~REF*EA*526492D82E13426A879FE479DA7BFF27~DTM*232*20200312~DTM*233*20200312~SVC*HC:81025*15*8.42**1~DTM*472*20200312~CAS*CO*45*6.58~REF*6R*CPTAX2PBHQ4N~AMT*B6*8.42~LQ*HE*N59~LQ*HE*N381~CLP*000100040503*1*272.99*96.14**MC*2020268046926~NM1*QC*1*MARTINEZ*SHAREE****MR*M754320~NM1*82*1*GRONEMEYER*LEANNE*R***XX*1659521045~REF*EA*5F115A5AFA5949F491A3854265816697~DTM*232*20200914~DTM*233*20200914~SVC*HC:99214*272.99*96.14**1~DTM*472*20200914~CAS*CO*45*176.85~REF*6R*CPUYP8SHSCRL~AMT*B6*96.14~LQ*HE*N45~LQ*HE*N381~CLP*000100040536*1*362.99*135.16*2*MC*2020268047191~NM1*QC*1*MILNE*AMY****MR*O696037~NM1*82*1*GRONEMEYER*LEANNE*R***XX*1659521045~REF*EA*F539FA0EBFF74F5E88E4AF13C11BB619~DTM*232*20200914~DTM*233*20200914~SVC*HC:99214:25*272.99*94.14**1~DTM*472*20200914~CAS*PR*3*2~CAS*CO*45*176.85~REF*6R*CPUYRYJ8GFEU~AMT*B6*96.14~LQ*HE*N45~LQ*HE*N381~LQ*HE*N381~SVC*HC:H0049*50*10.81**1~DTM*472*20200914~CAS*CO*45*39.19~REF*6R*CPUYMYSPUTNW~AMT*B6*10.81~LQ*HE*N381~SVC*HC:G8431*40*30.21**1~DTM*472*20200914~CAS*CO*45*9.79~REF*6R*CPUYKRNYKY0C~AMT*B6*30.21~LQ*HE*N45~LQ*HE*N381~CLP*000100039059*1*1805*1257.8**MC*2020268046491~NM1*QC*1*MOORE*MELISSA****MR*O302777~NM1*82*1*SEARLES*DENISE*A***XX*1396971230~REF*EA*9AEF510C41A64990921D504123765095~DTM*232*20200813~DTM*233*20200813~SVC*HC:J2315*1805*1257.8**380~DTM*472*20200813~CAS*CO*45*547.2~REF*6R*CPUM7WFUW1IZ~AMT*B6*1257.8~LQ*HE*N59~LQ*HE*N381~CLP*000100040436*1*1845*1268.69**MC*2020268046504~NM1*QC*1*MOORE*MELISSA****MR*O302777~NM1*82*1*SEARLES*DENISE*A***XX*1396971230~REF*EA*D8C08BB09B32419BB409CAAF5C3A7F3F~DTM*232*20200911~DTM*233*20200911~SVC*HC:J2315*1805*1257.8**380~DTM*472*20200911~CAS*CO*45*547.2~REF*6R*CPUMP77CUX95~AMT*B6*1257.8~LQ*HE*N59~LQ*HE*N381~SVC*HC:G8510*40*10.89**1~DTM*472*20200911~CAS*CO*45*29.11~REF*6R*CPUMUS3BDOV0~AMT*B6*10.89~LQ*HE*N59~LQ*HE*N45~LQ*HE*N381~CLP*000100040464*1*178.3*63.15*2*MC*2020268046855~NM1*QC*1*OHRDORF*JIMMI*L***MR*Y840687~NM1*82*1*CADDALI*ESTRELLA*A***XX*1164974580~REF*EA*AEF69EFB77C84AC1827E4A14B135997C~DTM*232*20200911~DTM*233*20200911~SVC*HC:99213*178.3*63.15**1~DTM*472*20200911~CAS*PR*3*2~CAS*CO*45*113.15~REF*6R*CPUY83NDVBAM~AMT*B6*65.15~LQ*HE*N45~LQ*HE*N381~LQ*HE*N381~CLP*000100039652*1*105*49.36**MC*2020268047340~NM1*QC*1*PADILLA*ELISIA*M***MR*V813661~NM1*82*1*SEARLES*DENISE*A***XX*1396971230~REF*EA*7EFFD0D746AC4657A963590E70F6E8DF~DTM*232*20200825~DTM*233*20200825~SVC*HC:81025*15*8.34**1~DTM*472*20200825~CAS*CO*45*6.66~REF*6R*CPUYR207IYQ1~AMT*B6*8.34~LQ*HE*N59~LQ*HE*N381~SVC*HC:H0049*50*10.81**1~DTM*472*20200825~CAS*CO*45*39.19~REF*6R*CPUYGTO43EJQ~AMT*B6*10.81~LQ*HE*N59~LQ*HE*N381~SVC*HC:G8431*40*30.21**1~DTM*472*20200825~CAS*CO*45*9.79~REF*6R*CPUYDKD8OFWT~AMT*B6*30.21~LQ*HE*N59~LQ*HE*N45~LQ*HE*N381~CLP*000100040636*1*217.66*54.8**MC*2020268045917~NM1*QC*1*PERSHIN*KRISTYNA*M***MR*Y464443~NM1*82*1*LEWIS*HOLLY*G***XX*1295234128~REF*EA*988147E0B13E478CB19223CF25B6248E~DTM*232*20200915~DTM*233*20200915~SVC*HC:90832*217.66*54.8**1~DTM*472*20200915~CAS*CO*45*162.86~REF*6R*CPUYWVEPKGW1~AMT*B6*54.8~LQ*HE*N381~CLP*000100040516*1*362.99*137.16**MC*2020268046664~NM1*QC*1*PERSHIN*KRISTYNA*M***MR*Y464443~NM1*82*1*GRONEMEYER*LEANNE*R***XX*1659521045~REF*EA*EC50F1A90BF4403FA7E07B4AD5A93A2A~DTM*232*20200914~DTM*233*20200914~SVC*HC:99214:25*272.99*96.14**1~DTM*472*20200914~CAS*CO*45*176.85~REF*6R*CPUYW1COS0RT~AMT*B6*96.14~LQ*HE*N45~LQ*HE*N381~SVC*HC:H0049*50*10.81**1~DTM*472*20200914~CAS*CO*45*39.19~REF*6R*CPUYAVL0ERA8~AMT*B6*10.81~LQ*HE*N381~SVC*HC:G8431*40*30.21**1~DTM*472*20200914~CAS*CO*45*9.79~REF*6R*CPUYS8Z53JDM~AMT*B6*30.21~LQ*HE*N45~LQ*HE*N381~CLP*000100040251*1*392.99*143.41**MC*2020268047354~NM1*QC*1*POPE*YVETTE*M***MR*Q003915~NM1*82*1*TSAMBIKOS*RICHARD****XX*1467985713~REF*EA*1EAFF9F0C4434CC9B01C7EF131412BCC~DTM*232*20200908~DTM*233*20200908~SVC*HC:99214:25*272.99*96.14**1~DTM*472*20200908~CAS*CO*45*176.85~REF*6R*CPUYVZP5UIE7~AMT*B6*96.14~LQ*HE*N45~LQ*HE*N381~SVC*HC:20553*120*47.27**1~DTM*472*20200908~CAS*CO*45*72.73~REF*6R*CPUYT7HW86VS~AMT*B6*47.27~LQ*HE*N381~LQ*HE*N381~CLP*000100040640*1*178.3*63.15*2*MC*2020268046834~NM1*QC*1*PRIGGE*MATTHEW*R***MR*P683674~NM1*82*1*CADDALI*ESTRELLA*A***XX*1164974580~REF*EA*C13762F8135D4CD7AD9AB9349B971172~DTM*232*20200915~DTM*233*20200915~SVC*HC:99213*178.3*63.15**1~DTM*472*20200915~CAS*PR*3*2~CAS*CO*45*113.15~REF*6R*CPUYQRXE9CNB~AMT*B6*65.15~LQ*HE*N45~LQ*HE*N381~LQ*HE*N381~CLP*000100040339*1*290.09*108.57**MC*2020268046535~NM1*QC*1*PRIGMORE*BRETT****MR*P231555~NM1*82*1*TSAMBIKOS*RICHARD****XX*1467985713~REF*EA*B97C219436384041934F2DD6F1A5CDEB~DTM*232*20200909~DTM*233*20200909~SVC*HC:99214:25*272.99*96.14**1~DTM*472*20200909~CAS*CO*45*176.85~REF*6R*CPUYYF9AVSRL~AMT*B6*96.14~LQ*HE*N45~LQ*HE*N381~SVC*HC:99406*17.1*12.43**1~DTM*472*20200909~CAS*CO*45*4.67~REF*6R*CPUYRXK92D36~AMT*B6*12.43~LQ*HE*N45~LQ*HE*N381~CLP*000100037674*1*15*8.34**MC*2020268046682~NM1*QC*1*QUINTANA*DANIELLE*A***MR*N559116~NM1*82*1*SEARLES*DENISE*A***XX*1396971230~REF*EA*CA9910B0CCC6400E8ACC7C2F7D948300~DTM*232*20200716~DTM*233*20200716~SVC*HC:81025*15*8.34**1~DTM*472*20200716~CAS*CO*45*6.66~REF*6R*CPUMB92TD2Y8~AMT*B6*8.34~LQ*HE*N381~CLP*000100039984*1*427.14*146.26**MC*2020268046480~NM1*QC*1*RASMUSSEN*KATHERINE*J***MR*K431756~NM1*82*1*TSAMBIKOS*RICHARD****XX*1467985713~REF*EA*DBED0816B7704296B5BE52BCA3A01E09~DTM*232*20200901~DTM*233*20200901~SVC*HC:99395:25*288.14*106.74**1~DTM*472*20200901~CAS*CO*45*181.4~REF*6R*CPUYLCZ8P3V3~AMT*B6*106.74~LQ*HE*N45~LQ*HE*N381~SVC*HC:58100:51*120*27.81**1~DTM*472*20200901~CAS*CO*45*92.19~REF*6R*CPUYSQMDTNM6~AMT*B6*27.81~LQ*HE*N381~LQ*HE*N381~SVC*HC:81002*4*3.37**1~DTM*472*20200901~CAS*CO*45*.63~REF*6R*CPUYOMP1077O~AMT*B6*3.37~LQ*HE*N381~SVC*HC:81025*15*8.34**1~DTM*472*20200901~CAS*CO*45*6.66~REF*6R*CPUY9BBIXJIJ~AMT*B6*8.34~LQ*HE*N381~CLP*000100040606*1*356.84*137.48**MC*2020268046991~NM1*QC*1*REBETERANO*MYA*J***MR*Y926053~NM1*82*1*CADDALI*ESTRELLA*A***XX*1164974580~REF*EA*A9843AA840A740ADACB84600891D5511~DTM*232*20200915~DTM*233*20200915~SVC*HC:99203:25*266.84*96.46**1~DTM*472*20200915~CAS*CO*45*170.38~REF*6R*CPUYLP9RIMIM~AMT*B6*96.46~LQ*HE*N45~LQ*HE*N381~SVC*HC:H0049*50*10.81**1~DTM*472*20200915~CAS*CO*45*39.19~REF*6R*CPUYIC7WPJ4Q~AMT*B6*10.81~LQ*HE*N381~SVC*HC:G8431*40*30.21**1~DTM*472*20200915~CAS*CO*45*9.79~REF*6R*CPUYB0QEPVHI~AMT*B6*30.21~LQ*HE*N45~LQ*HE*N381~CLP*000100040139*1*182.3*66.52*2*MC*2020268046151~NM1*QC*1*RICHARDSON*REBECCA****MR*E158290~NM1*82*1*CADDALI*ESTRELLA*A***XX*1164974580~REF*EA*04FF679F5DAB4A108940B7F6D480485E~DTM*232*20200903~DTM*233*20200903~SVC*HC:99213:25*178.3*63.15**1~DTM*472*20200903~CAS*PR*3*2~CAS*CO*45*113.15~REF*6R*CPUYK42UVJYB~AMT*B6*65.15~LQ*HE*N45~LQ*HE*N381~LQ*HE*N381~SVC*HC:81002*4*3.37**1~DTM*472*20200903~CAS*CO*45*.63~REF*6R*CPUYKBIBTQZC~AMT*B6*3.37~LQ*HE*N381~CLP*000100040646*1*272.99*94.14*2*MC*2020268046779~NM1*QC*1*RICO*MARY JOE*L***MR*K904935~NM1*82*1*TSAMBIKOS*RICHARD****XX*1467985713~REF*EA*0C1F758DF4EF4D518E07BE47C058A28E~DTM*232*20200915~DTM*233*20200915~SVC*HC:99214*272.99*94.14**1~DTM*472*20200915~CAS*PR*3*2~CAS*CO*45*176.85~REF*6R*CPUYMHJTVJHL~AMT*B6*96.14~LQ*HE*N45~LQ*HE*N381~LQ*HE*N381~CLP*000100040267*1*1805*1257.8**MC*2020268046743~NM1*QC*1*RINCON*ZACHARY*P***MR*Y271770~NM1*82*1*SEARLES*DENISE*A***XX*1396971230~REF*EA*AD0CD5936D45492EBF7BB8E39F1E9E1F~DTM*232*20200908~DTM*233*20200908~SVC*HC:J2315*1805*1257.8**380~DTM*472*20200908~CAS*CO*45*547.2~REF*6R*CPUM81K0L6KC~AMT*B6*1257.8~LQ*HE*N59~LQ*HE*N381~CLP*000100029714*1*24*21.5**MC*2020268046096~NM1*QC*1*ROMERO*ROBERTA****MR*L432159~NM1*82*1*HOOSHMAND-PARSI*KAYHOSROW****XX*1447291851~REF*EA*05CAAEE68BB14697AB1A6494B07ABA19~DTM*232*20200211~DTM*233*20200211~SVC*HC:93000*24*21.5**1~DTM*472*20200211~CAS*CO*45*2.5~REF*6R*CPTAAT0VCJP6~AMT*B6*21.5~LQ*HE*N293~LQ*HE*N59~LQ*HE*N381~CLP*000100031637*1*15*8.42**MC*2020268046711~NM1*QC*1*SALAZAR*FELICIA*H***MR*G554326~NM1*82*1*HOOSHMAND-PARSI*KAYHOSROW****XX*1447291851~REF*EA*E96EE03334FC4069A126AC929F4EB26B~DTM*232*20200317~DTM*233*20200317~SVC*HC:81025*15*8.42**1~DTM*472*20200317~CAS*CO*45*6.58~REF*6R*CPTAP98QMHYA~AMT*B6*8.42~LQ*HE*N59~LQ*HE*N381~CLP*000100037781*1*15*8.34**MC*2020268047120~NM1*QC*1*SANCHEZ*BRENDA****MR*L364840~NM1*82*1*GRONEMEYER*LEANNE*R***XX*1659521045~REF*EA*84617AF2C80A4825B0077682F0FB2CF1~DTM*232*20200720~DTM*233*20200720~SVC*HC:81025*15*8.34**1~DTM*472*20200720~CAS*CO*45*6.66~REF*6R*CPUM1EKBS118~AMT*B6*8.34~LQ*HE*N77~LQ*HE*N381~CLP*000100037863*1*15*8.34**MC*2020268047127~NM1*QC*1*SANCHEZ*BRENDA****MR*L364840~NM1*82*1*GRONEMEYER*LEANNE*R***XX*1659521045~REF*EA*5D2A512319ED4717BF02369BA6BC7ED0~DTM*232*20200721~DTM*233*20200721~SVC*HC:81025*15*8.34**1~DTM*472*20200721~CAS*CO*45*6.66~REF*6R*CPUM4S13KH2Y~AMT*B6*8.34~LQ*HE*N381~CLP*000100037807*1*15*8.34**MC*2020268046348~NM1*QC*1*SANCHEZ*YVONNE*A***MR*J289148~NM1*82*1*HOOSHMAND-PARSI*KAYHOSROW****XX*1447291851~REF*EA*9B07FF70CA0B47AD974F441E2F1FF4A6~DTM*232*20200720~DTM*233*20200720~SVC*HC:81025*15*8.34**1~DTM*472*20200720~CAS*CO*45*6.66~REF*6R*CPUMOT9MUOZZ~AMT*B6*8.34~LQ*HE*N59~LQ*HE*N381~CLP*000100037486*1*19*11.71**MC*2020268046599~NM1*QC*1*SANDOVAL*JULIA*L***MR*K495017~NM1*82*1*HOOSHMAND-PARSI*KAYHOSROW****XX*1447291851~REF*EA*06374881D6AD419DB8C0EFEC2B0E5B06~DTM*232*20200714~DTM*233*20200714~SVC*HC:81025*15*8.34**1~DTM*472*20200714~CAS*CO*45*6.66~REF*6R*CPUM5SSBZYE3~AMT*B6*8.34~LQ*HE*N59~LQ*HE*N381~SVC*HC:81002*4*3.37**1~DTM*472*20200714~CAS*CO*45*.63~REF*6R*CPUM2MLVGY3L~AMT*B6*3.37~LQ*HE*N59~LQ*HE*N381~CLP*000100040177*1*1845*1268.69**MC*2020268046601~NM1*QC*1*SANDOVAL*JULIA*L***MR*K495017~NM1*82*1*SEARLES*DENISE*A***XX*1396971230~REF*EA*F08F93CFA3AF4F33B3F13CE98305844D~DTM*232*20200908~DTM*233*20200908~SVC*HC:J2315*1805*1257.8**380~DTM*472*20200908~CAS*CO*45*547.2~REF*6R*CPUM4WPZQAB9~AMT*B6*1257.8~LQ*HE*N59~LQ*HE*N381~SVC*HC:G8510*40*10.89**1~DTM*472*20200908~CAS*CO*45*29.11~REF*6R*CPUM89NOK8D9~AMT*B6*10.89~LQ*HE*N59~LQ*HE*N45~LQ*HE*N381~CLP*000100038972*1*1805*1257.8**MC*2020268046609~NM1*QC*1*SANDOVAL*JULIA*L***MR*K495017~NM1*82*1*SEARLES*DENISE*A***XX*1396971230~REF*EA*35203E9E8794442387C0B01AED89AA11~DTM*232*20200812~DTM*233*20200812~SVC*HC:J2315*1805*1257.8**380~DTM*472*20200812~CAS*CO*45*547.2~REF*6R*CPUMB4G10O6V~AMT*B6*1257.8~LQ*HE*N59~LQ*HE*N381~CLP*000100040389*1*178.3*65.15**MC*2020268047411~NM1*QC*1*SANTIAGO*AMANDA*E***MR*O125804~NM1*82*1*GRONEMEYER*LEANNE*R***XX*1659521045~REF*EA*29659EB3ABC7496FB2BF0404EE5886DB~DTM*232*20200910~DTM*233*20200910~SVC*HC:99213*178.3*65.15**1~DTM*472*20200910~CAS*CO*45*113.15~REF*6R*CPUYP2MTEGO0~AMT*B6*65.15~LQ*HE*N45~LQ*HE*N381~CLP*000100040388*1*272.99*96.14**MC*2020268046977~NM1*QC*1*SCHRINER*JACOB*E***MR*Y893432~NM1*82*1*CADDALI*ESTRELLA*A***XX*1164974580~REF*EA*0CEBCA3303294AF1AB370F073BE45CB2~DTM*232*20200910~DTM*233*20200910~SVC*HC:99214*272.99*96.14**1~DTM*472*20200910~CAS*CO*45*176.85~REF*6R*CPUYVOY6XREX~AMT*B6*96.14~LQ*HE*N45~LQ*HE*N381~CLP*000100040414*1*361.52*135.72**MC*2020268046376~NM1*QC*1*SCOTT*LESLIE****MR*P748095~NM1*82*1*TSAMBIKOS*RICHARD****XX*1467985713~REF*EA*B3DE4E8FEA4A45C596DE8A12F080DDEE~DTM*232*20200910~DTM*233*20200910~SVC*HC:99214:25*272.99*96.14**1~DTM*472*20200910~CAS*CO*45*176.85~REF*6R*CPUYSFWLW6HW~AMT*B6*96.14~LQ*HE*N45~LQ*HE*N381~SVC*HC:90471*53.53*19.27**1~DTM*472*20200910~CAS*CO*45*34.26~REF*6R*CPUYSWHKQ3CJ~AMT*B6*19.27~LQ*HE*N45~LQ*HE*N381~SVC*HC:90756*35*20.31**1~DTM*472*20200910~CAS*CO*45*14.69~REF*6R*CPUYS966EUDR~AMT*B6*20.31~LQ*HE*N381~CLP*000100040430*1*361.52*135.72**MC*2020268046190~NM1*QC*1*SIPES*TRAMANE*E***MR*F820443~NM1*82*1*CADDALI*ESTRELLA*A***XX*1164974580~REF*EA*B073027254034CE5BF6451D7BCBEFB7A~DTM*232*20200911~DTM*233*20200911~SVC*HC:99214:25*272.99*96.14**1~DTM*472*20200911~CAS*CO*45*176.85~REF*6R*CPUY7XOSSN5H~AMT*B6*96.14~LQ*HE*N45~LQ*HE*N381~SVC*HC:90471*53.53*19.27**1~DTM*472*20200911~CAS*CO*45*34.26~REF*6R*CPUY5LAHXOQN~AMT*B6*19.27~LQ*HE*N45~LQ*HE*N381~SVC*HC:90756*35*20.31**1~DTM*472*20200911~CAS*CO*45*14.69~REF*6R*CPUYGOSS1EWB~AMT*B6*20.31~LQ*HE*N381~CLP*000100040135*1*327.66*117.43**MC*2020268047267~NM1*QC*1*SISNEROS*GREGORY*A***MR*H774507~NM1*82*1*CADDALI*ESTRELLA*A***XX*1164974580~REF*EA*12AABF41734640C7B8689699CB56FE48~DTM*232*20200903~DTM*233*20200903~SVC*HC:99214:25*272.99*96.14**1~DTM*472*20200903~CAS*CO*45*176.85~REF*6R*CPUY47XFH3HP~AMT*B6*96.14~LQ*HE*N45~LQ*HE*N381~SVC*HC:93000*54.67*21.29**1~DTM*472*20200903~CAS*CO*45*33.38~REF*6R*CPUYQX21PWL0~AMT*B6*21.29~LQ*HE*N381~CLP*000100040537*1*178.3*65.15**MC*2020268047132~NM1*QC*1*STRAIT*LORRAINE*A***MR*Y360507~NM1*82*1*GRONEMEYER*LEANNE*R***XX*1659521045~REF*EA*64FDC96287854AFDA54AC40BB37B5331~DTM*232*20200914~DTM*233*20200914~SVC*HC:99213*178.3*65.15**1~DTM*472*20200914~CAS*CO*45*113.15~REF*6R*CPUYBP5U5S8K~AMT*B6*65.15~LQ*HE*N45~LQ*HE*N381~CLP*000100037509*1*15*8.34**MC*2020268046304~NM1*QC*1*THOMASON*BRIANA*M***MR*V368526~NM1*82*1*HOOSHMAND-PARSI*KAYHOSROW****XX*1447291851~REF*EA*608A73DAF2634987B6D5F117D065BB4A~DTM*232*20200714~DTM*233*20200714~SVC*HC:81025*15*8.34**1~DTM*472*20200714~CAS*CO*45*6.66~REF*6R*CPUM867J8GWT~AMT*B6*8.34~LQ*HE*N59~LQ*HE*N381~CLP*000100039743*1*1020.07*320.49**MC*2020268046003~NM1*QC*1*TORRES*SAMUEL****MR*W538606~NM1*82*1*TSAMBIKOS*RICHARD****XX*1467985713~REF*EA*B019BF5D5A1641D9800CF362B005C378~DTM*232*20200826~DTM*233*20200826~SVC*HC:99204:25*450.07*148.09**1~DTM*472*20200826~CAS*CO*45*301.98~REF*6R*CPUY6ACPPD54~AMT*B6*148.09~LQ*HE*N45~LQ*HE*N381~SVC*HC:10121:51*220*20.86**1~DTM*472*20200826~CAS*CO*45*199.14~REF*6R*CPUYKVFSEGG7~AMT*B6*20.86~LQ*HE*N381~LQ*HE*N381~SVC*HC:20101:51*350*151.54**1~DTM*472*20200826~CAS*CO*45*198.46~REF*6R*CPUY61AP3VQW~AMT*B6*151.54~LQ*HE*N381~LQ*HE*N381~CLP*000100040465*1*272.99*96.14**MC*2020268046947~NM1*QC*1*TURNER*DAVID*R***MR*P547112~NM1*82*1*CADDALI*ESTRELLA*A***XX*1164974580~REF*EA*A6492312E79F4A619C934F6EE61675AC~DTM*232*20200911~DTM*233*20200911~SVC*HC:99214*272.99*96.14**1~DTM*472*20200911~CAS*CO*45*176.85~REF*6R*CPUY1JMZ0CWP~AMT*B6*96.14~LQ*HE*N45~LQ*HE*N381~CLP*000100039704*1*1805*1257.8**MC*2020268046623~NM1*QC*1*URIE*NATHAN*J***MR*Y183401~NM1*82*1*GRONEMEYER*LEANNE*R***XX*1659521045~REF*EA*1F7F5DD7D603498EB6DBC0FFC7DEA1E2~DTM*232*20200826~DTM*233*20200826~SVC*HC:J2315*1805*1257.8**380~DTM*472*20200826~CAS*CO*45*547.2~REF*6R*CPUM4LDHIQC7~AMT*B6*1257.8~LQ*HE*N59~LQ*HE*N381~CLP*000100031976*1*15*8.42**MC*2020268047050~NM1*QC*1*VALLES*SANDRA****MR*K193489~NM1*82*1*HOOSHMAND-PARSI*KAYHOSROW****XX*1447291851~REF*EA*DD8F82D5C2FB45F2A91BEBE8C64F7A54~DTM*232*20200323~DTM*233*20200323~SVC*HC:81025*15*8.42**1~DTM*472*20200323~CAS*CO*45*6.58~REF*6R*CPTA36CIRKH7~AMT*B6*8.42~LQ*HE*N59~LQ*HE*N381~CLP*000100030108*1*134*97.11**MC*2020268047072~NM1*QC*1*VALLES*SANDRA****MR*K193489~NM1*82*1*CADDALI*ESTRELLA*A***XX*1164974580~REF*EA*FA08519C512F481D9223CBBC421D1A3A~DTM*232*20200219~DTM*233*20200219~SVC*HC:99214*134*97.11**1~DTM*472*20200219~CAS*CO*45*36.89~REF*6R*CPTA03OM5C09~AMT*B6*97.11~LQ*HE*N381~CLP*000100040525*1*1676.11*1173.41**MC*2020268046908~NM1*QC*1*VAUGHT*SHANNON*M***MR*J574689~NM1*82*1*GRONEMEYER*LEANNE*R***XX*1659521045~REF*EA*A154F4B63D0140EA8DEEBDF0D0C6C024~DTM*232*20200914~DTM*233*20200914~SVC*HC:99214:25:FP*272.99*118.45**1~DTM*472*20200914~CAS*CO*45*154.54~REF*6R*CPUY8309UKQC~AMT*B6*118.45~LQ*HE*N45~LQ*HE*N381~SVC*HC:11983:FP*583.12*234.96**1~DTM*472*20200914~CAS*CO*45*348.16~REF*6R*CPUYQJ4QC2DV~AMT*B6*234.96~LQ*HE*N45~LQ*HE*N381~LQ*HE*N381~SVC*HC:J7307:FP*820*820**1~DTM*472*20200914~REF*6R*CPUYJ5L345Y3~AMT*B6*820~CLP*000100039983*1*1845*1268.69**MC*2020268047402~NM1*QC*1*VELARDE*DAVEY****MR*P044042~NM1*82*1*SEARLES*DENISE*A***XX*1396971230~REF*EA*0A94CEB5FA0646BF97E1C86765DF1F29~DTM*232*20200901~DTM*233*20200901~SVC*HC:J2315*1805*1257.8**380~DTM*472*20200901~CAS*CO*45*547.2~REF*6R*CPUM7Z8UCD70~AMT*B6*1257.8~LQ*HE*N59~LQ*HE*N381~SVC*HC:G8510*40*10.89**1~DTM*472*20200901~CAS*CO*45*29.11~REF*6R*CPUM2RDN7UQF~AMT*B6*10.89~LQ*HE*N59~LQ*HE*N45~LQ*HE*N381~CLP*000100037280*1*19*11.71**MC*2020268046513~NM1*QC*1*VIGIL*JULIE*M***MR*D989489~NM1*82*1*GRONEMEYER*LEANNE*R***XX*1659521045~REF*EA*517DC24B11AF425EBFE5506A529A8E79~DTM*232*20200708~DTM*233*20200708~SVC*HC:81025*15*8.34**1~DTM*472*20200708~CAS*CO*45*6.66~REF*6R*CPUM4NBKLMX2~AMT*B6*8.34~LQ*HE*N59~LQ*HE*N381~SVC*HC:81002*4*3.37**1~DTM*472*20200708~CAS*CO*45*.63~REF*6R*CPUM9DQEQZ8G~AMT*B6*3.37~LQ*HE*N59~LQ*HE*N381~CLP*000100040129*1*197.3*76.86**MC*2020268046519~NM1*QC*1*VIGIL*JULIE*M***MR*D989489~NM1*82*1*CADDALI*ESTRELLA*A***XX*1164974580~REF*EA*4649705AFE05496884CB15B9E838D64E~DTM*232*20200903~DTM*233*20200903~SVC*HC:99213:25*178.3*65.15**1~DTM*472*20200903~CAS*CO*45*113.15~REF*6R*CPUYEVY5ET5J~AMT*B6*65.15~LQ*HE*N45~LQ*HE*N381~SVC*HC:81002*4*3.37**1~DTM*472*20200903~CAS*CO*45*.63~REF*6R*CPUYPGLL02FW~AMT*B6*3.37~LQ*HE*N381~SVC*HC:81025*15*8.34**1~DTM*472*20200903~CAS*CO*45*6.66~REF*6R*CPUY7YVCJWDO~AMT*B6*8.34~LQ*HE*N381~CLP*000100039219*4*15*0**MC*2020268046576~NM1*QC*1*BROWN*SAMANTHA*L***MR*U792619~NM1*82*1*HOOSHMAND-PARSI*KAYHOSROW****XX*1447291851~REF*EA*59B61BCAED514E039A5DE7C6D199EC6D~DTM*232*20200817~DTM*233*20200817~SVC*HC:81025*15*0**0**1~DTM*472*20200817~CAS*PI*5*15~REF*6R*CPUYAT9NYGAK~LQ*HE*M77~CLP*000100040351*4*178.3*0**MC*2020268046474~NM1*QC*1*DAVIS*KELLY****MR*W637291~NM1*82*1*GRONEMEYER*LEANNE*R***XX*1659521045~REF*EA*30FC8D0B70804016A2A44DD6DC40D4B7~DTM*232*20200909~DTM*233*20200909~SVC*HC:99213*178.3*0**0**1~DTM*472*20200909~CAS*PI*16*178.3~REF*6R*CPUY9ZW6RNM2~LQ*HE*N45~LQ*HE*N381~CLP*000100032768*4*178.3*0**MC*2020268046818~NM1*QC*1*KLEPPERICH*MICHAELA****MR*Y719389~NM1*82*1*GRONEMEYER*LEANNE*R***XX*1659521045~REF*EA*853C79E8AEB9453A9CB46EB4E23638A2~DTM*232*20200406~DTM*233*20200406~SVC*HC:99213*178.3*0**0**1~DTM*472*20200406~CAS*PI*16*178.3~REF*6R*CPUYE49C5CU5~LQ*HE*MA92~LQ*HE*MA64~CLP*000100040595*4*108.83*0**MC*2020268045931~NM1*QC*1*LOPEZ*ALEX*A***MR*Y991632~NM1*82*1*LEWIS*HOLLY*G***XX*1295234128~REF*EA*584AB613D07446589E6DBC9F3CFF6EEF~DTM*232*20200915~DTM*233*20200915~SVC*HC:H0004*108.83*0**0**1~DTM*472*20200915~CAS*CO*109*108.83~REF*6R*CPUYXICOX7VS~LQ*HE*N381~CLP*000100039596*4*178.3*0**MC*2020268046679~NM1*QC*1*MARQUEZ*ERNEST*A***MR*H996555~NM1*82*1*CADDALI*ESTRELLA*A***XX*1164974580~REF*EA*2B69E98E5C31424797FBCEFC323F558D~DTM*232*20200825~DTM*233*20200825~SVC*HC:99213*178.3*0**0**1~DTM*472*20200825~CAS*PI*96*178.3~REF*6R*CPUYAJN0XB9A~LQ*HE*N30~LQ*HE*MA92~CLP*000100039518*4*217.66*0**MC*2020268045936~NM1*QC*1*POOLE*DAVID****MR*Y092364~NM1*82*1*LEWIS*HOLLY*G***XX*1295234128~REF*EA*80F74F05CF3149EE9FE300C24EF5AA9B~DTM*232*20200821~DTM*233*20200821~SVC*HC:90832*217.66*0**0**1~DTM*472*20200821~CAS*PI*16*217.66~REF*6R*CPUY44ECQ21G~LQ*HE*MA63~LQ*HE*MA92~LQ*HE*MA92~LQ*HE*MA92~LQ*HE*N56~LQ*HE*N56~CLP*000100033957*4*15*0**MC*2020268046032~NM1*QC*1*ROBIN*RONDI*L***MR*L564167~NM1*82*1*GRONEMEYER*LEANNE*R***XX*1659521045~REF*EA*F4C4485904FF472F9A04E8F681569255~DTM*232*20200429~DTM*233*20200429~SVC*HC:81025*15*0**0**1~DTM*472*20200429~CAS*PI*16*15~REF*6R*CPUMY2I66PNT~LQ*HE*N59~LQ*HE*N381~CLP*000100039356*4*54.67*0**MC*2020268047003~NM1*QC*1*ROBINSON*JASMINE*R***MR*Y094819~NM1*82*1*CADDALI*ESTRELLA*A***XX*1164974580~REF*EA*38A4DC8EC6AA49668837712B247054DB~DTM*232*20200819~DTM*233*20200819~SVC*HC:93000*54.67*0**0**1~DTM*472*20200819~CAS*PI*16*54.67~REF*6R*CPUY64XFSFT6~LQ*HE*N30~LQ*HE*MA92~LQ*HE*MA92~CLP*000100040272*4*272.99*0**MC*2020268047378~NM1*QC*1*RUIZ*RACHEL*M***MR*S803725~NM1*82*1*TSAMBIKOS*RICHARD****XX*1467985713~REF*EA*B8319D1906DD4D19A66C7601B6928822~DTM*232*20200908~DTM*233*20200908~SVC*HC:99214*272.99*0**0**1~DTM*472*20200908~CAS*PI*16*272.99~REF*6R*CPUYISURPU5Z~LQ*HE*N45~LQ*HE*N56~LQ*HE*N381~CLP*000100040164*4*809.13*0**MC*2020268047364~NM1*QC*1*STRONG*LEVERT****MR*L299525~NM1*82*1*HOOSHMAND-PARSI*KAYHOSROW****XX*1447291851~REF*EA*18C2C3A1CE5C4680A38295C67B561851~DTM*232*20200903~DTM*233*20200903~SVC*HC:99205:25*587.79*0**0**1~DTM*472*20200903~CAS*PI*16*587.79~REF*6R*CPUYS3YTITT3~LQ*HE*N30~LQ*HE*MA92~LQ*HE*MA92~LQ*HE*MA92~LQ*HE*N56~SVC*HC:90471*53.53*0**0**1~DTM*472*20200903~CAS*PI*16*53.53~REF*6R*CPUYOPNSD8M2~LQ*HE*N30~LQ*HE*MA92~LQ*HE*MA92~LQ*HE*MA92~LQ*HE*N56~SVC*HC:90756*30*0**0**1~DTM*472*20200903~CAS*PI*16*30~REF*6R*CPUYKXV9SDIM~LQ*HE*N30~LQ*HE*MA92~LQ*HE*MA92~LQ*HE*MA92~LQ*HE*N56~SVC*HC:G0444*30.75*0**0**1~DTM*472*20200903~CAS*PI*16*30.75~REF*6R*CPUYKKXG28KA~LQ*HE*N30~LQ*HE*MA92~LQ*HE*MA92~LQ*HE*MA92~LQ*HE*N56~SVC*HC:G0396*107.06*0**0**1~DTM*472*20200903~CAS*CO*56*107.06~REF*6R*CPUY3XP8U9WL~LQ*HE*N130~LQ*HE*N130~LQ*HE*N130~CLP*000100031159*4*134*0**MC*2020268046691~NM1*QC*1*TORRES*MIGUEL*L***MR*M887971~NM1*82*1*LUCAS*PEGGI*S***XX*1366419582~REF*EA*A6E10230D4E54A5AA6AAB7365D7004AE~DTM*232*20200309~DTM*233*20200309~SVC*HC:99214*134*0**0**1~DTM*472*20200309~CAS*PI*96*134~REF*6R*CPUYB46WPV45~LQ*HE*N59~LQ*HE*N30~LQ*HE*MA92~LQ*HE*MA64~CLP*000100038420*4*272.99*0**MC*2020268046693~NM1*QC*1*TORRES*MIGUEL*L***MR*M887971~NM1*82*1*SEARLES*DENISE*A***XX*1396971230~REF*EA*3F6E3AFB1BA641E69B53D1FD520CD58A~DTM*232*20200731~DTM*233*20200731~SVC*HC:99214*272.99*0**0**1~DTM*472*20200731~CAS*PI*96*272.99~REF*6R*CPUYCJ74Q8WB~LQ*HE*N30~LQ*HE*MA92~LQ*HE*MA64~CLP*000100040195*4*178.3*0**MC*2020268046822~NM1*QC*1*VILLASENOR*MIQUEILA*C***MR*K174349~NM1*82*1*CADDALI*ESTRELLA*A***XX*1164974580~REF*EA*233CE1F9B08649BCA56730879997B390~DTM*232*20200908~DTM*233*20200908~SVC*HC:99213*178.3*0**0**1~DTM*472*20200908~CAS*PI*16*178.3~REF*6R*CPUYLHYQ4RTO~LQ*HE*N45~LQ*HE*N56~LQ*HE*N381~SE*2221*000010012~GE*1*100007697~IEA*1*100007697~