ISA*00*          *00*          *ZZ*COMEDASSISTPROG*ZZ*6769489        *200831*0234*^*00501*100007261*0*P*:~GS*HP*COMEDASSISTPROG*6769489*20200831*023442*100007261*X*005010X221A1~ST*835*000010013~BPR*I*16340.75*C*ACH*CCP*01*075911603*DA*00000004556640373*1811725341**01*102106569*DA*2200002989138*20200831~TRN*1*001071624*1811725341~REF*EV*1508250911~DTM*405*20200828~N1*PR*CO_TXIX*XV*7912900843~N3*P.O. BOX 30~N4*DENVER*CO*80201~PER*CX*MEDICAID PROVIDER SERVICES*TE*8442352387~PER*BL*MEDICAID PROVIDER SERVICES*TE*8442352387~N1*PE*HEALTH SOLUTIONS MED CENTER*XX*1508250911~REF*TJ*841158933~LX*1~CLP*000100038018*2*272.99*19**MC*2020238001864~NM1*QC*1*ACOSTA*ROSALINA****MR*P610914~NM1*82*1*GRONEMEYER*LEANNE*R***XX*1659521045~REF*EA*BDBA8900CB4C436AA59B6DC655B309E7~DTM*232*20200723~DTM*233*20200723~SVC*HC:99214*272.99*19**1~DTM*472*20200723~CAS*CO*45*253.99~REF*6R*CPIIINKLTABR~AMT*B6*19~LQ*HE*N45~LQ*HE*N381~LQ*HE*N381~CLP*000100038052*2*272.99*19**MC*2020238001832~NM1*QC*1*BACA*FLORA*J***MR*N338297~NM1*82*1*GRONEMEYER*LEANNE*R***XX*1659521045~REF*EA*99DE3D9EFBAA42B4A8A1CA9AA23397BD~DTM*232*20200723~DTM*233*20200723~SVC*HC:99214*272.99*19**1~DTM*472*20200723~CAS*CO*45*253.99~REF*6R*CPIIO7TX41JG~AMT*B6*19~LQ*HE*N45~LQ*HE*N381~LQ*HE*N381~CLP*000100038572*2*178.3*12.69**MC*2020238001844~NM1*QC*1*CIRULLO*ROSEANN****MR*L489928~NM1*82*1*CADDALI*ESTRELLA*A***XX*1164974580~REF*EA*942C06F91A254398A27081C09D0B70EA~DTM*232*20200804~DTM*233*20200804~SVC*HC:99213*178.3*12.69**1~DTM*472*20200804~CAS*CO*45*165.61~REF*6R*CPIA7JOANN0X~AMT*B6*12.69~LQ*HE*N45~LQ*HE*N381~LQ*HE*N381~CLP*000100038477*2*178.3*12.69**MC*2020238001850~NM1*QC*1*HIJAR CONVERS*PATRICIA****MR*C886363~NM1*74*1*CONVERSE~NM1*82*1*CADDALI*ESTRELLA*A***XX*1164974580~REF*EA*EF48B43362FB4154AC5A747C6154C962~DTM*232*20200731~DTM*233*20200731~SVC*HC:99213*178.3*12.69**1~DTM*472*20200731~CAS*CO*45*165.61~REF*6R*CPIA4NXUZNB8~AMT*B6*12.69~LQ*HE*N45~LQ*HE*N381~LQ*HE*N381~CLP*000100038402*2*178.3*12.69**MC*2020238001836~NM1*QC*1*COWLING*CHRISTOPH****MR*D759791~NM1*82*1*CADDALI*ESTRELLA*A***XX*1164974580~REF*EA*22AFB66469654BAFB2AB81F896624029~DTM*232*20200730~DTM*233*20200730~SVC*HC:99213*178.3*12.69**1~DTM*472*20200730~CAS*CO*45*165.61~REF*6R*CPIAL0EOFZTV~AMT*B6*12.69~LQ*HE*N45~LQ*HE*N381~LQ*HE*N381~CLP*23425*2*134*18.93**MC*2220241009446~NM1*QC*1*DIAZ*CARL*J***MR*I533514~DTM*232*20191009~DTM*233*20191009~SVC*HC:99214*134*18.93**1~DTM*472*20191009~CAS*CO*45*115.07~REF*HPI*1366419582~AMT*B6*18.93~LQ*HE*N381~LQ*HE*N381~CLP*29936*2*134*40**MC*2220241009496~NM1*QC*1*DIAZ*GEORGINA*L***MR*I770082~DTM*232*20200213~DTM*233*20200213~SVC*HC:99214*134*40**1~DTM*472*20200213~CAS*CO*45*94~REF*HPI*1396971230~AMT*B6*40~LQ*HE*N381~LQ*HE*N381~CLP*30214*2*134*40**MC*2220241009516~NM1*QC*1*DIAZ*GEORGINA*L***MR*I770082~DTM*232*20200220~DTM*233*20200220~SVC*HC:99214*134*40**1~DTM*472*20200220~CAS*CO*45*94~REF*HPI*1396971230~AMT*B6*40~LQ*HE*N381~LQ*HE*N381~CLP*30638*2*134*40**MC*2220241009537~NM1*QC*1*DIAZ*GEORGINA*L***MR*I770082~DTM*232*20200227~DTM*233*20200227~SVC*HC:99214*134*40**1~DTM*472*20200227~CAS*CO*45*94~REF*HPI*1396971230~AMT*B6*40~LQ*HE*N381~LQ*HE*N381~CLP*31061*2*134*40**MC*2220241009560~NM1*QC*1*DIAZ*GEORGINA*L***MR*I770082~DTM*232*20200305~DTM*233*20200305~SVC*HC:99214*134*40**1~DTM*472*20200305~CAS*CO*45*94~REF*HPI*1396971230~AMT*B6*40~LQ*HE*N381~LQ*HE*N381~CLP*000100036841*2*313.3*94.11**MC*2020238001801~NM1*QC*1*DICKERSON*RAUNITA****MR*G832391~NM1*82*1*GRONEMEYER*LEANNE*R***XX*1659521045~REF*EA*D15E2A7C75E746B1AEE3EF1EF1C99555~DTM*232*20200629~DTM*233*20200629~SVC*HC:99213:95:FP:25*178.3*13.11**1~DTM*472*20200629~CAS*CO*45*165.19~REF*6R*CPIISA9H9SGL~AMT*B6*13.11~LQ*HE*N381~LQ*HE*N381~SVC*HC:J1050:FP*135*81**150~DTM*472*20200629~CAS*CO*45*54~REF*6R*CPIIYNE21948~AMT*B6*81~LQ*HE*N381~CLP*000100038642*2*272.99*19**MC*2020238001848~NM1*QC*1*JOHNSON*ANN*K***MR*D460564~NM1*82*1*SEARLES*DENISE*A***XX*1396971230~REF*EA*34F8DDE7389548758E5F0A7D48BF6360~DTM*232*20200805~DTM*233*20200805~SVC*HC:99214*272.99*19**1~DTM*472*20200805~CAS*CO*45*253.99~REF*6R*CPIAXLKIB4V8~AMT*B6*19~LQ*HE*N45~LQ*HE*N381~LQ*HE*N381~CLP*000100037802*2*55*2.28**MC*2020238001804~NM1*QC*1*JOHNSON*GEORGE*W***MR*O540732~NM1*82*1*GRONEMEYER*LEANNE*R***XX*1659521045~REF*EA*86BAC0BF25544602B7B196026E2B21F2~DTM*232*20200720~DTM*233*20200720~SVC*HC:G2012*55*2.28**1~DTM*472*20200720~CAS*OA*P22*52.72~REF*6R*CPIA0PZS9H3R~AMT*B6*2.28~LQ*HE*MA125~LQ*HE*MA125~CLP*000100038616*2*587.88*174.87**MC*2020238001837~NM1*QC*1*MARTINEZ*PAULINE*M***MR*I735002~NM1*82*1*CADDALI*ESTRELLA*A***XX*1164974580~REF*EA*70F5AA51D26D4F9690DF2BA7940ED007~DTM*232*20200804~DTM*233*20200804~SVC*HC:99204:25*450.07*143.4**1~DTM*472*20200804~CAS*CO*45*306.67~REF*6R*CPIAS8REPLFC~AMT*B6*143.4~LQ*HE*N45~LQ*HE*N381~LQ*HE*N381~SVC*HC:G0444*30.75*0**1~DTM*472*20200804~CAS*CO*45*30.75~REF*6R*CPIALINUQ403~SVC*HC:G0396*107.06*31.47**1~DTM*472*20200804~CAS*OA*P22*75.59~REF*6R*CPIAGUQS7V9U~AMT*B6*31.47~LQ*HE*MA125~LQ*HE*MA125~CLP*000100038705*2*178.3*12.69**MC*2020238001806~NM1*QC*1*MATTHEWS*MICHAEL*P***MR*L679106~NM1*82*1*CADDALI*ESTRELLA*A***XX*1164974580~REF*EA*AD9CF8BADCE4465ABAD575FEE6E6243B~DTM*232*20200806~DTM*233*20200806~SVC*HC:99213*178.3*12.69**1~DTM*472*20200806~CAS*CO*45*165.61~REF*6R*CPIAZIFVAJ0D~AMT*B6*12.69~LQ*HE*N45~LQ*HE*N381~LQ*HE*N381~CLP*000100038710*2*272.99*19**MC*2020238001803~NM1*QC*1*PLEASANTS*DAVID*E***MR*O659677~NM1*82*1*CADDALI*ESTRELLA*A***XX*1164974580~REF*EA*C4998DDD9D3740FCACD4C73559AE46FA~DTM*232*20200806~DTM*233*20200806~SVC*HC:99214:95*272.99*19**1~DTM*472*20200806~CAS*CO*45*253.99~REF*6R*CPIAIE1OOJ17~AMT*B6*19~LQ*HE*N45~LQ*HE*N381~LQ*HE*N381~CLP*000100037372*2*602.88*34.97**MC*2020238001860~NM1*QC*1*POLZIN*VICTORIA*D***MR*L287355~NM1*82*1*SEARLES*DENISE*A***XX*1396971230~REF*EA*355A874971C24706BB7B035D6834ED82~DTM*232*20200710~DTM*233*20200710~SVC*HC:99204:25*450.07*28.68**1~DTM*472*20200710~CAS*CO*45*421.39~REF*6R*CPIIPQWBN6RA~AMT*B6*28.68~LQ*HE*N45~LQ*HE*N381~LQ*HE*N381~SVC*HC:81025*15*0**1~DTM*472*20200710~CAS*CO*45*15~REF*6R*CPII0MV9Z05V~LQ*HE*N381~SVC*HC:G0444*30.75*0**1~DTM*472*20200710~CAS*CO*45*30.75~REF*6R*CPIIWDTBSXU6~SVC*HC:G0396*107.06*6.29**1~DTM*472*20200710~CAS*OA*P22*100.77~REF*6R*CPII1K93Z0C2~AMT*B6*6.29~LQ*HE*MA125~LQ*HE*MA125~CLP*000100038450*2*178.3*12.69**MC*2020238001863~NM1*QC*1*REINSMITH*GARY****MR*G105684~NM1*82*1*CADDALI*ESTRELLA*A***XX*1164974580~REF*EA*74ADBADA12D6479DB4346B75444BA995~DTM*232*20200731~DTM*233*20200731~SVC*HC:99213:25*178.3*12.69**1~DTM*472*20200731~CAS*CO*45*165.61~REF*6R*CPIAPQQF9YRS~AMT*B6*12.69~LQ*HE*N45~LQ*HE*N381~LQ*HE*N381~CLP*000100038109*2*272.99*19**MC*2020238001855~NM1*QC*1*TAVAREZ*BALBINAQ****MR*O311216~NM1*82*1*GRONEMEYER*LEANNE*R***XX*1659521045~REF*EA*243840E5E9984CD5B408946443992D5C~DTM*232*20200727~DTM*233*20200727~SVC*HC:99214*272.99*19**1~DTM*472*20200727~CAS*CO*45*253.99~REF*6R*CPIAJIUBWM6Z~AMT*B6*19~LQ*HE*N45~LQ*HE*N381~LQ*HE*N381~CLP*000100037911*2*272.99*6.72**MC*2020238001830~NM1*QC*1*THOMAS*SIDNEY****MR*B976371~NM1*82*1*HOOSHMAND-PARSI*KAYHOSROW****XX*1447291851~REF*EA*4906F8DB8AEE43DD8444105AA9BA3E65~DTM*232*20200721~DTM*233*20200721~SVC*HC:99214*272.99*6.72**1~DTM*472*20200721~CAS*CO*45*266.27~REF*6R*CPII0JSSWWN3~AMT*B6*6.72~LQ*HE*N45~LQ*HE*N381~LQ*HE*N381~CLP*000100038730*2*178.3*61.16**MC*2020238001841~NM1*QC*1*TYNAN*NICOLE****MR*J159994~NM1*82*1*CADDALI*ESTRELLA*A***XX*1164974580~REF*EA*2CC4BF7F501B4320930DCA967ACEB49D~DTM*232*20200806~DTM*233*20200806~SVC*HC:99213*178.3*61.16**1~DTM*472*20200806~CAS*CO*45*117.14~REF*6R*CPIAQ3M7UO7A~AMT*B6*61.16~LQ*HE*N45~LQ*HE*N381~LQ*HE*N381~CLP*000100039397*1*417.66*156.45*2*MC*2020241056223~NM1*QC*1*ABEYTA*KRISTA****MR*G102892~NM1*82*1*CADDALI*ESTRELLA*A***XX*1164974580~REF*EA*F51A941672DC452F9B08D57D0E188DA0~DTM*232*20200819~DTM*233*20200819~SVC*HC:99214:25*272.99*94.14**1~DTM*472*20200819~CAS*PR*3*2~CAS*CO*45*176.85~REF*6R*CPK2030ZTVVV~AMT*B6*96.14~LQ*HE*N45~LQ*HE*N381~LQ*HE*N381~SVC*HC:93000*54.67*21.29**1~DTM*472*20200819~CAS*CO*45*33.38~REF*6R*CPK2LUIMRXZ4~AMT*B6*21.29~LQ*HE*N381~SVC*HC:H0049*50*10.81**1~DTM*472*20200819~CAS*CO*45*39.19~REF*6R*CPK29317MI0E~AMT*B6*10.81~LQ*HE*N381~SVC*HC:G8431*40*30.21**1~DTM*472*20200819~CAS*CO*45*9.79~REF*6R*CPK24J6W6IV0~AMT*B6*30.21~LQ*HE*N45~LQ*HE*N381~CLP*000100039081*1*178.3*63.15*2*MC*2020240041871~NM1*QC*1*AMENDOLA*CATHERINE*L***MR*I798984~NM1*82*1*CADDALI*ESTRELLA*A***XX*1164974580~REF*EA*2964FA2C9DFE46B698EFAF560571EF7E~DTM*232*20200813~DTM*233*20200813~SVC*HC:99213*178.3*63.15**1~DTM*472*20200813~CAS*PR*3*2~CAS*CO*45*113.15~REF*6R*CPKAJFS7UUCA~AMT*B6*65.15~LQ*HE*N45~LQ*HE*N381~LQ*HE*N381~CLP*000100039378*1*272.99*96.14**MC*2020240041356~NM1*QC*1*CHAVEZ*JACQUELINE*M***MR*G934658~NM1*74*1*ANDERSON*JACKIE~NM1*82*1*TSAMBIKOS*RICHARD****XX*1467985713~REF*EA*66098E941A884EF2B36589C9B1BAC502~DTM*232*20200819~DTM*233*20200819~SVC*HC:99214*272.99*96.14**1~DTM*472*20200819~CAS*CO*45*176.85~REF*6R*CPKA3BBX0PMT~AMT*B6*96.14~LQ*HE*N45~LQ*HE*N381~CLP*000100039278*1*447.77*227.03**MC*2020240041539~NM1*QC*1*AVILA*KRISTA*M***MR*K943511~NM1*82*1*TSAMBIKOS*RICHARD****XX*1467985713~REF*EA*C83A656B213844DC93C42EED05B45125~DTM*232*20200818~DTM*233*20200818~SVC*HC:99214:25*272.99*96.14**1~DTM*472*20200818~CAS*CO*45*176.85~REF*6R*CPKA9JUOZEPV~AMT*B6*96.14~LQ*HE*N45~LQ*HE*N381~SVC*HC:99406*17.1*12.43**1~DTM*472*20200818~CAS*CO*45*4.67~REF*6R*CPKA7RYS0N4S~AMT*B6*12.43~LQ*HE*N45~LQ*HE*N381~SVC*HC:90471*53.53*19.27**1~DTM*472*20200818~CAS*CO*45*34.26~REF*6R*CPKAQHCZO19J~AMT*B6*19.27~LQ*HE*N45~LQ*HE*N381~SVC*HC:90732*104.15*99.19**1~DTM*472*20200818~CAS*CO*45*4.96~REF*6R*CPKA2C8F34IH~AMT*B6*99.19~LQ*HE*N381~CLP*000100038776*1*356.84*118.16**MC*2020240041351~NM1*QC*1*BALLEZ*DEVYN*M***MR*T027025~NM1*82*1*CADDALI*ESTRELLA*A***XX*1164974580~REF*EA*D72B43D474E648649A1A1D33A9D3848F~DTM*232*20200807~DTM*233*20200807~SVC*HC:99203:25*266.84*96.46**1~DTM*472*20200807~CAS*CO*45*170.38~REF*6R*CPKAUNQU01ZW~AMT*B6*96.46~LQ*HE*N45~LQ*HE*N381~SVC*HC:H0049*50*10.81**1~DTM*472*20200807~CAS*CO*45*39.19~REF*6R*CPKA5UXDS2II~AMT*B6*10.81~LQ*HE*N381~SVC*HC:G8510*40*10.89**1~DTM*472*20200807~CAS*CO*45*29.11~REF*6R*CPKAXV97H4GP~AMT*B6*10.89~LQ*HE*N45~LQ*HE*N381~CLP*000100039151*1*178.3*65.15**MC*2020240041669~NM1*QC*1*BARRAGAN*YVETTE*M***MR*J700821~NM1*82*1*CADDALI*ESTRELLA*A***XX*1164974580~REF*EA*A67E7B32225A4036907862729C16435E~DTM*232*20200814~DTM*233*20200814~SVC*HC:99213*178.3*65.15**1~DTM*472*20200814~CAS*CO*45*113.15~REF*6R*CPKAWGOJQFAM~AMT*B6*65.15~LQ*HE*N45~LQ*HE*N381~CLP*000100039468*1*272.99*96.14**MC*2020241056312~NM1*QC*1*BELARDE*NATE*V***MR*Q463977~NM1*82*1*GRONEMEYER*LEANNE*R***XX*1659521045~REF*EA*0C17529D9FBE4B81BB7D866D337317DB~DTM*232*20200820~DTM*233*20200820~SVC*HC:99214*272.99*96.14**1~DTM*472*20200820~CAS*CO*45*176.85~REF*6R*CPK281Z6LYH9~AMT*B6*96.14~LQ*HE*N45~LQ*HE*N381~CLP*000100039071*1*272.99*96.14**MC*2020240041707~NM1*QC*1*BILLINGS EMORY*TOBIAS****MR*G323122~NM1*74*1*BILLINGSEMORY**J~NM1*82*1*GRONEMEYER*LEANNE*R***XX*1659521045~REF*EA*4CF3F0194DAC43D396B12620C54E5432~DTM*232*20200813~DTM*233*20200813~SVC*HC:99214*272.99*96.14**1~DTM*472*20200813~CAS*CO*45*176.85~REF*6R*CPKA44EOXP67~AMT*B6*96.14~LQ*HE*N45~LQ*HE*N381~CLP*000100039504*1*178.3*65.15**MC*2020241056202~NM1*QC*1*BONNICI*MARCUS*J***MR*O629261~NM1*82*1*CADDALI*ESTRELLA*A***XX*1164974580~REF*EA*BB73B1E52A3A4144BBA5E95A987E6F10~DTM*232*20200820~DTM*233*20200820~SVC*HC:99213*178.3*65.15**1~DTM*472*20200820~CAS*CO*45*113.15~REF*6R*CPK2YTZVEY68~AMT*B6*65.15~LQ*HE*N45~LQ*HE*N381~CLP*000100038922*1*362.99*137.16**MC*2020240041416~NM1*QC*1*BOONE*SONYA****MR*O219451~NM1*82*1*TSAMBIKOS*RICHARD****XX*1467985713~REF*EA*84A902EB1054449A9D781378CFCA403C~DTM*232*20200811~DTM*233*20200811~SVC*HC:99214:25*272.99*96.14**1~DTM*472*20200811~CAS*CO*45*176.85~REF*6R*CPKAUMDUQ3LJ~AMT*B6*96.14~LQ*HE*N45~LQ*HE*N381~SVC*HC:H0049*50*10.81**1~DTM*472*20200811~CAS*CO*45*39.19~REF*6R*CPKAORK6KO4J~AMT*B6*10.81~LQ*HE*N381~SVC*HC:G8431*40*30.21**1~DTM*472*20200811~CAS*CO*45*9.79~REF*6R*CPKACI1A8BJ1~AMT*B6*30.21~LQ*HE*N45~LQ*HE*N381~CLP*000100039221*1*268.3*84.85*2*MC*2020240041563~NM1*QC*1*BUTLER*BEATRICE****MR*I033994~NM1*82*1*GRONEMEYER*LEANNE*R***XX*1659521045~REF*EA*154F17BD56834603BDB5C68B8B7F9A22~DTM*232*20200817~DTM*233*20200817~SVC*HC:99213:25*178.3*63.15**1~DTM*472*20200817~CAS*PR*3*2~CAS*CO*45*113.15~REF*6R*CPKA5NQQG3K4~AMT*B6*65.15~LQ*HE*N45~LQ*HE*N381~LQ*HE*N381~SVC*HC:H0049*50*10.81**1~DTM*472*20200817~CAS*CO*45*39.19~REF*6R*CPKATDUV79NL~AMT*B6*10.81~LQ*HE*N381~SVC*HC:G8510*40*10.89**1~DTM*472*20200817~CAS*CO*45*29.11~REF*6R*CPKAXWE8RIUW~AMT*B6*10.89~LQ*HE*N45~LQ*HE*N381~CLP*000100039355*1*272.99*96.14**MC*2020240041467~NM1*QC*1*CAYSON*HAILEY****MR*Y373733~NM1*82*1*CADDALI*ESTRELLA*A***XX*1164974580~REF*EA*13C68CEEEB3C4D0BBE84751B7F7E98FD~DTM*232*20200819~DTM*233*20200819~SVC*HC:99214*272.99*96.14**1~DTM*472*20200819~CAS*CO*45*176.85~REF*6R*CPKA6VIIDWO8~AMT*B6*96.14~LQ*HE*N45~LQ*HE*N381~CLP*000100039026*1*217.66*54.8**MC*2020240041321~NM1*QC*1*CHACON*ALISSA****MR*P951315~NM1*82*1*LEWIS*HOLLY*G***XX*1295234128~REF*EA*E17320610D724E9F933676D5C682E61A~DTM*232*20200812~DTM*233*20200812~SVC*HC:90832*217.66*54.8**1~DTM*472*20200812~CAS*CO*45*162.86~REF*6R*CPKA70DN2NEE~AMT*B6*54.8~LQ*HE*N381~CLP*000100039386*1*319.06*115.74**MC*2020241055861~NM1*QC*1*CHATMAN*BRITTANY*C***MR*Y447314~NM1*82*1*TSAMBIKOS*RICHARD****XX*1467985713~REF*EA*89EB5D3E23AD472F9665086F2D404DA6~DTM*232*20200819~DTM*233*20200819~SVC*HC:99214:25*272.99*96.14**1~DTM*472*20200819~CAS*CO*45*176.85~REF*6R*CPK2A88Z1DU6~AMT*B6*96.14~LQ*HE*N45~LQ*HE*N381~SVC*HC:98926*46.07*19.6**1~DTM*472*20200819~CAS*CO*45*26.47~REF*6R*CPK2OEQM2XVN~AMT*B6*19.6~LQ*HE*N381~CLP*000100039148*1*178.3*63.15*2*MC*2020240041363~NM1*QC*1*CHAZAN*MARY*L***MR*O800446~NM1*82*1*CADDALI*ESTRELLA*A***XX*1164974580~REF*EA*44480F4203264D0B8630B5EBD7CB5671~DTM*232*20200814~DTM*233*20200814~SVC*HC:99213*178.3*63.15**1~DTM*472*20200814~CAS*PR*3*2~CAS*CO*45*113.15~REF*6R*CPKAHL2R6BUZ~AMT*B6*65.15~LQ*HE*N45~LQ*HE*N381~LQ*HE*N381~CLP*000100039469*1*178.3*65.15**MC*2020241055838~NM1*QC*1*CHRISTOPHER*CHEYENNE****MR*G660293~NM1*82*1*GRONEMEYER*LEANNE*R***XX*1659521045~REF*EA*E24C2186F74940A4A8B11616DFA0F507~DTM*232*20200820~DTM*233*20200820~SVC*HC:99213*178.3*65.15**1~DTM*472*20200820~CAS*CO*45*113.15~REF*6R*CPK24TCHEFXF~AMT*B6*65.15~LQ*HE*N45~LQ*HE*N381~CLP*000100038891*1*272.99*96.14**MC*2020240041829~NM1*QC*1*CLAUSSEN*COREY****MR*Q548496~NM1*82*1*TSAMBIKOS*RICHARD****XX*1467985713~REF*EA*29E58B8EEAFA47BCA5A366480D3FFA65~DTM*232*20200811~DTM*233*20200811~SVC*HC:99214*272.99*96.14**1~DTM*472*20200811~CAS*CO*45*176.85~REF*6R*CPKABRTZWWMQ~AMT*B6*96.14~LQ*HE*N45~LQ*HE*N381~CLP*000100037830*1*90*41.02**MC*2020240041837~NM1*QC*1*CLAUSSEN*COREY****MR*Q548496~NM1*82*1*HOOSHMAND-PARSI*KAYHOSROW****XX*1447291851~REF*EA*1850FF12B3504C32B66EEE92EA0A2332~DTM*232*20200721~DTM*233*20200721~SVC*HC:H0049*50*10.81**1~DTM*472*20200721~CAS*CO*45*39.19~REF*6R*CPKAQRQW1SNH~AMT*B6*10.81~LQ*HE*N59~LQ*HE*N381~SVC*HC:G8431*40*30.21**1~DTM*472*20200721~CAS*CO*45*9.79~REF*6R*CPKAX2R595XG~AMT*B6*30.21~LQ*HE*N59~LQ*HE*N45~LQ*HE*N381~CLP*000100038293*1*288.14*104.74*2*MC*2020241056055~NM1*QC*1*CONDER*ISAAC*J***MR*V174577~NM1*82*1*CADDALI*ESTRELLA*A***XX*1164974580~REF*EA*4E823CFB3E9E4E27A17BC4D150A88DF5~DTM*232*20200729~DTM*233*20200729~SVC*HC:99395*288.14*104.74**1~DTM*472*20200729~CAS*PR*3*2~CAS*CO*45*181.4~REF*6R*CPK263JHKZB0~AMT*B6*106.74~LQ*HE*N45~LQ*HE*N381~LQ*HE*N381~CLP*000100039067*1*397.29*177.24**MC*2020241056359~NM1*QC*1*CRAMER*KYRSTEN*P***MR*P381262~NM1*82*1*CADDALI*ESTRELLA*A***XX*1164974580~REF*EA*F931A45EBFDA4BBFA52E8854E218E28E~DTM*232*20200813~DTM*233*20200813~SVC*HC:99213:25:FP*178.3*80.73**1~DTM*472*20200813~CAS*CO*45*97.57~REF*6R*CPK2SX8Y8X3Y~AMT*B6*80.73~LQ*HE*N45~LQ*HE*N381~SVC*HC:96372:FP*83.99*15.51**1~DTM*472*20200813~CAS*CO*45*68.48~REF*6R*CPK245URZ366~AMT*B6*15.51~LQ*HE*N381~SVC*HC:J1050:FP*135*81**150~DTM*472*20200813~CAS*CO*45*54~REF*6R*CPK2N73IXAJJ~AMT*B6*81~LQ*HE*N381~CLP*000100039025*1*379.52*158.33**MC*2020240041634~NM1*QC*1*CRUZ*RICARDO****MR*O537368~NM1*82*1*TSAMBIKOS*RICHARD****XX*1467985713~REF*EA*4E1E7E89A0404140A46B59685862D67F~DTM*232*20200812~DTM*233*20200812~SVC*HC:99214:25*272.99*96.14**1~DTM*472*20200812~CAS*CO*45*176.85~REF*6R*CPKAGUQ32NJA~AMT*B6*96.14~LQ*HE*N45~LQ*HE*N381~SVC*HC:90471*53.53*19.27**1~DTM*472*20200812~CAS*CO*45*34.26~REF*6R*CPKA7MGMJS2N~AMT*B6*19.27~LQ*HE*N45~LQ*HE*N381~SVC*HC:90715*53*42.92**1~DTM*472*20200812~CAS*CO*45*10.08~REF*6R*CPKAB2CA0HCF~AMT*B6*42.92~LQ*HE*N381~CLP*000100037938*1*90*21.7**MC*2020241056440~NM1*QC*1*DOBBS*DION*K***MR*P437953~NM1*82*1*HOOSHMAND-PARSI*KAYHOSROW****XX*1447291851~REF*EA*B8B4D81C1F8444F2BFABA7BE3DA20B66~DTM*232*20200722~DTM*233*20200722~SVC*HC:H0049*50*10.81**1~DTM*472*20200722~CAS*CO*45*39.19~REF*6R*CPK245FKXMAI~AMT*B6*10.81~LQ*HE*N381~SVC*HC:G8510*40*10.89**1~DTM*472*20200722~CAS*CO*45*29.11~REF*6R*CPK2KFO0TFXN~AMT*B6*10.89~LQ*HE*N45~LQ*HE*N381~CLP*000100037445*1*15*8.34**MC*2020240041684~NM1*QC*1*EARP*SAMANTHA*J***MR*G171512~NM1*82*1*HOOSHMAND-PARSI*KAYHOSROW****XX*1447291851~REF*EA*C3AD065B234C492BAF172DE767DAF9B4~DTM*232*20200713~DTM*233*20200713~SVC*HC:81025*15*8.34**1~DTM*472*20200713~CAS*CO*45*6.66~REF*6R*CPKIGQXEZVZG~AMT*B6*8.34~LQ*HE*N59~LQ*HE*N381~CLP*000100039076*1*178.3*65.15**MC*2020240041553~NM1*QC*1*EURIOSTE*RICHARD****MR*H551756~NM1*82*1*CADDALI*ESTRELLA*A***XX*1164974580~REF*EA*3DF7C6D12C9443A9A56A02497B8AD219~DTM*232*20200813~DTM*233*20200813~SVC*HC:99213*178.3*65.15**1~DTM*472*20200813~CAS*CO*45*113.15~REF*6R*CPKANGYBM02W~AMT*B6*65.15~LQ*HE*N45~LQ*HE*N381~CLP*000100039182*1*178.3*65.15**MC*2020240041721~NM1*QC*1*FARMER*KRISTI*M***MR*Y738798~NM1*82*1*GRONEMEYER*LEANNE*R***XX*1659521045~REF*EA*020DCBF6FFF04D56BC9A9B675F3B7C4A~DTM*232*20200817~DTM*233*20200817~SVC*HC:99213*178.3*65.15**1~DTM*472*20200817~CAS*CO*45*113.15~REF*6R*CPKA67R7IT3U~AMT*B6*65.15~LQ*HE*N45~LQ*HE*N381~CLP*000100032567*1*35*14.52**MC*2020240041890~NM1*QC*1*FORTUNE*CATHERINE*M***MR*O812250~NM1*82*1*HOOSHMAND-PARSI*KAYHOSROW****XX*1447291851~REF*EA*C12715AA216543FCB313557481876AD3~DTM*232*20200401~DTM*233*20200401~SVC*HC:99441*35*14.52**1~DTM*472*20200401~CAS*CO*45*20.48~REF*6R*CPKAFQCHACAN~AMT*B6*14.52~LQ*HE*N381~CLP*000100039193*1*178.3*65.15**MC*2020240041397~NM1*QC*1*FOX*KERRY****MR*Y600007~NM1*82*1*GRONEMEYER*LEANNE*R***XX*1659521045~REF*EA*7B6D7BA18BF24A5D80F4B9B3464DB4C0~DTM*232*20200817~DTM*233*20200817~SVC*HC:99213*178.3*65.15**1~DTM*472*20200817~CAS*CO*45*113.15~REF*6R*CPKAZM29JUVV~AMT*B6*65.15~LQ*HE*N45~LQ*HE*N381~CLP*000100039154*1*272.99*94.14*2*MC*2020240041872~NM1*QC*1*FRANKLIN*PATRICIA*A***MR*Y971907~NM1*82*1*CADDALI*ESTRELLA*A***XX*1164974580~REF*EA*00EC371162294A4384982762F9CAB6D2~DTM*232*20200814~DTM*233*20200814~SVC*HC:99214*272.99*94.14**1~DTM*472*20200814~CAS*PR*3*2~CAS*CO*45*176.85~REF*6R*CPKA804KPFHA~AMT*B6*96.14~LQ*HE*N45~LQ*HE*N381~LQ*HE*N381~CLP*000100039349*1*646.6*229.98*2*MC*2020241056609~NM1*QC*1*FUENTES*RAYMOND*V***MR*Y510591~NM1*82*1*TSAMBIKOS*RICHARD****XX*1467985713~REF*EA*824C886D80CC44E1A14C81B51ADF19D7~DTM*232*20200818~DTM*233*20200818~SVC*HC:99204:25*450.07*146.09**1~DTM*472*20200818~CAS*PR*3*2~CAS*CO*45*301.98~REF*6R*CPK2ILMKC4DU~AMT*B6*148.09~LQ*HE*N45~LQ*HE*N381~LQ*HE*N381~SVC*HC:90471*53.53*19.27**1~DTM*472*20200818~CAS*CO*45*34.26~REF*6R*CPK2QV16DYVH~AMT*B6*19.27~LQ*HE*N45~LQ*HE*N381~SVC*HC:90715*53*42.92**1~DTM*472*20200818~CAS*CO*45*10.08~REF*6R*CPK2M6M2MZXR~AMT*B6*42.92~LQ*HE*N381~SVC*HC:H0049*50*10.81**1~DTM*472*20200818~CAS*CO*45*39.19~REF*6R*CPK227DZDJ9F~AMT*B6*10.81~LQ*HE*N381~SVC*HC:G8510*40*10.89**1~DTM*472*20200818~CAS*CO*45*29.11~REF*6R*CPK2IW1DXGE8~AMT*B6*10.89~LQ*HE*N45~LQ*HE*N381~CLP*000100038927*1*540.07*169.79**MC*2020240041716~NM1*QC*1*GALLEGOS*JESTIN****MR*Y543950~NM1*82*1*TSAMBIKOS*RICHARD****XX*1467985713~REF*EA*84EA855F4CCC4EA3BE3830560E0F481F~DTM*232*20200811~DTM*233*20200811~SVC*HC:99204:25*450.07*148.09**1~DTM*472*20200811~CAS*CO*45*301.98~REF*6R*CPKAOAQP3GF9~AMT*B6*148.09~LQ*HE*N45~LQ*HE*N381~SVC*HC:H0049*50*10.81**1~DTM*472*20200811~CAS*CO*45*39.19~REF*6R*CPKAX5C2IWHF~AMT*B6*10.81~LQ*HE*N381~SVC*HC:G8510*40*10.89**1~DTM*472*20200811~CAS*CO*45*29.11~REF*6R*CPKAP58E0BFM~AMT*B6*10.89~LQ*HE*N45~LQ*HE*N381~CLP*000100039420*1*272.99*96.14**MC*2020240041791~NM1*QC*1*GALYON*MICHAEL*K***MR*P707696~NM1*82*1*GRONEMEYER*LEANNE*R***XX*1659521045~REF*EA*EBF31D1545D446249747D2C109649F9C~DTM*232*20200819~DTM*233*20200819~SVC*HC:99214*272.99*96.14**1~DTM*472*20200819~CAS*CO*45*176.85~REF*6R*CPKA7ALZSF0J~AMT*B6*96.14~LQ*HE*N45~LQ*HE*N381~CLP*000100039056*1*178.3*65.15**MC*2020240041592~NM1*QC*1*GARCIA*CARLY****MR*O305641~NM1*82*1*CADDALI*ESTRELLA*A***XX*1164974580~REF*EA*1FE6D0CD888B42B78BC40128095F7BCA~DTM*232*20200813~DTM*233*20200813~SVC*HC:99213*178.3*65.15**1~DTM*472*20200813~CAS*CO*45*113.15~REF*6R*CPKAESMGYCG0~AMT*B6*65.15~LQ*HE*N45~LQ*HE*N381~CLP*000100039121*1*272.99*96.14**MC*2020240041861~NM1*QC*1*GARCIA*TERRI*L***MR*D571618~NM1*82*1*CADDALI*ESTRELLA*A***XX*1164974580~REF*EA*F978C961A38743D0A39700EB17DE7F1A~DTM*232*20200814~DTM*233*20200814~SVC*HC:99214*272.99*96.14**1~DTM*472*20200814~CAS*CO*45*176.85~REF*6R*CPKA1DPCCA0R~AMT*B6*96.14~LQ*HE*N45~LQ*HE*N381~CLP*000100039361*1*646.6*231.98**MC*2020240041614~NM1*QC*1*GEORGE*MARIE*A***MR*Y649179~NM1*82*1*TSAMBIKOS*RICHARD****XX*1467985713~REF*EA*03CE500750C5428CA6BC710CFD775B01~DTM*232*20200819~DTM*233*20200819~SVC*HC:99204:25*450.07*148.09**1~DTM*472*20200819~CAS*CO*45*301.98~REF*6R*CPKAG2T3D0VW~AMT*B6*148.09~LQ*HE*N45~LQ*HE*N381~SVC*HC:90471*53.53*19.27**1~DTM*472*20200819~CAS*CO*45*34.26~REF*6R*CPKA0BBAINH8~AMT*B6*19.27~LQ*HE*N45~LQ*HE*N381~SVC*HC:90715*53*42.92**1~DTM*472*20200819~CAS*CO*45*10.08~REF*6R*CPKA8SZTXHE9~AMT*B6*42.92~LQ*HE*N381~SVC*HC:H0049*50*10.81**1~DTM*472*20200819~CAS*CO*45*39.19~REF*6R*CPKAIEJJSR6G~AMT*B6*10.81~LQ*HE*N381~SVC*HC:G8510*40*10.89**1~DTM*472*20200819~CAS*CO*45*29.11~REF*6R*CPKAQO9YWAK2~AMT*B6*10.89~LQ*HE*N45~LQ*HE*N381~CLP*000100039232*1*1805*1257.8**MC*2020240041693~NM1*QC*1*GOIN*JOSHUA****MR*G127292~NM1*82*1*HOOSHMAND-PARSI*KAYHOSROW****XX*1447291851~REF*EA*6E2FE38D4B814C5C8B80DBC09AFE061A~DTM*232*20200817~DTM*233*20200817~SVC*HC:J2315*1805*1257.8**380~DTM*472*20200817~CAS*CO*45*547.2~REF*6R*CPKIQXNOGM5W~AMT*B6*1257.8~LQ*HE*N59~LQ*HE*N381~CLP*000100039131*1*178.3*63.15*2*MC*2020240041523~NM1*QC*1*GONZALES*JAMIE*S***MR*X142887~NM1*82*1*CADDALI*ESTRELLA*A***XX*1164974580~REF*EA*41C785F9783149209528F88A595D8BC0~DTM*232*20200814~DTM*233*20200814~SVC*HC:99213*178.3*63.15**1~DTM*472*20200814~CAS*PR*3*2~CAS*CO*45*113.15~REF*6R*CPKAD8DIRC6D~AMT*B6*65.15~LQ*HE*N45~LQ*HE*N381~LQ*HE*N381~CLP*000100039400*1*268.3*106.17**MC*2020241055939~NM1*QC*1*HARRIS*ANGELA****MR*J327161~NM1*82*1*CADDALI*ESTRELLA*A***XX*1164974580~REF*EA*B5689DE78FE144E09FE3C094FAA38E73~DTM*232*20200819~DTM*233*20200819~SVC*HC:99213:25*178.3*65.15**1~DTM*472*20200819~CAS*CO*45*113.15~REF*6R*CPK2NTQYKJM6~AMT*B6*65.15~LQ*HE*N45~LQ*HE*N381~SVC*HC:H0049*50*10.81**1~DTM*472*20200819~CAS*CO*45*39.19~REF*6R*CPK22DHEI0NO~AMT*B6*10.81~LQ*HE*N381~SVC*HC:G8431*40*30.21**1~DTM*472*20200819~CAS*CO*45*9.79~REF*6R*CPK2AA43COVQ~AMT*B6*30.21~LQ*HE*N45~LQ*HE*N381~CLP*000100039181*1*362.99*115.84*2*MC*2020240041817~NM1*QC*1*HAZARD*CHARLES*E***MR*U228549~NM1*82*1*GRONEMEYER*LEANNE*R***XX*1659521045~REF*EA*A4608E1418604219BF38EDB0518BFE56~DTM*232*20200817~DTM*233*20200817~SVC*HC:99214:25*272.99*94.14**1~DTM*472*20200817~CAS*PR*3*2~CAS*CO*45*176.85~REF*6R*CPKAGQ4ZJ3H0~AMT*B6*96.14~LQ*HE*N45~LQ*HE*N381~LQ*HE*N381~SVC*HC:H0049*50*10.81**1~DTM*472*20200817~CAS*CO*45*39.19~REF*6R*CPKAGJUY9C34~AMT*B6*10.81~LQ*HE*N381~SVC*HC:G8510*40*10.89**1~DTM*472*20200817~CAS*CO*45*29.11~REF*6R*CPKA0J71JK1R~AMT*B6*10.89~LQ*HE*N45~LQ*HE*N381~CLP*000100039389*1*178.3*65.15**MC*2020240041383~NM1*QC*1*HERRERA*CLORINDA*E***MR*C652229~NM1*82*1*CADDALI*ESTRELLA*A***XX*1164974580~REF*EA*EB168EF8410B4323B4A1B45D20B8957C~DTM*232*20200819~DTM*233*20200819~SVC*HC:99213*178.3*65.15**1~DTM*472*20200819~CAS*CO*45*113.15~REF*6R*CPKAY97VDB43~AMT*B6*65.15~LQ*HE*N45~LQ*HE*N381~CLP*000100039442*1*178.3*63.15*2*MC*2020241056286~NM1*QC*1*HOFFMAN*GABRIEL*S***MR*Y532457~NM1*82*1*CADDALI*ESTRELLA*A***XX*1164974580~REF*EA*0B9A4B5BDB26429FA4D5206AD8AE4DC9~DTM*232*20200820~DTM*233*20200820~SVC*HC:99213*178.3*63.15**1~DTM*472*20200820~CAS*PR*3*2~CAS*CO*45*113.15~REF*6R*CPK2O2LRBLPD~AMT*B6*65.15~LQ*HE*N45~LQ*HE*N381~LQ*HE*N381~CLP*000100037062*1*15*8.34**MC*2020240041558~NM1*QC*1*JARAMILLO*RACHEL*A***MR*Y000126~NM1*82*1*GRONEMEYER*LEANNE*R***XX*1659521045~REF*EA*15974543E0204C409AD70E1F23CE815D~DTM*232*20200702~DTM*233*20200702~SVC*HC:81025*15*8.34**1~DTM*472*20200702~CAS*CO*45*6.66~REF*6R*CPKIB0KCA5AG~AMT*B6*8.34~LQ*HE*N59~LQ*HE*N381~CLP*000100038919*1*294.09*111.94**MC*2020240041583~NM1*QC*1*JOHNSON*TIFFANY*S***MR*L497210~NM1*82*1*TSAMBIKOS*RICHARD****XX*1467985713~REF*EA*A71C9C07197143BEA26288F04610ED9F~DTM*232*20200811~DTM*233*20200811~SVC*HC:99214:25*272.99*96.14**1~DTM*472*20200811~CAS*CO*45*176.85~REF*6R*CPKAPHTUJSGO~AMT*B6*96.14~LQ*HE*N45~LQ*HE*N381~SVC*HC:99406*17.1*12.43**1~DTM*472*20200811~CAS*CO*45*4.67~REF*6R*CPKAO6LJ5D3H~AMT*B6*12.43~LQ*HE*N45~LQ*HE*N381~SVC*HC:81002*4*3.37**1~DTM*472*20200811~CAS*CO*45*.63~REF*6R*CPKABPMXL8J3~AMT*B6*3.37~LQ*HE*N381~CLP*000100039282*1*178.3*63.15*2*MC*2020240041422~NM1*QC*1*JUSTIS*JALYN****MR*W031230~NM1*82*1*CADDALI*ESTRELLA*A***XX*1164974580~REF*EA*CCFD4726A4B24385BF39588F1DBEC471~DTM*232*20200818~DTM*233*20200818~SVC*HC:99213*178.3*63.15**1~DTM*472*20200818~CAS*PR*3*2~CAS*CO*45*113.15~REF*6R*CPKADKHZ5BGJ~AMT*B6*65.15~LQ*HE*N45~LQ*HE*N381~LQ*HE*N381~CLP*000100038331*1*15*8.34**MC*2020240041855~NM1*QC*1*KINCAID*JANAY*L***MR*Y577521~NM1*82*1*SEARLES*DENISE*A***XX*1396971230~REF*EA*214F56FE3EC54D3DB100209EA15F6676~DTM*232*20200729~DTM*233*20200729~SVC*HC:81025*15*8.34**1~DTM*472*20200729~CAS*CO*45*6.66~REF*6R*CPKA4RM1XI11~AMT*B6*8.34~LQ*HE*N381~CLP*000100037515*1*15*8.34**MC*2020241056641~NM1*QC*1*KINCAID*JANAY*L***MR*Y577521~NM1*82*1*SEARLES*DENISE*A***XX*1396971230~REF*EA*22666ACCF6994AD084A49A15CE409E9B~DTM*232*20200714~DTM*233*20200714~SVC*HC:81025*15*8.34**1~DTM*472*20200714~CAS*CO*45*6.66~REF*6R*CPK25F3QDUPJ~AMT*B6*8.34~LQ*HE*N59~LQ*HE*N381~CLP*000100039255*1*88.54*37*2*MC*2020240041747~NM1*QC*1*KNABE*RYAN****MR*G688658~NM1*82*1*GRONEMEYER*LEANNE*R***XX*1659521045~REF*EA*0FA8FA4138E54F0A98EFD84996FC0386~DTM*232*20200817~DTM*233*20200817~SVC*HC:99212*88.54*37**1~DTM*472*20200817~CAS*PR*3*2~CAS*CO*45*49.54~REF*6R*CPKA7NGALG51~AMT*B6*39~LQ*HE*N45~LQ*HE*N381~LQ*HE*N381~CLP*000100039199*1*272.99*94.14*2*MC*2020240041868~NM1*QC*1*LEPIK*VINCENT*D***MR*T982054~NM1*82*1*GRONEMEYER*LEANNE*R***XX*1659521045~REF*EA*FF18F52B65704F87A48937B2A31D0158~DTM*232*20200817~DTM*233*20200817~SVC*HC:99214*272.99*94.14**1~DTM*472*20200817~CAS*PR*3*2~CAS*CO*45*176.85~REF*6R*CPKA7991JYY5~AMT*B6*96.14~LQ*HE*N45~LQ*HE*N381~LQ*HE*N381~CLP*000100039226*1*225.5*89.7**MC*2020240041427~NM1*QC*1*LERMA*CAREMI*P***MR*P878927~NM1*82*1*GRONEMEYER*LEANNE*R***XX*1659521045~REF*EA*1EB9511140BF4E9E8FE3888DECBF21AE~DTM*232*20200817~DTM*233*20200817~SVC*HC:99391*225.5*89.7**1~DTM*472*20200817~CAS*CO*45*135.8~REF*6R*CPKA4HM71UD8~AMT*B6*89.7~LQ*HE*N45~LQ*HE*N381~CLP*000100039227*1*272.99*96.14**MC*2020240041866~NM1*QC*1*LERMA*CRISTIANO*P***MR*P252933~NM1*82*1*GRONEMEYER*LEANNE*R***XX*1659521045~REF*EA*471DDB6C685843048CE198B3614CF090~DTM*232*20200817~DTM*233*20200817~SVC*HC:99214*272.99*96.14**1~DTM*472*20200817~CAS*CO*45*176.85~REF*6R*CPKADHBDTKDK~AMT*B6*96.14~LQ*HE*N45~LQ*HE*N381~CLP*000100037261*1*19.75*8.34**MC*2020240041373~NM1*QC*1*LINDSAY SANDERS*SHABREA*D***MR*Q818873~NM1*74*1*LINDSAYSANDERS~NM1*82*1*SEARLES*DENISE*A***XX*1396971230~REF*EA*AD6BD1BE73D442458D02CDCED4EC6453~DTM*232*20200708~DTM*233*20200708~SVC*HC:J2315*4.75*0**0**1~DTM*472*20200708~CAS*PI*5*4.75~REF*6R*CPKI8AX0LB2Q~LQ*HE*N59~LQ*HE*N95~LQ*HE*N95~LQ*HE*M77~LQ*HE*M77~SVC*HC:81025*15*8.34**1~DTM*472*20200708~CAS*CO*45*6.66~REF*6R*CPKIQ1IT4VPD~AMT*B6*8.34~LQ*HE*N59~LQ*HE*N381~CLP*000100039088*1*312.06*113.79**MC*2020240041429~NM1*QC*1*MADERAS*DANIELA****MR*Q134586~NM1*82*1*CADDALI*ESTRELLA*A***XX*1164974580~REF*EA*F3551614E5B84F1785B4189B182BE83D~DTM*232*20200813~DTM*233*20200813~SVC*HC:99396*312.06*113.79**1~DTM*472*20200813~CAS*CO*45*198.27~REF*6R*CPKAB7Y4O2YI~AMT*B6*113.79~LQ*HE*N45~LQ*HE*N381~CLP*000100039240*1*217.66*54.8**MC*2020240041337~NM1*QC*1*MARQUEZ*ANTONIO*J***MR*Y743964~NM1*82*1*LEWIS*HOLLY*G***XX*1295234128~REF*EA*24222AD07983425A8CEED3B9099D00B7~DTM*232*20200817~DTM*233*20200817~SVC*HC:90832*217.66*54.8**1~DTM*472*20200817~CAS*CO*45*162.86~REF*6R*CPKATLZSZA7B~AMT*B6*54.8~LQ*HE*N381~CLP*000100039229*1*362.99*137.16**MC*2020240041779~NM1*QC*1*MARQUEZ*ANTONIO*J***MR*Y743964~NM1*82*1*GRONEMEYER*LEANNE*R***XX*1659521045~REF*EA*BE2121AC691B4490B7E6BE5126ECBDD0~DTM*232*20200817~DTM*233*20200817~SVC*HC:99214:25*272.99*96.14**1~DTM*472*20200817~CAS*CO*45*176.85~REF*6R*CPKATTE6BK10~AMT*B6*96.14~LQ*HE*N45~LQ*HE*N381~SVC*HC:H0049*50*10.81**1~DTM*472*20200817~CAS*CO*45*39.19~REF*6R*CPKAGRPS5HH9~AMT*B6*10.81~LQ*HE*N381~SVC*HC:G8431*40*30.21**1~DTM*472*20200817~CAS*CO*45*9.79~REF*6R*CPKA6E1XPIIM~AMT*B6*30.21~LQ*HE*N45~LQ*HE*N381~CLP*000100039230*1*370.17*126.19**MC*2020240041473~NM1*QC*1*MARQUEZ*JUSTIN*T***MR*G210609~NM1*82*1*GRONEMEYER*LEANNE*R***XX*1659521045~REF*EA*CFC4A50D24DA45C0BA9ADE99EB504965~DTM*232*20200817~DTM*233*20200817~SVC*HC:99394:25*280.17*104.49**1~DTM*472*20200817~CAS*CO*45*175.68~REF*6R*CPKAXUGO3MNJ~AMT*B6*104.49~LQ*HE*N45~LQ*HE*N381~SVC*HC:H0049*50*10.81**1~DTM*472*20200817~CAS*CO*45*39.19~REF*6R*CPKA9EIHYLCY~AMT*B6*10.81~LQ*HE*N381~SVC*HC:G8510*40*10.89**1~DTM*472*20200817~CAS*CO*45*29.11~REF*6R*CPKA1VB7W3I9~AMT*B6*10.89~LQ*HE*N45~LQ*HE*N381~CLP*000100039281*1*362.99*143.41**MC*2020240041605~NM1*QC*1*MARSH*SHANE*D***MR*P470829~NM1*82*1*TSAMBIKOS*RICHARD****XX*1467985713~REF*EA*45ABEB64375F46CFB62D3D44888F6DDE~DTM*232*20200818~DTM*233*20200818~SVC*HC:99214:25*272.99*96.14**1~DTM*472*20200818~CAS*CO*45*176.85~REF*6R*CPKA8Q2GQAXY~AMT*B6*96.14~LQ*HE*N45~LQ*HE*N381~SVC*HC:20553*90*47.27**1~DTM*472*20200818~CAS*CO*45*42.73~REF*6R*CPKA5NEXWXNS~AMT*B6*47.27~LQ*HE*N381~LQ*HE*N381~CLP*000100039257*1*272.99*94.14*2*MC*2020240041450~NM1*QC*1*MASSICK*KIMBERLEE*S***MR*O761338~NM1*82*1*HOOSHMAND-PARSI*KAYHOSROW****XX*1447291851~REF*EA*94FEA94420474B66A334884C76F54133~DTM*232*20200817~DTM*233*20200817~SVC*HC:99214*272.99*94.14**1~DTM*472*20200817~CAS*PR*3*2~CAS*CO*45*176.85~REF*6R*CPKATR8XJBNA~AMT*B6*96.14~LQ*HE*N45~LQ*HE*N381~LQ*HE*N381~CLP*000100039187*1*217.66*54.8**MC*2020240041343~NM1*QC*1*MAZUREK*DIANE****MR*P687663~NM1*82*1*LEWIS*HOLLY*G***XX*1295234128~REF*EA*DDAFB694A5D74ABBA9450A7534D1662A~DTM*232*20200817~DTM*233*20200817~SVC*HC:90832*217.66*54.8**1~DTM*472*20200817~CAS*CO*45*162.86~REF*6R*CPKAFW2CN7FL~AMT*B6*54.8~LQ*HE*N381~CLP*000100039172*1*362.99*137.16**MC*2020240041889~NM1*QC*1*MAZUREK*DIANE****MR*P687663~NM1*82*1*GRONEMEYER*LEANNE*R***XX*1659521045~REF*EA*6FD3CF45F3A7410D869D393EC09CBFE5~DTM*232*20200817~DTM*233*20200817~SVC*HC:99214:25*272.99*96.14**1~DTM*472*20200817~CAS*CO*45*176.85~REF*6R*CPKADAMUC95K~AMT*B6*96.14~LQ*HE*N45~LQ*HE*N381~SVC*HC:H0049*50*10.81**1~DTM*472*20200817~CAS*CO*45*39.19~REF*6R*CPKAUAZ7I1JJ~AMT*B6*10.81~LQ*HE*N381~SVC*HC:G8431*40*30.21**1~DTM*472*20200817~CAS*CO*45*9.79~REF*6R*CPKAOT8H0JLC~AMT*B6*30.21~LQ*HE*N45~LQ*HE*N381~CLP*000100039388*1*178.3*63.15*2*MC*2020240041824~NM1*QC*1*MEDINA*DESTINY*R***MR*R556688~NM1*82*1*CADDALI*ESTRELLA*A***XX*1164974580~REF*EA*742574E1330147D982BDCB9C8289ABCD~DTM*232*20200819~DTM*233*20200819~SVC*HC:99213*178.3*63.15**1~DTM*472*20200819~CAS*PR*3*2~CAS*CO*45*113.15~REF*6R*CPKAXVIBH5Y4~AMT*B6*65.15~LQ*HE*N45~LQ*HE*N381~LQ*HE*N381~CLP*000100039206*1*272.99*96.14**MC*2020240041445~NM1*QC*1*METTS*MALCOLM*X***MR*P609645~NM1*82*1*GRONEMEYER*LEANNE*R***XX*1659521045~REF*EA*D376E4A53CA140F283F523D5F3CC922A~DTM*232*20200817~DTM*233*20200817~SVC*HC:99214*272.99*96.14**1~DTM*472*20200817~CAS*CO*45*176.85~REF*6R*CPKA6467RUM2~AMT*B6*96.14~LQ*HE*N45~LQ*HE*N381~CLP*000100039380*1*378.14*128.44**MC*2020241056482~NM1*QC*1*MONSON*SAVANNAH*R***MR*U391305~NM1*82*1*CADDALI*ESTRELLA*A***XX*1164974580~REF*EA*3DEC2DE7499E442EAFEE63F3712C3832~DTM*232*20200819~DTM*233*20200819~SVC*HC:99395:25*288.14*106.74**1~DTM*472*20200819~CAS*CO*45*181.4~REF*6R*CPK2X7V73FW3~AMT*B6*106.74~LQ*HE*N45~LQ*HE*N381~SVC*HC:H0049*50*10.81**1~DTM*472*20200819~CAS*CO*45*39.19~REF*6R*CPK2R1CGZ8XE~AMT*B6*10.81~LQ*HE*N381~SVC*HC:G8510*40*10.89**1~DTM*472*20200819~CAS*CO*45*29.11~REF*6R*CPK24HZ02KZG~AMT*B6*10.89~LQ*HE*N45~LQ*HE*N381~CLP*000100039247*1*362.99*135.16*2*MC*2020240041801~NM1*QC*1*MUNIZ*SHARON*M***MR*J463636~NM1*82*1*GRONEMEYER*LEANNE*R***XX*1659521045~REF*EA*55AAFFC47FEE4EC29ED5570F67C8CAEE~DTM*232*20200817~DTM*233*20200817~SVC*HC:99214:25*272.99*94.14**1~DTM*472*20200817~CAS*PR*3*2~CAS*CO*45*176.85~REF*6R*CPKA7M5RPYDT~AMT*B6*96.14~LQ*HE*N45~LQ*HE*N381~LQ*HE*N381~SVC*HC:H0049*50*10.81**1~DTM*472*20200817~CAS*CO*45*39.19~REF*6R*CPKAWEVKDFFW~AMT*B6*10.81~LQ*HE*N381~SVC*HC:G8431*40*30.21**1~DTM*472*20200817~CAS*CO*45*9.79~REF*6R*CPKAEDKXRDTK~AMT*B6*30.21~LQ*HE*N45~LQ*HE*N381~CLP*000100039133*1*178.3*65.15**MC*2020240041657~NM1*QC*1*MYERS*SCOTT*A***MR*P255708~NM1*82*1*CADDALI*ESTRELLA*A***XX*1164974580~REF*EA*687D94987DFF471DA766034E4ABA2133~DTM*232*20200814~DTM*233*20200814~SVC*HC:99213*178.3*65.15**1~DTM*472*20200814~CAS*CO*45*113.15~REF*6R*CPKAQ9Z6BCPS~AMT*B6*65.15~LQ*HE*N45~LQ*HE*N381~CLP*000100039126*1*327.06*121.13*1*MC*2020240041679~NM1*QC*1*OHRDORF*JIMMI*L***MR*Y840687~NM1*82*1*CADDALI*ESTRELLA*A***XX*1164974580~REF*EA*5EFD70AFC4E747D692D6EB4D8A671285~DTM*232*20200814~DTM*233*20200814~SVC*HC:99396:25*312.06*113.79**1~DTM*472*20200814~CAS*CO*45*198.27~REF*6R*CPKASV9K9PRA~AMT*B6*113.79~LQ*HE*N45~LQ*HE*N381~SVC*HC:81025*15*7.34**1~DTM*472*20200814~CAS*PR*3*1~CAS*CO*45*6.66~REF*6R*CPKA997SL4PD~AMT*B6*8.34~LQ*HE*N381~LQ*HE*N381~CLP*000100038193*1*1805*1257.8**MC*2020240041713~NM1*QC*1*PEREZ*DEAN*J***MR*Y959714~NM1*82*1*GRONEMEYER*LEANNE*R***XX*1659521045~REF*EA*45585A50A04C4073AD1B5BB7981E536B~DTM*232*20200728~DTM*233*20200728~SVC*HC:J2315*1805*1257.8**380~DTM*472*20200728~CAS*CO*45*547.2~REF*6R*CPKIS8P83HLG~AMT*B6*1257.8~LQ*HE*N77~LQ*HE*N381~CLP*000100039147*1*312.06*113.79**MC*2020240041654~NM1*QC*1*RAMOS*RICHARD*V***MR*E181441~NM1*82*1*TSAMBIKOS*RICHARD****XX*1467985713~REF*EA*5FA97AD8700D4885924B38F31DBCA4FD~DTM*232*20200814~DTM*233*20200814~SVC*HC:99396*312.06*113.79**1~DTM*472*20200814~CAS*CO*45*198.27~REF*6R*CPKAW6L14CWZ~AMT*B6*113.79~LQ*HE*N45~LQ*HE*N381~CLP*000100039422*1*217.66*54.8**MC*2020240041266~NM1*QC*1*RASMUSSEN*KATHERINE*J***MR*K431756~NM1*82*1*LEWIS*HOLLY*G***XX*1295234128~REF*EA*4A1234A33E10422F9BB8DA90775994EB~DTM*232*20200819~DTM*233*20200819~SVC*HC:90832*217.66*54.8**1~DTM*472*20200819~CAS*CO*45*162.86~REF*6R*CPKAUD4F20YT~AMT*B6*54.8~LQ*HE*N381~CLP*000100039417*1*272.99*96.14**MC*2020240041478~NM1*QC*1*RASMUSSEN*KATHERINE*J***MR*K431756~NM1*82*1*TSAMBIKOS*RICHARD****XX*1467985713~REF*EA*72E2F60BF2A74A1DB297F5258F9C9EF2~DTM*232*20200819~DTM*233*20200819~SVC*HC:99214*272.99*96.14**1~DTM*472*20200819~CAS*CO*45*176.85~REF*6R*CPKA5H9W39EP~AMT*B6*96.14~LQ*HE*N45~LQ*HE*N381~CLP*000100039291*1*290.21*70.54**MC*2020240041313~NM1*QC*1*RICH*ELECTRA*C***MR*P928666~NM1*82*1*LEWIS*HOLLY*G***XX*1295234128~REF*EA*24B0A4379D374409B3F1A95A7C766085~DTM*232*20200818~DTM*233*20200818~SVC*HC:90834*290.21*70.54**1~DTM*472*20200818~CAS*CO*45*219.67~REF*6R*CPKAEX3X3IY5~AMT*B6*70.54~LQ*HE*N381~CLP*000100039002*1*790.59*260.42**MC*2020241056159~NM1*QC*1*RICH*ELECTRA*C***MR*P928666~NM1*82*1*TSAMBIKOS*RICHARD****XX*1467985713~REF*EA*956359AC6573454EA46CC52444B0D626~DTM*232*20200812~DTM*233*20200812~SVC*HC:99204:FP:25*450.07*182.18**1~DTM*472*20200812~CAS*CO*45*267.89~REF*6R*CPK2LI80RYIQ~AMT*B6*182.18~LQ*HE*N45~LQ*HE*N381~SVC*HC:90471:FP*53.53*19.27**1~DTM*472*20200812~CAS*CO*45*34.26~REF*6R*CPK2BFWD88DP~AMT*B6*19.27~LQ*HE*N45~LQ*HE*N381~SVC*HC:90715:FP*53*42.92**1~DTM*472*20200812~CAS*CO*45*10.08~REF*6R*CPK25YENM2IS~AMT*B6*42.92~LQ*HE*N381~SVC*HC:96372:FP*83.99*15.51**1~DTM*472*20200812~CAS*CO*45*68.48~REF*6R*CPK2S3LCMPFW~AMT*B6*15.51~LQ*HE*N381~SVC*HC:J1050:FP*150*.54**1~DTM*472*20200812~CAS*CO*45*149.46~REF*6R*CPK2GRVRFQ0W~AMT*B6*.54~LQ*HE*N381~CLP*000100039064*1*178.3*65.15**MC*2020240041629~NM1*QC*1*ROBLES*ELIJAH****MR*G787722~NM1*82*1*GRONEMEYER*LEANNE*R***XX*1659521045~REF*EA*5AA9DD8315604BC9B56D2F04C7D81D87~DTM*232*20200813~DTM*233*20200813~SVC*HC:99213*178.3*65.15**1~DTM*472*20200813~CAS*CO*45*113.15~REF*6R*CPKAO588SQH9~AMT*B6*65.15~LQ*HE*N45~LQ*HE*N381~CLP*000100039258*1*88.54*39**MC*2020240041499~NM1*QC*1*RODRIGUEZ*CAROLINA*M***MR*Y641512~NM1*82*1*HOOSHMAND-PARSI*KAYHOSROW****XX*1447291851~REF*EA*8D210748533948D2BA3F1134EA0CC3AF~DTM*232*20200817~DTM*233*20200817~SVC*HC:99212*88.54*39**1~DTM*472*20200817~CAS*CO*45*49.54~REF*6R*CPKA7A4V1AXT~AMT*B6*39~LQ*HE*N45~LQ*HE*N381~CLP*000100039448*1*178.3*65.15**MC*2020241056087~NM1*QC*1*ROMERO*MARGARITO*L***MR*I929050~NM1*82*1*CADDALI*ESTRELLA*A***XX*1164974580~REF*EA*14E81B6858FF4BF491DE39E2AEA0EA8D~DTM*232*20200820~DTM*233*20200820~SVC*HC:99213*178.3*65.15**1~DTM*472*20200820~CAS*CO*45*113.15~REF*6R*CPK2S0G2MC5B~AMT*B6*65.15~LQ*HE*N45~LQ*HE*N381~CLP*000100039135*1*1742.1*1699.38**MC*2020240041600~NM1*QC*1*SALAZAR*FELICIA*H***MR*G554326~NM1*82*1*TSAMBIKOS*RICHARD****XX*1467985713~REF*EA*09DC23C384FE4315853E3ADB9864E425~DTM*232*20200814~DTM*233*20200814~SVC*HC:99406*17.1*12.43**1~DTM*472*20200814~CAS*CO*45*4.67~REF*6R*CPKIWIZAR146~AMT*B6*12.43~LQ*HE*N59~LQ*HE*N45~LQ*HE*N381~SVC*HC:Q9992*1725*1686.95**1~DTM*472*20200814~CAS*CO*45*38.05~REF*6R*CPKIC3JJXU99~AMT*B6*1686.95~LQ*HE*N59~LQ*HE*N381~CLP*000100039152*1*272.99*96.14**MC*2020240041754~NM1*QC*1*SALAZAR*TAZIO*M***MR*N789226~NM1*82*1*TSAMBIKOS*RICHARD****XX*1467985713~REF*EA*2793B761C2494D198D3BAF78BC268247~DTM*232*20200814~DTM*233*20200814~SVC*HC:99214*272.99*96.14**1~DTM*472*20200814~CAS*CO*45*176.85~REF*6R*CPKAIH95K4N2~AMT*B6*96.14~LQ*HE*N45~LQ*HE*N381~CLP*000100039075*1*272.99*96.14**MC*2020240041882~NM1*QC*1*SANTIAGO*AMANDA*E***MR*O125804~NM1*82*1*GRONEMEYER*LEANNE*R***XX*1659521045~REF*EA*2A4FA64489364207B73B7940AE06B5F4~DTM*232*20200813~DTM*233*20200813~SVC*HC:99214*272.99*96.14**1~DTM*472*20200813~CAS*CO*45*176.85~REF*6R*CPKAWV5U9I8Q~AMT*B6*96.14~LQ*HE*N45~LQ*HE*N381~CLP*000100039145*1*178.3*65.15**MC*2020240041886~NM1*QC*1*SANTIAGO*AMANDA*E***MR*O125804~NM1*82*1*TSAMBIKOS*RICHARD****XX*1467985713~REF*EA*8D7EFE03A4A14946B6CC8CD5786157F2~DTM*232*20200814~DTM*233*20200814~SVC*HC:99213*178.3*65.15**1~DTM*472*20200814~CAS*CO*45*113.15~REF*6R*CPKADK80WFG9~AMT*B6*65.15~LQ*HE*N45~LQ*HE*N381~CLP*000100039042*1*327.66*117.43**MC*2020240041481~NM1*QC*1*SCAMAN*DONNA*J***MR*V729438~NM1*82*1*GRONEMEYER*LEANNE*R***XX*1659521045~REF*EA*A4F750E630B14BAC9B50BC6FB445AA46~DTM*232*20200812~DTM*233*20200812~SVC*HC:99214:25*272.99*96.14**1~DTM*472*20200812~CAS*CO*45*176.85~REF*6R*CPKABXRI3VYX~AMT*B6*96.14~LQ*HE*N45~LQ*HE*N381~SVC*HC:93000*54.67*21.29**1~DTM*472*20200812~CAS*CO*45*33.38~REF*6R*CPKA82ZNWE7P~AMT*B6*21.29~LQ*HE*N381~CLP*000100039338*1*178.3*65.15**MC*2020240041698~NM1*QC*1*SCHRINER*JACOB*E***MR*Y893432~NM1*82*1*CADDALI*ESTRELLA*A***XX*1164974580~REF*EA*D59E04C70B4A4A82A57C9D72C47B3897~DTM*232*20200818~DTM*233*20200818~SVC*HC:99213*178.3*65.15**1~DTM*472*20200818~CAS*CO*45*113.15~REF*6R*CPKACW8KHHWM~AMT*B6*65.15~LQ*HE*N45~LQ*HE*N381~CLP*000100039207*1*178.3*65.15**MC*2020240041455~NM1*QC*1*STELLE*NANCY*B***MR*E258967~NM1*82*1*GRONEMEYER*LEANNE*R***XX*1659521045~REF*EA*F44AC2FE313C4608B59B2C6A5C1F0997~DTM*232*20200817~DTM*233*20200817~SVC*HC:99213*178.3*65.15**1~DTM*472*20200817~CAS*CO*45*113.15~REF*6R*CPKAIMQCZ26I~AMT*B6*65.15~LQ*HE*N45~LQ*HE*N381~CLP*000100039090*1*178.3*65.15**MC*2020240041761~NM1*QC*1*STRAIT*LORRAINE*A***MR*Y360507~NM1*82*1*GRONEMEYER*LEANNE*R***XX*1659521045~REF*EA*8843803B80BC4F8F9BBBF6B31AF6E2A7~DTM*232*20200813~DTM*233*20200813~SVC*HC:99213*178.3*65.15**1~DTM*472*20200813~CAS*CO*45*113.15~REF*6R*CPKALTFBA0L8~AMT*B6*65.15~LQ*HE*N45~LQ*HE*N381~CLP*000100039200*1*272.99*96.14**MC*2020240041809~NM1*QC*1*SUNCELIA*POLLYANN*M***MR*B249910~NM1*82*1*GRONEMEYER*LEANNE*R***XX*1659521045~REF*EA*E23A5BB692574CB5B689832A7B83F593~DTM*232*20200817~DTM*233*20200817~SVC*HC:99214*272.99*96.14**1~DTM*472*20200817~CAS*CO*45*176.85~REF*6R*CPKAG2INQ2QH~AMT*B6*96.14~LQ*HE*N45~LQ*HE*N381~CLP*000100037551*1*1740*1686.95**MC*2020240041406~NM1*QC*1*TABARES*ANGELA****MR*V900344~NM1*82*1*HOOSHMAND-PARSI*KAYHOSROW****XX*1447291851~REF*EA*27BF6FF9722F42788C18F9DF837253ED~DTM*232*20200714~DTM*233*20200714~SVC*HC:Q9991*1725*1686.95**1~DTM*472*20200714~CAS*CO*45*38.05~REF*6R*CPKIG257BDTJ~AMT*B6*1686.95~LQ*HE*N59~LQ*HE*N381~SVC*HC:81025*15*0**0**1~DTM*472*20200714~CAS*PI*5*15~REF*6R*CPKIIACC24HY~LQ*HE*N59~LQ*HE*M77~CLP*000100039364*1*272.99*96.14**MC*2020240041704~NM1*QC*1*THOMPSON*LINDA*M***MR*E133889~NM1*82*1*CADDALI*ESTRELLA*A***XX*1164974580~REF*EA*5EA47520AC3D46EB8A5AFCC279A566F1~DTM*232*20200819~DTM*233*20200819~SVC*HC:99214*272.99*96.14**1~DTM*472*20200819~CAS*CO*45*176.85~REF*6R*CPKA3ZOGG3XW~AMT*B6*96.14~LQ*HE*N45~LQ*HE*N381~CLP*000100039261*1*272.99*96.14**MC*2020240041492~NM1*QC*1*TOTAKHAIL*SORAIYA****MR*O814415~NM1*82*1*HOOSHMAND-PARSI*KAYHOSROW****XX*1447291851~REF*EA*2F0B762167C34FAF9A88987CDA4AFC69~DTM*232*20200817~DTM*233*20200817~SVC*HC:99214*272.99*96.14**1~DTM*472*20200817~CAS*CO*45*176.85~REF*6R*CPKA8L2ZLU11~AMT*B6*96.14~LQ*HE*N45~LQ*HE*N381~CLP*000100039073*1*272.99*96.14**MC*2020240041433~NM1*QC*1*TRIPLETT*CHAZ*P***MR*O768038~NM1*82*1*CADDALI*ESTRELLA*A***XX*1164974580~REF*EA*68321A6DBB8C4EA685489B6D5A395456~DTM*232*20200813~DTM*233*20200813~SVC*HC:99214*272.99*96.14**1~DTM*472*20200813~CAS*CO*45*176.85~REF*6R*CPKAFV20TOCO~AMT*B6*96.14~LQ*HE*N45~LQ*HE*N381~CLP*000100037913*1*90*21.7**MC*2020241056542~NM1*QC*1*TRUJILLO*RICHARD*P***MR*G844415~NM1*82*1*HOOSHMAND-PARSI*KAYHOSROW****XX*1447291851~REF*EA*D023F0E8D25F4F9D885AABE63E7A7FC3~DTM*232*20200721~DTM*233*20200721~SVC*HC:H0049*50*10.81**1~DTM*472*20200721~CAS*CO*45*39.19~REF*6R*CPK2K09GSA4K~AMT*B6*10.81~LQ*HE*N381~SVC*HC:G8510*40*10.89**1~DTM*472*20200721~CAS*CO*45*29.11~REF*6R*CPK2IO5MJGMW~AMT*B6*10.89~LQ*HE*N45~LQ*HE*N381~CLP*000100037634*1*90*21.7**MC*2020241056559~NM1*QC*1*TYLER*NATHAN*R***MR*W909005~NM1*82*1*HOOSHMAND-PARSI*KAYHOSROW****XX*1447291851~REF*EA*55E36156D4FA42D6AB258E796DFAA23C~DTM*232*20200716~DTM*233*20200716~SVC*HC:H0049*50*10.81**1~DTM*472*20200716~CAS*CO*45*39.19~REF*6R*CPK28EAGQ409~AMT*B6*10.81~LQ*HE*N381~SVC*HC:G8510*40*10.89**1~DTM*472*20200716~CAS*CO*45*29.11~REF*6R*CPK2KGCTTCNA~AMT*B6*10.89~LQ*HE*N45~LQ*HE*N381~CLP*000100038278*1*1805*1257.8**MC*2020240041578~NM1*QC*1*URIE*NATHAN*J***MR*Y183401~NM1*82*1*GRONEMEYER*LEANNE*R***XX*1659521045~REF*EA*5EB2EB71D7BB4BCF9B56FD550798E494~DTM*232*20200729~DTM*233*20200729~SVC*HC:J2315*1805*1257.8**380~DTM*472*20200729~CAS*CO*45*547.2~REF*6R*CPKITPNHNGON~AMT*B6*1257.8~LQ*HE*N59~LQ*HE*N381~CLP*000100035532*1*15*8.42**MC*2020240041732~NM1*QC*1*VALLES*SANDRA****MR*K193489~NM1*82*1*HOOSHMAND-PARSI*KAYHOSROW****XX*1447291851~REF*EA*5C5D30759A6B47B58A3113F097AEEFEE~DTM*232*20200601~DTM*233*20200601~SVC*HC:81025*15*8.42**1~DTM*472*20200601~CAS*CO*45*6.58~REF*6R*CPKIVWWKXWXA~AMT*B6*8.42~LQ*HE*N59~LQ*HE*N381~CLP*000100038966*1*450.07*148.09**MC*2020240041786~NM1*QC*1*VARGAS*VALENAH****MR*G601034~NM1*82*1*TSAMBIKOS*RICHARD****XX*1467985713~REF*EA*7C43D07BEF014D3BA56650A08D92B35F~DTM*232*20200812~DTM*233*20200812~SVC*HC:99204*450.07*148.09**1~DTM*472*20200812~CAS*CO*45*301.98~REF*6R*CPKAICNSCLJ6~AMT*B6*148.09~LQ*HE*N45~LQ*HE*N381~CLP*000100038962*1*178.3*65.15**MC*2020240041876~NM1*QC*1*VELARDE*DAVEY****MR*P044042~NM1*82*1*CADDALI*ESTRELLA*A***XX*1164974580~REF*EA*CFBBC729C22A4226A1A138F5916F355E~DTM*232*20200812~DTM*233*20200812~SVC*HC:99213*178.3*65.15**1~DTM*472*20200812~CAS*CO*45*113.15~REF*6R*CPKAFO98F990~AMT*B6*65.15~LQ*HE*N45~LQ*HE*N381~CLP*000100039358*1*178.3*65.15**MC*2020240041880~NM1*QC*1*VELARDE*DAVEY****MR*P044042~NM1*82*1*CADDALI*ESTRELLA*A***XX*1164974580~REF*EA*B7FE2C8D8CCA487AB7D9A74DE11F132B~DTM*232*20200819~DTM*233*20200819~SVC*HC:99213*178.3*65.15**1~DTM*472*20200819~CAS*CO*45*113.15~REF*6R*CPKAQHGE4VV7~AMT*B6*65.15~LQ*HE*N45~LQ*HE*N381~CLP*000100039458*1*178.3*65.15**MC*2020241056457~NM1*QC*1*VIGIL*ALBERT****MR*Y910988~NM1*82*1*TSAMBIKOS*RICHARD****XX*1467985713~REF*EA*0002CEB8EC994338B5FF6B0CFFB08453~DTM*232*20200820~DTM*233*20200820~SVC*HC:99213*178.3*65.15**1~DTM*472*20200820~CAS*CO*45*113.15~REF*6R*CPK24IX2OQI5~AMT*B6*65.15~LQ*HE*N45~LQ*HE*N381~CLP*000100039316*1*272.99*96.14**MC*2020240041570~NM1*QC*1*VIGIL*JACOB*J***MR*T137873~NM1*82*1*CADDALI*ESTRELLA*A***XX*1164974580~REF*EA*D2F2FC9167A445DAB40A143CE3057AC3~DTM*232*20200818~DTM*233*20200818~SVC*HC:99214*272.99*96.14**1~DTM*472*20200818~CAS*CO*45*176.85~REF*6R*CPKAD0W7G2OM~AMT*B6*96.14~LQ*HE*N45~LQ*HE*N381~CLP*000100039292*1*178.3*65.15**MC*2020241056403~NM1*QC*1*VILLASENOR*MIQUEILA*C***MR*K174349~NM1*82*1*CADDALI*ESTRELLA*A***XX*1164974580~REF*EA*74085DDBA39B460B88D60699A194FDAE~DTM*232*20200818~DTM*233*20200818~SVC*HC:99213*178.3*65.15**1~DTM*472*20200818~CAS*CO*45*113.15~REF*6R*CPK24LM3L5ZK~AMT*B6*65.15~LQ*HE*N45~LQ*HE*N381~CLP*000100039106*1*178.3*65.15**MC*2020240041437~NM1*QC*1*WALKER*CHANTEL*R***MR*P824583~NM1*82*1*CADDALI*ESTRELLA*A***XX*1164974580~REF*EA*A4AA666A368B4DD3AAFDA083B7D577CC~DTM*232*20200813~DTM*233*20200813~SVC*HC:99213*178.3*65.15**1~DTM*472*20200813~CAS*CO*45*113.15~REF*6R*CPKA514BHHIQ~AMT*B6*65.15~LQ*HE*N45~LQ*HE*N381~CLP*000100036427*1*84.89*16.19**MC*2020241055995~NM1*QC*1*WALKER*CHANTEL*R***MR*P824583~NM1*82*1*CADDALI*ESTRELLA*A***XX*1164974580~REF*EA*484773CEDC5A4BDCBAA7D96719C53A72~DTM*232*20200618~DTM*233*20200618~SVC*HC:96372*83.99*15.67**1~DTM*472*20200618~CAS*CO*45*68.32~REF*6R*CPK2BSJQU30W~AMT*B6*15.67~LQ*HE*N381~SVC*HC:J0696*.9*.52**1~DTM*472*20200618~CAS*CO*45*.38~REF*6R*CPK2BHXDRN6J~AMT*B6*.52~LQ*HE*N381~CLP*000100039319*1*178.3*65.15**MC*2020240041531~NM1*QC*1*WARREN*DARRYL*D***MR*L222642~NM1*82*1*CADDALI*ESTRELLA*A***XX*1164974580~REF*EA*72A79B7511A748A2AEB1626087DC46A2~DTM*232*20200818~DTM*233*20200818~SVC*HC:99213*178.3*65.15**1~DTM*472*20200818~CAS*CO*45*113.15~REF*6R*CPKA62IOWO8A~AMT*B6*65.15~LQ*HE*N45~LQ*HE*N381~CLP*000100037931*1*94*44.39**MC*2020240041648~NM1*QC*1*WESTERBERG*TRAVIS*T***MR*G392407~NM1*82*1*GRONEMEYER*LEANNE*R***XX*1659521045~REF*EA*74429684ABF14452800486BC14AF1DC6~DTM*232*20200722~DTM*233*20200722~SVC*HC:H0049*50*10.81**1~DTM*472*20200722~CAS*CO*45*39.19~REF*6R*CPKI73TBT7XR~AMT*B6*10.81~LQ*HE*N59~LQ*HE*N381~SVC*HC:G8431*40*30.21**1~DTM*472*20200722~CAS*CO*45*9.79~REF*6R*CPKIKVL26D06~AMT*B6*30.21~LQ*HE*N59~LQ*HE*N45~LQ*HE*N381~SVC*HC:81002*4*3.37**1~DTM*472*20200722~CAS*CO*45*.63~REF*6R*CPKI43JBMCJQ~AMT*B6*3.37~LQ*HE*N59~LQ*HE*N381~CLP*000100039243*1*272.99*96.14**MC*2020240041639~NM1*QC*1*WILLIS*DIANE****MR*D774337~NM1*82*1*GRONEMEYER*LEANNE*R***XX*1659521045~REF*EA*C5C087ED73604F688D4AE404033D7468~DTM*232*20200817~DTM*233*20200817~SVC*HC:99214*272.99*96.14**1~DTM*472*20200817~CAS*CO*45*176.85~REF*6R*CPKA12MRMCXA~AMT*B6*96.14~LQ*HE*N45~LQ*HE*N381~CLP*000100036986*1*15*8.34**MC*2020240041850~NM1*QC*1*WOODARD*LYDIA****MR*P869732~NM1*82*1*SEARLES*DENISE*A***XX*1396971230~REF*EA*936F781A827B4C7EABBF5E7DA615852A~DTM*232*20200701~DTM*233*20200701~SVC*HC:81025*15*8.34**1~DTM*472*20200701~CAS*CO*45*6.66~REF*6R*CPKIKNM0HJWK~AMT*B6*8.34~LQ*HE*N59~LQ*HE*N381~CLP*000100037085*1*90*21.7**MC*2020241055908~NM1*QC*1*WYATT*MARK*A***MR*O690192~NM1*82*1*HOOSHMAND-PARSI*KAYHOSROW****XX*1447291851~REF*EA*B0766D7B0F944084A22FB321F77000DF~DTM*232*20200702~DTM*233*20200702~SVC*HC:H0049*50*10.81**1~DTM*472*20200702~CAS*CO*45*39.19~REF*6R*CPK25QA552UO~AMT*B6*10.81~LQ*HE*N381~SVC*HC:G8510*40*10.89**1~DTM*472*20200702~CAS*CO*45*29.11~REF*6R*CPK2TC3WTEAX~AMT*B6*10.89~LQ*HE*N45~LQ*HE*N381~CLP*000100039313*1*178.3*65.15**MC*2020240041769~NM1*QC*1*WYATT*NADINE*D***MR*O816818~NM1*82*1*CADDALI*ESTRELLA*A***XX*1164974580~REF*EA*6FE6B38CB8044E108A11B84751301587~DTM*232*20200818~DTM*233*20200818~SVC*HC:99213*178.3*65.15**1~DTM*472*20200818~CAS*CO*45*113.15~REF*6R*CPKA66TAX43I~AMT*B6*65.15~LQ*HE*N45~LQ*HE*N381~CLP*000100039094*4*247.14*0**MC*2020240041844~NM1*QC*1*AKIN*LANDEIGN****MR*P639860~NM1*82*1*GRONEMEYER*LEANNE*R***XX*1659521045~REF*EA*DB835FF199F5428FBBD8CE9C85356480~DTM*232*20200813~DTM*233*20200813~SVC*HC:99392*247.14*0**0**1~DTM*472*20200813~CAS*CO*109*247.14~REF*6R*CPKAUDH49BAP~LQ*HE*N30~CLP*000100038895*4*272.99*0**MC*2020240041463~NM1*QC*1*ARAGON*NESTOR****MR*R427575~NM1*82*1*CADDALI*ESTRELLA*A***XX*1164974580~REF*EA*8CE562254A4B48ACB00F89D3547B0B3A~DTM*232*20200811~DTM*233*20200811~SVC*HC:99214*272.99*0**0**1~DTM*472*20200811~CAS*PI*16*272.99~REF*6R*CPKAYFB5KMA0~LQ*HE*N45~LQ*HE*N381~CLP*000100037395*4*15*0**MC*2020240041552~NM1*QC*1*AVILA*KRISTA*M***MR*K943511~NM1*82*1*SEARLES*DENISE*A***XX*1396971230~REF*EA*C7F34EAEC590438981C8429AF01C5BD7~DTM*232*20200710~DTM*233*20200710~SVC*HC:81025*15*0**0**1~DTM*472*20200710~CAS*PI*5*15~REF*6R*CPKI66K17AWK~LQ*HE*N59~LQ*HE*M77~CLP*000100037255*4*27.33*0**MC*2020240041346~NM1*QC*1*BLASKOVIC*JESSICA****MR*P861953~NM1*82*1*HOOSHMAND-PARSI*KAYHOSROW****XX*1447291851~REF*EA*8DAA7EDFFD0441F79E9F26029AC545D4~DTM*232*20200708~DTM*233*20200708~SVC*HC:86580*27.33*0**0**1~DTM*472*20200708~CAS*PI*5*27.33~REF*6R*CPKI3TF593Z3~LQ*HE*N59~LQ*HE*M77~CLP*000100036851*4*178.3*0**MC*2020240041537~NM1*QC*1*BROWN*SAMANTHA*L***MR*U792619~NM1*82*1*HOOSHMAND-PARSI*KAYHOSROW****XX*1447291851~REF*EA*FEDDE29B7C0C43AAAB79D6021A09E1E0~DTM*232*20200629~DTM*233*20200629~SVC*HC:99213:25*178.3*0**0**1~DTM*472*20200629~CAS*PI*16*178.3~REF*6R*CPKAV40HR1X7~LQ*HE*N59~LQ*HE*MA64~CLP*000100033717*4*55*0**MC*2020240041730~NM1*QC*1*BURCH*ROSALIE*A***MR*B253706~NM1*82*1*GRONEMEYER*LEANNE*R***XX*1659521045~REF*EA*6CF77BCBE9D04E37B7BA4F7651DD86FD~DTM*232*20200423~DTM*233*20200423~SVC*HC:G2012*55*0**0**1~DTM*472*20200423~CAS*CO*56*55~REF*6R*CPKA8BZS0FO0~LQ*HE*N130~CLP*000100033666*4*55*0**MC*2020240041728~NM1*QC*1*CHAVEZ*CHRISTOPHER****MR*D491163~NM1*82*1*GRONEMEYER*LEANNE*R***XX*1659521045~REF*EA*48EE375ABD444900A9FE13EDE20C70B2~DTM*232*20200423~DTM*233*20200423~SVC*HC:G2012*55*0**0**1~DTM*472*20200423~CAS*CO*56*55~REF*6R*CPKAB0OCRV7N~LQ*HE*N130~CLP*000100030701*4*178*0**MC*2020240041789~NM1*QC*1*COOK*DAVID*T***MR*M267307~NM1*82*1*CADDALI*ESTRELLA*A***XX*1164974580~REF*EA*F4420064436D471087DA65E533187A0E~DTM*232*20200227~DTM*233*20200227~SVC*HC:99213:25*90*0**0**1~DTM*472*20200227~CAS*PI*16*90~REF*6R*CPKA2VV3UCDJ~LQ*HE*N30~LQ*HE*MA92~LQ*HE*MA92~LQ*HE*MA92~LQ*HE*N56~SVC*HC:90471*35*0**0**1~DTM*472*20200227~CAS*PI*16*35~REF*6R*CPKA20HCCK82~LQ*HE*N30~LQ*HE*MA92~LQ*HE*MA92~LQ*HE*MA92~LQ*HE*N56~SVC*HC:90715*53*0**0**1~DTM*472*20200227~CAS*PI*16*53~REF*6R*CPKAQ2IXE276~LQ*HE*N30~LQ*HE*MA92~LQ*HE*MA92~LQ*HE*MA92~LQ*HE*N56~CLP*000100031974*4*135*0**MC*2020241056334~NM1*QC*1*DICKERSON*RAUNITA****MR*G832391~NM1*82*1*GRONEMEYER*LEANNE*R***XX*1659521045~REF*EA*B5346B8CC77F4895B9D472D819E80D0E~DTM*232*20200323~DTM*233*20200323~SVC*HC:J1050:FP*135*0**0**150~DTM*472*20200323~CAS*PI*16*135~REF*6R*CPK2FAJMKFDO~LQ*HE*MA92~CLP*000100032868*4*55*0**MC*2020240041454~NM1*QC*1*GALLEGOS*CARLOS*L***MR*P497529~NM1*82*1*GRONEMEYER*LEANNE*R***XX*1659521045~REF*EA*C2934E256130499F88DE2E83874611B7~DTM*232*20200407~DTM*233*20200407~SVC*HC:G2012*55*0**0**1~DTM*472*20200407~CAS*CO*56*55~REF*6R*CPKAQV4ORWAF~LQ*HE*N130~LQ*HE*N130~CLP*000100036980*4*19.75*0**MC*2020240041691~NM1*QC*1*GONZALES*CRYSTAL*D***MR*M921754~NM1*82*1*SEARLES*DENISE*A***XX*1396971230~REF*EA*EF0E92EE24834086A819493DAC03632F~DTM*232*20200701~DTM*233*20200701~SVC*HC:J2315*4.75*0**0**1~DTM*472*20200701~CAS*PI*5*4.75~REF*6R*CPKILKBN7QTV~LQ*HE*N59~LQ*HE*N95~LQ*HE*N95~LQ*HE*M77~LQ*HE*M77~SVC*HC:81025*15*0**0**1~DTM*472*20200701~CAS*PI*5*15~REF*6R*CPKIU2YTIF5L~LQ*HE*N59~LQ*HE*M77~LQ*HE*M77~CLP*000100036844*4*15*0**MC*2020240041581~NM1*QC*1*JOHNSON*TIFFANY*S***MR*L497210~NM1*82*1*HOOSHMAND-PARSI*KAYHOSROW****XX*1447291851~REF*EA*F053430241914E0C9E52E5140811FD6C~DTM*232*20200629~DTM*233*20200629~SVC*HC:81025*15*0**0**1~DTM*472*20200629~CAS*PI*5*15~REF*6R*CPKIHTTE2P7H~LQ*HE*N59~LQ*HE*M77~CLP*000100038999*4*15*0**MC*2020240041853~NM1*QC*1*KINCAID*JANAY*L***MR*Y577521~NM1*82*1*SEARLES*DENISE*A***XX*1396971230~REF*EA*3C9457BAF1F2422CB6056092676DE1F4~DTM*232*20200812~DTM*233*20200812~SVC*HC:81025*15*0**0**1~DTM*472*20200812~CAS*PI*5*15~REF*6R*CPKA8G19CVQJ~LQ*HE*N59~LQ*HE*M77~CLP*000100037977*4*15*0**MC*2020240041859~NM1*QC*1*KINCAID*JANAY*L***MR*Y577521~NM1*82*1*GRONEMEYER*LEANNE*R***XX*1659521045~REF*EA*4D42E72A2E1E42ABB4E19769B98E113C~DTM*232*20200722~DTM*233*20200722~SVC*HC:81025*15*0**0**1~DTM*472*20200722~CAS*PI*5*15~REF*6R*CPKAEB193DXX~LQ*HE*N59~LQ*HE*M77~CLP*000100038675*4*15*0**MC*2020240041860~NM1*QC*1*KINCAID*JANAY*L***MR*Y577521~NM1*82*1*SEARLES*DENISE*A***XX*1396971230~REF*EA*0069BEBC3D524C5DBCF8D64C0C62771B~DTM*232*20200805~DTM*233*20200805~SVC*HC:81025*15*0**0**1~DTM*472*20200805~CAS*PI*5*15~REF*6R*CPKA3Z7P4NNN~LQ*HE*N59~LQ*HE*M77~CLP*000100038077*4*436.54*0**MC*2020240041326~NM1*QC*1*LEASURE*JAMIE****MR*R589473~NM1*82*1*LEWIS*HOLLY*G***XX*1295234128~REF*EA*5BC3E07E82C148BA91E871FC836A55C2~DTM*232*20200724~DTM*233*20200724~SVC*HC:90837*436.54*0**0**1~DTM*472*20200724~CAS*PI*16*436.54~REF*6R*CPKA925RPHCH~LQ*HE*MA64~CLP*000100037383*4*437.77*0**MC*2020240041336~NM1*QC*1*LEASURE*JAMIE****MR*R589473~NM1*82*1*LEWIS*HOLLY*G***XX*1295234128~REF*EA*8664E859D0F9444EAE7CB2E853EFA33E~DTM*232*20200710~DTM*233*20200710~SVC*HC:90791*437.77*0**0**1~DTM*472*20200710~CAS*PI*16*437.77~REF*6R*CPKA5Z483TIU~LQ*HE*MA64~CLP*000100037292*4*178.3*0**MC*2020240041745~NM1*QC*1*LEASURE*JAMIE****MR*R589473~NM1*82*1*CADDALI*ESTRELLA*A***XX*1164974580~REF*EA*730AD94DD6624CD19D4091FCF6B67B8E~DTM*232*20200708~DTM*233*20200708~SVC*HC:99213:25*178.3*0**0**1~DTM*472*20200708~CAS*PI*16*178.3~REF*6R*CPKA5Z02PDEF~LQ*HE*MA64~CLP*000100037665*4*285.36*0**MC*2020241056343~NM1*QC*1*MANNON*ANGELA*T***MR*O289251~NM1*82*1*HOOSHMAND-PARSI*KAYHOSROW****XX*1447291851~REF*EA*A6B7354475C745F9BA3855F56EAEE748~DTM*232*20200716~DTM*233*20200716~SVC*HC:99213:25*178.3*0**0**1~DTM*472*20200716~CAS*PI*167*178.3~REF*6R*CPK297CHN1FM~LQ*HE*MA63~LQ*HE*MA92~LQ*HE*N56~SVC*HC:G0396*107.06*0**0**1~DTM*472*20200716~CAS*CO*56*107.06~REF*6R*CPK2VCZFYF5Z~LQ*HE*N130~CLP*000100035592*4*272.99*0**MC*2020240041690~NM1*QC*1*PINEDA*REBECCA****MR*G931467~NM1*82*1*CADDALI*ESTRELLA*A***XX*1164974580~REF*EA*77F9D4D8489C43BF8B786516FB3752BA~DTM*232*20200602~DTM*233*20200602~SVC*HC:99214*272.99*0**0**1~DTM*472*20200602~CAS*PI*16*272.99~REF*6R*CPKAZKP6RCVZ~LQ*HE*MA63~LQ*HE*MA92~LQ*HE*MA92~LQ*HE*N56~CLP*000100038644*4*450.07*0**MC*2020241056528~NM1*QC*1*ROBINSON*JASMINE*R***MR*Y094819~NM1*82*1*CADDALI*ESTRELLA*A***XX*1164974580~REF*EA*DB048F04849A489384814BA438C310F5~DTM*232*20200805~DTM*233*20200805~SVC*HC:99204*450.07*0**0**1~DTM*472*20200805~CAS*PI*16*450.07~REF*6R*CPK2YDS4ODBY~LQ*HE*N30~LQ*HE*MA92~LQ*HE*MA92~CLP*000100038523*4*1895*0**MC*2020240041847~NM1*QC*1*SEARS*SHAWN*L***MR*N161061~NM1*82*1*GRONEMEYER*LEANNE*R***XX*1659521045~REF*EA*108DE35FA62A4B549748DC15D7D413D5~DTM*232*20200803~DTM*233*20200803~SVC*HC:J2315*1805*0**0**380~DTM*472*20200803~CAS*CO*109*1805~REF*6R*CPKA8GZB3G40~LQ*HE*N59~LQ*HE*N381~SVC*HC:H0049*50*0**0**1~DTM*472*20200803~CAS*CO*109*50~REF*6R*CPKAH1E7L3I2~LQ*HE*N59~LQ*HE*N381~SVC*HC:G8431*40*0**0**1~DTM*472*20200803~CAS*CO*109*40~REF*6R*CPKA4BY7ZJVL~LQ*HE*N59~LQ*HE*N381~CLP*000100038325*4*178.3*0**MC*2020241056351~NM1*QC*1*VELASQUEZ*JOE*L***MR*H473605~NM1*82*1*CADDALI*ESTRELLA*A***XX*1164974580~REF*EA*9C8492ECD1FA484E884D4633897B0AE8~DTM*232*20200729~DTM*233*20200729~SVC*HC:99213*178.3*0**0**1~DTM*472*20200729~CAS*PI*96*178.3~REF*6R*CPK2L93V4Z1O~LQ*HE*N30~LQ*HE*MA92~CLP*000100036865*4*272.99*0**MC*2020240041613~NM1*QC*1*VIGIL*DIONICIO*F***MR*J909992~NM1*82*1*HOOSHMAND-PARSI*KAYHOSROW****XX*1447291851~REF*EA*BB75CE202AF743CA9C8C194DC705624F~DTM*232*20200629~DTM*233*20200629~SVC*HC:99214*272.99*0**0**1~DTM*472*20200629~CAS*PI*16*272.99~REF*6R*CPKAECZ5USZY~LQ*HE*N30~LQ*HE*MA92~LQ*HE*MA92~LQ*HE*MA92~LQ*HE*N56~CLP*000100037056*4*54.67*0**MC*2020240041726~NM1*QC*1*WINEGARNER*DANIEL*B***MR*Y063045~NM1*82*1*CADDALI*ESTRELLA*A***XX*1164974580~REF*EA*296EA366B2A84C118E701E87F9B15811~DTM*232*20200702~DTM*233*20200702~SVC*HC:93000*54.67*0**0**1~DTM*472*20200702~CAS*PI*96*54.67~REF*6R*CPKAL03G2BZ8~LQ*HE*N30~LQ*HE*MA92~SE*2452*000010013~GE*1*100007261~IEA*1*100007261~