ISA*00*          *00*          *ZZ*COMEDASSISTPROG*ZZ*6769489        *200803*0230*^*00501*100012696*0*P*:~GS*HP*COMEDASSISTPROG*6769489*20200803*023050*100012696*X*005010X221A1~ST*835*000010011~BPR*I*8142.95*C*ACH*CCP*01*075911603*DA*00000004556640373*1811725341**01*102106569*DA*2200002989138*20200803~TRN*1*001046650*1811725341~REF*EV*1508250911~DTM*405*20200731~N1*PR*CO_TXIX*XV*7912900843~N3*P.O. BOX 30~N4*DENVER*CO*80201~PER*CX*MEDICAID PROVIDER SERVICES*TE*8442352387~PER*BL*MEDICAID PROVIDER SERVICES*TE*8442352387~N1*PE*HEALTH SOLUTIONS MED CENTER*XX*1508250911~REF*TJ*841158933~LX*1~CLP*000100036410*2*316.11*19.4**MC*2020213006512~NM1*QC*1*BACA*FLORA*J***MR*N338297~NM1*82*1*GRONEMEYER*LEANNE*R***XX*1659521045~REF*EA*AA3520AF996C4A818D9A3A0AD21033BC~DTM*232*20200618~DTM*233*20200618~SVC*HC:99213:95:25*178.3*13.11**1~DTM*472*20200618~CAS*CO*45*165.19~REF*6R*CP9QKVQ17EUV~AMT*B6*13.11~LQ*HE*N381~LQ*HE*N381~SVC*HC:G0444:95*30.75*0**1~DTM*472*20200618~CAS*CO*45*30.75~REF*6R*CP9QWH7FW8SV~SVC*HC:G0396:95*107.06*6.29**1~DTM*472*20200618~CAS*OA*P22*100.77~REF*6R*CP9QIC7NL64Y~AMT*B6*6.29~LQ*HE*MA125~CLP*000100036073*2*2082.29*261.16**MC*2020210002356~NM1*QC*1*BARNELL*SHANNA*V***MR*R948166~NM1*82*1*SEARLES*DENISE*A***XX*1396971230~REF*EA*3FC0B0EC1C594F959FB1BB938AA8BB18~DTM*232*20200611~DTM*233*20200611~SVC*HC:99213:25*178.3*13.11**1~DTM*472*20200611~CAS*CO*45*165.19~REF*6R*CP9UJ7I0W5LN~AMT*B6*13.11~LQ*HE*N381~LQ*HE*N381~SVC*HC:96372*83.99*2.49**1~DTM*472*20200611~CAS*CO*45*81.5~REF*6R*CP9UP07584RC~AMT*B6*2.49~LQ*HE*N381~LQ*HE*N381~SVC*HC:J2315*1805*245.56**380~DTM*472*20200611~CAS*CO*45*1559.44~REF*6R*CP9U4BUEUELF~AMT*B6*245.56~LQ*HE*N381~LQ*HE*N381~SVC*HC:81025*15*0**1~DTM*472*20200611~CAS*CO*45*15~REF*6R*CP9U3EO7QDVZ~LQ*HE*N381~CLP*29525*2*134*40**MC*2220209004462~NM1*QC*1*DIAZ*GEORGINA*L***MR*I770082~DTM*232*20200206~DTM*233*20200206~SVC*HC:99214*134*40**1~DTM*472*20200206~CAS*CO*45*94~REF*HPI*1396971230~AMT*B6*40~LQ*HE*N381~LQ*HE*N381~CLP*000100030020*2*310*34.97**MC*2020210002376~NM1*QC*1*GALLEGOS*CARLOS*L***MR*P497529~NM1*82*1*GRONEMEYER*LEANNE*R***XX*1659521045~REF*EA*63E3C14B0E6940859860606CE52AB4A3~DTM*232*20200218~DTM*233*20200218~SVC*HC:99204:25*205*28.68**1~DTM*472*20200218~CAS*CO*45*176.32~REF*6R*CP9UJ4MRHGZ6~AMT*B6*28.68~LQ*HE*N381~LQ*HE*N381~SVC*HC:99415*45*0**1~DTM*472*20200218~CAS*CO*45*37.89~CAS*OA*23*7.11~REF*6R*CP9U9K268B68~LQ*HE*N381~LQ*HE*N381~SVC*HC:G0444*20*0**1~DTM*472*20200218~CAS*CO*45*20~REF*6R*CP9U3G3RR4X4~SVC*HC:G0396*40*6.29**1~DTM*472*20200218~CAS*OA*P22*33.71~REF*6R*CP9URKCKFXHP~AMT*B6*6.29~LQ*HE*MA125~CLP*000100036213*2*178.3*13.11**MC*2020210002373~NM1*QC*1*MARTINEZ FOOS*CHRISTINA*M***MR*H925604~NM1*74*1*MARTINEZ~NM1*82*1*GRONEMEYER*LEANNE*R***XX*1659521045~REF*EA*858AC72B82CF4E0DA28DEB2960314C73~DTM*232*20200615~DTM*233*20200615~SVC*HC:99213:95*178.3*13.11**1~DTM*472*20200615~CAS*CO*45*165.19~REF*6R*CP9UMO4TAFR5~AMT*B6*13.11~LQ*HE*N381~LQ*HE*N381~CLP*000100030781*2*2472.92*280.14**MC*2020210002369~NM1*QC*1*PEREA*TARA*J***MR*S007533~NM1*74*1*MONCIVAIZ~NM1*82*1*LUCAS*PEGGI*S***XX*1366419582~REF*EA*D21647614BD64CB2A6783831C9AF9AF0~DTM*232*20200302~DTM*233*20200302~SVC*HC:99215:25*386.12*25.5**1~DTM*472*20200302~CAS*CO*45*360.62~REF*6R*CP9U3HYZK9QY~AMT*B6*25.5~LQ*HE*N381~LQ*HE*N381~SVC*HC:99415*45*0**1~DTM*472*20200302~CAS*CO*45*37.89~CAS*OA*23*7.11~REF*6R*CP9UW4C8ONSD~LQ*HE*N381~LQ*HE*N381~SVC*HC:96372*83.99*2.49**1~DTM*472*20200302~CAS*CO*45*81.5~REF*6R*CP9UDYQR6YNF~AMT*B6*2.49~LQ*HE*N381~LQ*HE*N381~SVC*HC:J2315*1805*245.86**380~DTM*472*20200302~CAS*CO*45*1559.14~REF*6R*CP9USH7Z8JC5~AMT*B6*245.86~LQ*HE*N381~LQ*HE*N381~SVC*HC:G0444*30.75*0**1~DTM*472*20200302~CAS*CO*45*30.75~REF*6R*CP9U1FY7MWYX~SVC*HC:G0396*107.06*6.29**1~DTM*472*20200302~CAS*OA*P22*100.77~REF*6R*CP9UDA8E9UKV~AMT*B6*6.29~LQ*HE*MA125~LQ*HE*MA125~SVC*HC:81025*15*0**1~DTM*472*20200302~CAS*CO*45*15~REF*6R*CP9UCS1U3J94~LQ*HE*N381~CLP*000100036233*2*22*2.28**MC*2020213006510~NM1*QC*1*RAY*ANTHONY****MR*P910642~NM1*82*1*GRONEMEYER*LEANNE*R***XX*1659521045~REF*EA*D1B6B313985F431390BF82DBC665C50A~DTM*232*20200615~DTM*233*20200615~SVC*HC:G2012*22*2.28**1~DTM*472*20200615~CAS*OA*P22*19.72~REF*6R*CP9QTGACVLQD~AMT*B6*2.28~LQ*HE*MA125~LQ*HE*MA125~CLP*000100035936*2*45*5.33**MC*2020210002367~NM1*QC*1*THOMAS*SIDNEY****MR*B976371~NM1*82*1*HOOSHMAND-PARSI*KAYHOSROW****XX*1447291851~REF*EA*C9A70F828A5E4DE59E444D87E017939A~DTM*232*20200609~DTM*233*20200609~SVC*HC:99443*45*5.33**1~DTM*472*20200609~CAS*CO*45*39.67~REF*6R*CP9UJH34T0X6~AMT*B6*5.33~LQ*HE*N381~LQ*HE*N381~CLP*000100036310*2*178.3*13.11**MC*2020210002379~NM1*QC*1*TUTTLE*CHRISTOPH*D***MR*W102437~NM1*82*1*CADDALI*ESTRELLA*A***XX*1164974580~REF*EA*8FD6122C97E3457BBF519B9B2FCA1EE5~DTM*232*20200617~DTM*233*20200617~SVC*HC:99213:95*178.3*13.11**1~DTM*472*20200617~CAS*CO*45*165.19~REF*6R*CP9UJXU5Y8QC~AMT*B6*13.11~LQ*HE*N381~LQ*HE*N381~CLP*000100036841*4*83.99*0**MC*2020212003939~NM1*QC*1*DICKERSON*RAUNITA****MR*G832391~NM1*82*1*GRONEMEYER*LEANNE*R***XX*1659521045~REF*EA*BB98280F882C4812ABA2A2E2AFCBEDE6~DTM*232*20200629~DTM*233*20200629~SVC*HC:96372*83.99*0**0**1~DTM*472*20200629~CAS*PI*16*83.99~REF*6R*CPAEGL7KMLVE~LQ*HE*N554~CLP*000100037712*1*272.99*94.14*2*MC*2020211038624~NM1*QC*1*ABEYTA*KRISTA****MR*G102892~NM1*82*1*CADDALI*ESTRELLA*A***XX*1164974580~REF*EA*C8E9A80EDAD945D185817BC9FA24DECE~DTM*232*20200717~DTM*233*20200717~SVC*HC:99214*272.99*94.14**1~DTM*472*20200717~CAS*PR*3*2~CAS*CO*45*176.85~REF*6R*CPAU7EGNGHAW~AMT*B6*96.14~LQ*HE*N45~LQ*HE*N381~LQ*HE*N381~CLP*000100037571*1*272.99*96.14**MC*2020211038517~NM1*QC*1*CHAVEZ*JACQULINE*M***MR*G934658~NM1*74*1*ANDERSON*JACKIE~NM1*82*1*SEARLES*DENISE*A***XX*1396971230~REF*EA*E4FBC2BDDA624FA49C1AD2C1DC176FF3~DTM*232*20200715~DTM*233*20200715~SVC*HC:99214*272.99*96.14**1~DTM*472*20200715~CAS*CO*45*176.85~REF*6R*CPAUEN08OH30~AMT*B6*96.14~LQ*HE*N45~LQ*HE*N381~CLP*000100037638*1*272.99*96.14**MC*2020211038566~NM1*QC*1*ARAGON*NESTOR****MR*R427575~NM1*82*1*CADDALI*ESTRELLA*A***XX*1164974580~REF*EA*F89E962075864E2F8537A7A180EA5413~DTM*232*20200716~DTM*233*20200716~SVC*HC:99214*272.99*96.14**1~DTM*472*20200716~CAS*CO*45*176.85~REF*6R*CPAUFXZSF4ZB~AMT*B6*96.14~LQ*HE*N45~LQ*HE*N381~CLP*000100037552*1*272.99*96.14**MC*2020211038572~NM1*QC*1*ARCHULETTA*CHARTAE****MR*S666957~NM1*74*1*ARCHULETA**R~NM1*82*1*CADDALI*ESTRELLA*A***XX*1164974580~REF*EA*38D630326ACD4B0CB8F9E1BAB3F32422~DTM*232*20200714~DTM*233*20200714~SVC*HC:99214*272.99*96.14**1~DTM*472*20200714~CAS*CO*45*176.85~REF*6R*CPAUY7UGQ3ZX~AMT*B6*96.14~LQ*HE*N45~LQ*HE*N381~CLP*000100037590*1*366.73*135.08**MC*2020211038812~NM1*QC*1*ARCHULETA*MANUEL****MR*H389850~NM1*82*1*HOOSHMAND-PARSI*KAYHOSROW****XX*1447291851~REF*EA*C203D636F16D48CE810B4FE70A5C13C6~DTM*232*20200715~DTM*233*20200715~SVC*HC:99396:25*312.06*113.79**1~DTM*472*20200715~CAS*CO*45*198.27~REF*6R*CPAUPP8R7T7O~AMT*B6*113.79~LQ*HE*N45~LQ*HE*N381~SVC*HC:93000*54.67*21.29**1~DTM*472*20200715~CAS*CO*45*33.38~REF*6R*CPAU9MTFQR3R~AMT*B6*21.29~LQ*HE*N381~CLP*000100037821*1*178.3*65.15**MC*2020211038578~NM1*QC*1*ASKINS*STACY*J***MR*P163936~NM1*82*1*GRONEMEYER*LEANNE*R***XX*1659521045~REF*EA*28B75152485B4810BE0D29A5654F1B5F~DTM*232*20200720~DTM*233*20200720~SVC*HC:99213*178.3*65.15**1~DTM*472*20200720~CAS*CO*45*113.15~REF*6R*CPAU5Z61IT46~AMT*B6*65.15~LQ*HE*N45~LQ*HE*N381~CLP*000100037556*1*272.99*94.14*2*MC*2020211038727~NM1*QC*1*BAIRD*ADAM****MR*K589298~NM1*82*1*SEARLES*DENISE*A***XX*1396971230~REF*EA*7F9297B157E444A6A54037F991389F3A~DTM*232*20200714~DTM*233*20200714~SVC*HC:99214*272.99*94.14**1~DTM*472*20200714~CAS*PR*3*2~CAS*CO*45*176.85~REF*6R*CPAU8HPGL7RD~AMT*B6*96.14~LQ*HE*N45~LQ*HE*N381~LQ*HE*N381~CLP*000100037813*1*272.99*96.14**MC*2020211038640~NM1*QC*1*BELARDE*NATE*V***MR*Q463977~NM1*82*1*GRONEMEYER*LEANNE*R***XX*1659521045~REF*EA*7FD8B5F36E994323866D983DD05EB0F7~DTM*232*20200720~DTM*233*20200720~SVC*HC:99214*272.99*96.14**1~DTM*472*20200720~CAS*CO*45*176.85~REF*6R*CPAUR5UYWH1B~AMT*B6*96.14~LQ*HE*N45~LQ*HE*N381~CLP*000100038014*1*178.3*63.15*2*MC*2020211038690~NM1*QC*1*BERTUGLIA*LAUREN*E***MR*Y771588~NM1*82*1*CADDALI*ESTRELLA*A***XX*1164974580~REF*EA*475536BF6E564F7EAC660E956C8D902A~DTM*232*20200723~DTM*233*20200723~SVC*HC:99213*178.3*63.15**1~DTM*472*20200723~CAS*PR*3*2~CAS*CO*45*113.15~REF*6R*CPAUKQECRU16~AMT*B6*65.15~LQ*HE*N45~LQ*HE*N381~LQ*HE*N381~CLP*000100037550*1*366.73*135.08**MC*2020211038654~NM1*QC*1*BOWMAN*KENNETH****MR*M147202~NM1*82*1*HOOSHMAND-PARSI*KAYHOSROW****XX*1447291851~REF*EA*3F4AE6BF33794022AF5A4921EBA08C9D~DTM*232*20200714~DTM*233*20200714~SVC*HC:99396:25*312.06*113.79**1~DTM*472*20200714~CAS*CO*45*198.27~REF*6R*CPAUWVPB1E06~AMT*B6*113.79~LQ*HE*N45~LQ*HE*N381~SVC*HC:93000*54.67*21.29**1~DTM*472*20200714~CAS*CO*45*33.38~REF*6R*CPAUU9KS0EW6~AMT*B6*21.29~LQ*HE*N381~CLP*000100038034*1*178.3*65.15**MC*2020211038663~NM1*QC*1*BOWMAN*KENNETH****MR*M147202~NM1*82*1*HOOSHMAND-PARSI*KAYHOSROW****XX*1447291851~REF*EA*A24A5FEA020848D2A83C531A7EC202D3~DTM*232*20200723~DTM*233*20200723~SVC*HC:99213*178.3*65.15**1~DTM*472*20200723~CAS*CO*45*113.15~REF*6R*CPAU1S9B5YFA~AMT*B6*65.15~LQ*HE*N45~LQ*HE*N381~CLP*000100037064*1*272.99*96.14**MC*2020211038820~NM1*QC*1*CHAVEZ*DANIEL*J***MR*F605042~NM1*82*1*HOOSHMAND-PARSI*KAYHOSROW****XX*1447291851~REF*EA*6542F61B22CE414CA702497B852DEF99~DTM*232*20200702~DTM*233*20200702~SVC*HC:99214*272.99*96.14**1~DTM*472*20200702~CAS*CO*45*176.85~REF*6R*CPAU41RQRZYM~AMT*B6*96.14~LQ*HE*N45~LQ*HE*N381~CLP*000100037804*1*178.3*63.15*2*MC*2020211038523~NM1*QC*1*CHRISTOPHER*CHEYENNE****MR*G660293~NM1*82*1*GRONEMEYER*LEANNE*R***XX*1659521045~REF*EA*F1DA33A9B6714552BA9C67A0D374CCBC~DTM*232*20200720~DTM*233*20200720~SVC*HC:99213*178.3*63.15**1~DTM*472*20200720~CAS*PR*3*2~CAS*CO*45*113.15~REF*6R*CPAUJ1NMJG4Z~AMT*B6*65.15~LQ*HE*N45~LQ*HE*N381~LQ*HE*N381~CLP*000100038023*1*178.3*65.15**MC*2020211038845~NM1*QC*1*COLEBURN*JENNIFER*M***MR*P379930~NM1*82*1*CADDALI*ESTRELLA*A***XX*1164974580~REF*EA*CF2B93DC696A4094929872ABF389E03D~DTM*232*20200723~DTM*233*20200723~SVC*HC:99213*178.3*65.15**1~DTM*472*20200723~CAS*CO*45*113.15~REF*6R*CPAUM6T4ISOB~AMT*B6*65.15~LQ*HE*N45~LQ*HE*N381~CLP*000100037799*1*272.99*96.14**MC*2020211038539~NM1*QC*1*COLEMAN*ZACARY*J***MR*P176371~NM1*82*1*GRONEMEYER*LEANNE*R***XX*1659521045~REF*EA*948205D079D3431DBAF8653B16777851~DTM*232*20200720~DTM*233*20200720~SVC*HC:99214*272.99*96.14**1~DTM*472*20200720~CAS*CO*45*176.85~REF*6R*CPAUGBC5UP4C~AMT*B6*96.14~LQ*HE*N45~LQ*HE*N381~CLP*000100037332*1*178.3*65.15**MC*2020211038646~NM1*QC*1*COLEMAN*ZOEI*J***MR*P176370~NM1*82*1*GRONEMEYER*LEANNE*R***XX*1659521045~REF*EA*B65E963D5E5E49C3A8698B5C7FFC15A4~DTM*232*20200709~DTM*233*20200709~SVC*HC:99213*178.3*65.15**1~DTM*472*20200709~CAS*CO*45*113.15~REF*6R*CPAUP3T0GXIB~AMT*B6*65.15~LQ*HE*N45~LQ*HE*N381~CLP*000100038021*1*272.99*96.14**MC*2020211038649~NM1*QC*1*COLEMAN*ZOEI*J***MR*P176370~NM1*82*1*GRONEMEYER*LEANNE*R***XX*1659521045~REF*EA*5D6F0E9EAA494C1F8DCCCBF23B16A93C~DTM*232*20200723~DTM*233*20200723~SVC*HC:99214*272.99*96.14**1~DTM*472*20200723~CAS*CO*45*176.85~REF*6R*CPAUNDHC8VIG~AMT*B6*96.14~LQ*HE*N45~LQ*HE*N381~CLP*000100037676*1*217.66*54.8**MC*2020211038510~NM1*QC*1*CORDOVA*ROBYN*P***MR*J022143~NM1*82*1*LEWIS*HOLLY*G***XX*1295234128~REF*EA*D498C36FE7C6471C8BC4CE284C5D3DB0~DTM*232*20200716~DTM*233*20200716~SVC*HC:90832*217.66*54.8**1~DTM*472*20200716~CAS*CO*45*162.86~REF*6R*CPAUK0L4GPPH~AMT*B6*54.8~LQ*HE*N381~CLP*000100037659*1*710.01*137.48**MC*2020211038636~NM1*QC*1*CORDOVA*ROBYN*P***MR*J022143~NM1*82*1*CADDALI*ESTRELLA*A***XX*1164974580~REF*EA*3298F4CC078D45FBBDD58773BBF45CAB~DTM*232*20200716~DTM*233*20200716~SVC*HC:99203:25*266.84*96.46**1~DTM*472*20200716~CAS*CO*45*170.38~REF*6R*CPAUWMV7ER5N~AMT*B6*96.46~LQ*HE*N45~LQ*HE*N381~SVC*HC:H0049*403.17*10.81**1~DTM*472*20200716~CAS*CO*45*392.36~REF*6R*CPAUR2IWYUYC~AMT*B6*10.81~LQ*HE*N381~SVC*HC:G8431*40*30.21**1~DTM*472*20200716~CAS*CO*45*9.79~REF*6R*CPAUOOVVYYWH~AMT*B6*30.21~LQ*HE*N45~LQ*HE*N381~CLP*000100037964*1*272.99*96.14**MC*2020211038548~NM1*QC*1*CRESPIN*GILBERT****MR*M707740~NM1*82*1*HOOSHMAND-PARSI*KAYHOSROW****XX*1447291851~REF*EA*A7F61F4285404F4DB4E87DCCBB06C96D~DTM*232*20200722~DTM*233*20200722~SVC*HC:99214*272.99*96.14**1~DTM*472*20200722~CAS*CO*45*176.85~REF*6R*CPAUE3PM2O70~AMT*B6*96.14~LQ*HE*N45~LQ*HE*N381~CLP*000100037938*1*178.3*63.15*2*MC*2020211038676~NM1*QC*1*DOBBS*DION*K***MR*P437953~NM1*82*1*HOOSHMAND-PARSI*KAYHOSROW****XX*1447291851~REF*EA*83BA90A946594E0197606B249331E20E~DTM*232*20200722~DTM*233*20200722~SVC*HC:99213*178.3*63.15**1~DTM*472*20200722~CAS*PR*3*2~CAS*CO*45*113.15~REF*6R*CPAUVQ9EDBMS~AMT*B6*65.15~LQ*HE*N45~LQ*HE*N381~LQ*HE*N381~CLP*000100037530*1*178.3*65.15**MC*2020211038613~NM1*QC*1*DURAN*DANELLE****MR*J114866~NM1*82*1*CADDALI*ESTRELLA*A***XX*1164974580~REF*EA*E2700FF9BE4D49929272E68F5EE3A516~DTM*232*20200714~DTM*233*20200714~SVC*HC:99213*178.3*65.15**1~DTM*472*20200714~CAS*CO*45*113.15~REF*6R*CPAUJRQQVIPU~AMT*B6*65.15~LQ*HE*N45~LQ*HE*N381~CLP*000100038048*1*178.3*65.15**MC*2020211038770~NM1*QC*1*ELLISON*TRACY****MR*Y263234~NM1*82*1*HOOSHMAND-PARSI*KAYHOSROW****XX*1447291851~REF*EA*522969F04F98458681CF91929FCDFFB8~DTM*232*20200723~DTM*233*20200723~SVC*HC:99213*178.3*65.15**1~DTM*472*20200723~CAS*CO*45*113.15~REF*6R*CPAUKIO10573~AMT*B6*65.15~LQ*HE*N45~LQ*HE*N381~CLP*000100037936*1*178.3*65.15**MC*2020211038526~NM1*QC*1*ELZY*BETHANY****MR*U829312~NM1*82*1*HOOSHMAND-PARSI*KAYHOSROW****XX*1447291851~REF*EA*3C8701D589914DAFA61297A1895F1EC6~DTM*232*20200722~DTM*233*20200722~SVC*HC:99213*178.3*65.15**1~DTM*472*20200722~CAS*CO*45*113.15~REF*6R*CPAU2Q0P2M25~AMT*B6*65.15~LQ*HE*N45~LQ*HE*N381~CLP*000100037379*1*710.01*137.48**MC*2020211038875~NM1*QC*1*ESQUIBEL*MAXIMILLIAN*Z***MR*Y798813~NM1*82*1*CADDALI*ESTRELLA*A***XX*1164974580~REF*EA*5869310F2CD04C5CA8A55FE9D722279F~DTM*232*20200710~DTM*233*20200710~SVC*HC:99203:25*266.84*96.46**1~DTM*472*20200710~CAS*CO*45*170.38~REF*6R*CPAU2C99NWWP~AMT*B6*96.46~LQ*HE*N45~LQ*HE*N381~SVC*HC:H0049*403.17*10.81**1~DTM*472*20200710~CAS*CO*45*392.36~REF*6R*CPAUSYFFPG82~AMT*B6*10.81~LQ*HE*N381~SVC*HC:G8431*40*30.21**1~DTM*472*20200710~CAS*CO*45*9.79~REF*6R*CPAUW8REHANH~AMT*B6*30.21~LQ*HE*N45~LQ*HE*N381~CLP*000100037528*1*593.02*122.22**MC*2020211038880~NM1*QC*1*ESQUIBEL*MAXIMILLIAN*Z***MR*Y798813~NM1*82*1*CADDALI*ESTRELLA*A***XX*1164974580~REF*EA*D13F5608CFD7446E97620FBAF3F0A4C1~DTM*232*20200714~DTM*233*20200714~SVC*HC:99214:25*272.99*96.14**1~DTM*472*20200714~CAS*CO*45*176.85~REF*6R*CPAU2I5O74Q9~AMT*B6*96.14~LQ*HE*N45~LQ*HE*N381~SVC*HC:10060*320.03*26.08**1~DTM*472*20200714~CAS*CO*45*293.95~REF*6R*CPAUONVSPD2N~AMT*B6*26.08~LQ*HE*N381~LQ*HE*N381~CLP*000100032418*1*1903.99*1266.22**MC*2020211038891~NM1*QC*1*FLUETT*SARAH****MR*O578292~NM1*82*1*HOOSHMAND-PARSI*KAYHOSROW****XX*1447291851~REF*EA*CCB830A3CC8B465E81D7325B5146FD9C~DTM*232*20200330~DTM*233*20200330~SVC*HC:96372*83.99*0**0**1~DTM*472*20200330~CAS*CO*109*83.99~REF*6R*CPAUVVHF3243~LQ*HE*N381~SVC*HC:J2315*1805*1257.8**380~DTM*472*20200330~CAS*CO*45*547.2~REF*6R*CPAUBCWNDUPU~AMT*B6*1257.8~LQ*HE*N381~SVC*HC:81025*15*8.42**1~DTM*472*20200330~CAS*CO*45*6.58~REF*6R*CPAUENVNWWKZ~AMT*B6*8.42~LQ*HE*N381~CLP*000100037312*1*312.06*113.79**MC*2020211038842~NM1*QC*1*GALYON*MICHAEL*K***MR*P707696~NM1*82*1*GRONEMEYER*LEANNE*R***XX*1659521045~REF*EA*4E005780CD78454FB040926D1562E47E~DTM*232*20200709~DTM*233*20200709~SVC*HC:99396*312.06*113.79**1~DTM*472*20200709~CAS*CO*45*198.27~REF*6R*CPAU9IRXGD3K~AMT*B6*113.79~LQ*HE*N45~LQ*HE*N381~CLP*000100037722*1*272.99*96.14**MC*2020211038902~NM1*QC*1*GARCIA*TERRI*L***MR*D571618~NM1*82*1*CADDALI*ESTRELLA*A***XX*1164974580~REF*EA*5F9A82503E4E4742B0B01DC98E680E00~DTM*232*20200717~DTM*233*20200717~SVC*HC:99214*272.99*96.14**1~DTM*472*20200717~CAS*CO*45*176.85~REF*6R*CPAUCXCLXCOU~AMT*B6*96.14~LQ*HE*N45~LQ*HE*N381~CLP*000100037555*1*88.54*39**MC*2020211038867~NM1*QC*1*GAUGHAN*ISABELLA*Z***MR*G134723~NM1*82*1*SEARLES*DENISE*A***XX*1396971230~REF*EA*8AAA1BE05D834C98871CBCB03CD9F6DB~DTM*232*20200714~DTM*233*20200714~SVC*HC:99212*88.54*39**1~DTM*472*20200714~CAS*CO*45*49.54~REF*6R*CPAUT34ZKQGT~AMT*B6*39~LQ*HE*N45~LQ*HE*N381~CLP*000100038059*1*178.3*65.15**MC*2020211038785~NM1*QC*1*GUERRERO HILER*SAVANNAH****MR*O160243~NM1*74*1*GUERREROHILER**C~NM1*82*1*CADDALI*ESTRELLA*A***XX*1164974580~REF*EA*0D09A851DAE9459089A71560BA2ACADF~DTM*232*20200724~DTM*233*20200724~SVC*HC:99213*178.3*65.15**1~DTM*472*20200724~CAS*CO*45*113.15~REF*6R*CPAU2YO816UL~AMT*B6*65.15~LQ*HE*N45~LQ*HE*N381~CLP*000100038020*1*272.99*96.14**MC*2020211038552~NM1*QC*1*HANSON*CYNTHIA****MR*W412067~NM1*82*1*HOOSHMAND-PARSI*KAYHOSROW****XX*1447291851~REF*EA*938DE0009DC64D4B9678138AB69E2E55~DTM*232*20200723~DTM*233*20200723~SVC*HC:99214*272.99*96.14**1~DTM*472*20200723~CAS*CO*45*176.85~REF*6R*CPAU9NI0FF62~AMT*B6*96.14~LQ*HE*N45~LQ*HE*N381~CLP*000100037661*1*272.99*94.14*2*MC*2020211038587~NM1*QC*1*HARRIS*TRACEY*L***MR*O471852~NM1*82*1*CADDALI*ESTRELLA*A***XX*1164974580~REF*EA*3492DDEEC90043A9BEADFACB72EF318B~DTM*232*20200716~DTM*233*20200716~SVC*HC:99214*272.99*94.14**1~DTM*472*20200716~CAS*PR*3*2~CAS*CO*45*176.85~REF*6R*CPAUL9PW691C~AMT*B6*96.14~LQ*HE*N45~LQ*HE*N381~LQ*HE*N381~CLP*000100038039*1*217.66*54.8**MC*2020211038503~NM1*QC*1*HOFFMAN*GABRIEL*S***MR*Y532457~NM1*82*1*LEWIS*HOLLY*G***XX*1295234128~REF*EA*3FA5168BB45E49129AF95A97D9203DCC~DTM*232*20200723~DTM*233*20200723~SVC*HC:90832*217.66*54.8**1~DTM*472*20200723~CAS*CO*45*162.86~REF*6R*CPAUS9AODK3B~AMT*B6*54.8~LQ*HE*N381~CLP*000100028623*1*5*1**MC*2020211038740~NM1*QC*1*HOWARD*JAMES****MR*A909795~NM1*82*1*LUCAS*PEGGI*S***XX*1366419582~REF*EA*5661C2D60828452288525DD2DD636E8F~DTM*232*20200122~DTM*233*20200122~SVC*HC:J1885*5*1**2~DTM*472*20200122~CAS*CO*45*4~REF*6R*CPAURUQ8THI0~AMT*B6*1~LQ*HE*N381~CLP*000100028788*1*5*1**MC*2020211038749~NM1*QC*1*HOWARD*JAMES****MR*A909795~NM1*82*1*LUCAS*PEGGI*S***XX*1366419582~REF*EA*18B7FD392BDD45B387DAD4467D05596B~DTM*232*20200124~DTM*233*20200124~SVC*HC:J1885*5*1**2~DTM*472*20200124~CAS*CO*45*4~REF*6R*CPAUUY5HE075~AMT*B6*1~LQ*HE*N381~CLP*000100037593*1*272.99*96.14**MC*2020211038699~NM1*QC*1*KEENEY*AMBER*D***MR*G217802~NM1*82*1*CADDALI*ESTRELLA*A***XX*1164974580~REF*EA*C553906961DA4BBBA69BF42A04154F22~DTM*232*20200715~DTM*233*20200715~SVC*HC:99214*272.99*96.14**1~DTM*472*20200715~CAS*CO*45*176.85~REF*6R*CPAU8GB7MD71~AMT*B6*96.14~LQ*HE*N45~LQ*HE*N381~CLP*000100037697*1*272.99*96.14**MC*2020211038751~NM1*QC*1*LARK*WILLIAM****MR*K533858~NM1*82*1*SEARLES*DENISE*A***XX*1396971230~REF*EA*66858F618B634C229EFF7CCE0FD53664~DTM*232*20200716~DTM*233*20200716~SVC*HC:99214*272.99*96.14**1~DTM*472*20200716~CAS*CO*45*176.85~REF*6R*CPAUKEVVU9X7~AMT*B6*96.14~LQ*HE*N45~LQ*HE*N381~CLP*000100037595*1*619.02*107.48**MC*2020211038730~NM1*QC*1*LOPEZ*SAMSON*L***MR*K791647~NM1*82*1*CADDALI*ESTRELLA*A***XX*1164974580~REF*EA*D1A60D675B3D4173805DA9608456AD93~DTM*232*20200715~DTM*233*20200715~SVC*HC:99202:25*175.85*66.46**1~DTM*472*20200715~CAS*CO*45*109.39~REF*6R*CPAU9RSQTJMK~AMT*B6*66.46~LQ*HE*N45~LQ*HE*N381~SVC*HC:H0049*403.17*10.81**1~DTM*472*20200715~CAS*CO*45*392.36~REF*6R*CPAUCCICJGKK~AMT*B6*10.81~LQ*HE*N381~SVC*HC:G8431*40*30.21**1~DTM*472*20200715~CAS*CO*45*9.79~REF*6R*CPAUDF6B40V2~AMT*B6*30.21~LQ*HE*N45~LQ*HE*N381~CLP*000100037932*1*178.3*63.15*2*MC*2020211038590~NM1*QC*1*LOPEZ*SHERRY****MR*L192498~NM1*82*1*CADDALI*ESTRELLA*A***XX*1164974580~REF*EA*4240764428D94655BCDB4B6DD40E0CD7~DTM*232*20200722~DTM*233*20200722~SVC*HC:99213*178.3*63.15**1~DTM*472*20200722~CAS*PR*3*2~CAS*CO*45*113.15~REF*6R*CPAUS9QZ17RI~AMT*B6*65.15~LQ*HE*N45~LQ*HE*N381~LQ*HE*N381~CLP*000100037534*1*178.3*65.15**MC*2020211038949~NM1*QC*1*LYNCH*ELIJAH****MR*G951908~NM1*82*1*CADDALI*ESTRELLA*A***XX*1164974580~REF*EA*5031E52845B44209AF67D9C75FE1469C~DTM*232*20200714~DTM*233*20200714~SVC*HC:99213*178.3*65.15**1~DTM*472*20200714~CAS*CO*45*113.15~REF*6R*CPAUGZ6OPXZ9~AMT*B6*65.15~LQ*HE*N45~LQ*HE*N381~CLP*000100037547*1*272.99*96.14**MC*2020211038542~NM1*QC*1*MADERAS*DANIELA****MR*Q134586~NM1*82*1*CADDALI*ESTRELLA*A***XX*1164974580~REF*EA*F4D16702DE0246BDBC5F93F74065357D~DTM*232*20200714~DTM*233*20200714~SVC*HC:99214*272.99*96.14**1~DTM*472*20200714~CAS*CO*45*176.85~REF*6R*CPAUIZZD5NDN~AMT*B6*96.14~LQ*HE*N45~LQ*HE*N381~CLP*000100037797*1*178.3*65.15**MC*2020211038632~NM1*QC*1*MAESTAS TRUJILLO*ARIANNA*J***MR*G838802~NM1*74*1*MAESTASTRUJILLO~NM1*82*1*GRONEMEYER*LEANNE*R***XX*1659521045~REF*EA*224D70AA7CFA44AEBD996C26398C5A8D~DTM*232*20200720~DTM*233*20200720~SVC*HC:99213*178.3*65.15**1~DTM*472*20200720~CAS*CO*45*113.15~REF*6R*CPAU470EJQN7~AMT*B6*65.15~LQ*HE*N45~LQ*HE*N381~CLP*000100038032*1*178.3*63.15*2*MC*2020211038559~NM1*QC*1*MASSICK*KIMBERLEE*S***MR*O761338~NM1*82*1*HOOSHMAND-PARSI*KAYHOSROW****XX*1447291851~REF*EA*F882CADC9AA544FFB5E74B60AFD78491~DTM*232*20200723~DTM*233*20200723~SVC*HC:99213*178.3*63.15**1~DTM*472*20200723~CAS*PR*3*2~CAS*CO*45*113.15~REF*6R*CPAUSWHGXF8J~AMT*B6*65.15~LQ*HE*N45~LQ*HE*N381~LQ*HE*N381~CLP*000100037755*1*178.3*65.15**MC*2020211038966~NM1*QC*1*MAZUREK*DIANE****MR*P687663~NM1*82*1*CADDALI*ESTRELLA*A***XX*1164974580~REF*EA*ED4EBB3F2628485AA8081C695F0F1AEF~DTM*232*20200717~DTM*233*20200717~SVC*HC:99213*178.3*65.15**1~DTM*472*20200717~CAS*CO*45*113.15~REF*6R*CPAU4POQC8MJ~AMT*B6*65.15~LQ*HE*N45~LQ*HE*N381~CLP*000100037836*1*178.3*65.15**MC*2020211038930~NM1*QC*1*MEDINA*TERRIE****MR*J956795~NM1*82*1*CADDALI*ESTRELLA*A***XX*1164974580~REF*EA*1331025A1B2544469FC8ACE094042ECD~DTM*232*20200721~DTM*233*20200721~SVC*HC:99213*178.3*65.15**1~DTM*472*20200721~CAS*CO*45*113.15~REF*6R*CPAUNHUQ8KCO~AMT*B6*65.15~LQ*HE*N45~LQ*HE*N381~CLP*000100037689*1*178.3*65.15**MC*2020211038807~NM1*QC*1*MORENO-PADILLA*REGINA*R***MR*I257452~NM1*74*1*MORENOPADILLA~NM1*82*1*CADDALI*ESTRELLA*A***XX*1164974580~REF*EA*B28628EEB7FE4CBBB9F6E6A562A85325~DTM*232*20200716~DTM*233*20200716~SVC*HC:99213*178.3*65.15**1~DTM*472*20200716~CAS*CO*45*113.15~REF*6R*CPAU6WCMAV5X~AMT*B6*65.15~LQ*HE*N45~LQ*HE*N381~CLP*000100037415*1*716.16*115.84*2*MC*2020211038757~NM1*QC*1*NELSON*WILLIAM*L***MR*C654639~NM1*82*1*GRONEMEYER*LEANNE*R***XX*1659521045~REF*EA*DF430117AD8F477C912A5D461326E70E~DTM*232*20200713~DTM*233*20200713~SVC*HC:99214:25*272.99*94.14**1~DTM*472*20200713~CAS*PR*3*2~CAS*CO*45*176.85~REF*6R*CPAU2MDFDNB6~AMT*B6*96.14~LQ*HE*N45~LQ*HE*N381~LQ*HE*N381~SVC*HC:H0049*403.17*10.81**1~DTM*472*20200713~CAS*CO*45*392.36~REF*6R*CPAU1JDCT1QK~AMT*B6*10.81~LQ*HE*N381~SVC*HC:G8510*40*10.89**1~DTM*472*20200713~CAS*CO*45*29.11~REF*6R*CPAUKP4KHD7Z~AMT*B6*10.89~LQ*HE*N45~LQ*HE*N381~CLP*000100037916*1*178.3*63.15*2*MC*2020211038710~NM1*QC*1*OHRDORF*JIMMI*L***MR*Y840687~NM1*82*1*CADDALI*ESTRELLA*A***XX*1164974580~REF*EA*B638B839161D48BB8EA8CD6E80F99017~DTM*232*20200722~DTM*233*20200722~SVC*HC:99213*178.3*63.15**1~DTM*472*20200722~CAS*PR*3*2~CAS*CO*45*113.15~REF*6R*CPAUN7A4BTEG~AMT*B6*65.15~LQ*HE*N45~LQ*HE*N381~LQ*HE*N381~CLP*000100037564*1*272.99*94.14*2*MC*2020211038717~NM1*QC*1*OHRDORF*JIMMI*L***MR*Y840687~NM1*82*1*CADDALI*ESTRELLA*A***XX*1164974580~REF*EA*C990FFDFD4E74A70821C2E93BBE3285A~DTM*232*20200715~DTM*233*20200715~SVC*HC:99214*272.99*94.14**1~DTM*472*20200715~CAS*PR*3*2~CAS*CO*45*176.85~REF*6R*CPAUF8Z428BU~AMT*B6*96.14~LQ*HE*N45~LQ*HE*N381~LQ*HE*N381~CLP*000100037443*1*232.97*86.44**MC*2020211038732~NM1*QC*1*ORTIZ*EMILY****MR*L289179~NM1*82*1*GRONEMEYER*LEANNE*R***XX*1659521045~REF*EA*B280CD8D26FB454C82444CB1AD781450~DTM*232*20200713~DTM*233*20200713~SVC*HC:99213:25*178.3*65.15**1~DTM*472*20200713~CAS*CO*45*113.15~REF*6R*CPAU971YDJ1A~AMT*B6*65.15~LQ*HE*N45~LQ*HE*N381~SVC*HC:93000*54.67*21.29**1~DTM*472*20200713~CAS*CO*45*33.38~REF*6R*CPAUCG79IDCF~AMT*B6*21.29~LQ*HE*N381~CLP*000100037573*1*178.3*65.15**MC*2020211038796~NM1*QC*1*PAULSEN*STACY*C***MR*W216187~NM1*82*1*CADDALI*ESTRELLA*A***XX*1164974580~REF*EA*F15325494DE34DF3ACCB1A7F3DB9E310~DTM*232*20200715~DTM*233*20200715~SVC*HC:99213*178.3*65.15**1~DTM*472*20200715~CAS*CO*45*113.15~REF*6R*CPAUTMVTRN7O~AMT*B6*65.15~LQ*HE*N45~LQ*HE*N381~CLP*000100037885*1*88.54*37*2*MC*2020211038544~NM1*QC*1*PLY*GARY****MR*P789657~NM1*82*1*CADDALI*ESTRELLA*A***XX*1164974580~REF*EA*A1D1D2C76A184FEDB7178DBD49249F9D~DTM*232*20200721~DTM*233*20200721~SVC*HC:99212*88.54*37**1~DTM*472*20200721~CAS*PR*3*2~CAS*CO*45*49.54~REF*6R*CPAUQIMV9E30~AMT*B6*39~LQ*HE*N45~LQ*HE*N381~LQ*HE*N381~CLP*000100037680*1*290.21*70.54**MC*2020211038506~NM1*QC*1*QUINTANA*DANIELLE*A***MR*N559116~NM1*82*1*LEWIS*HOLLY*G***XX*1295234128~REF*EA*C589DCB3A7C64944A88571DBF706976B~DTM*232*20200716~DTM*233*20200716~SVC*HC:90834*290.21*70.54**1~DTM*472*20200716~CAS*CO*45*219.67~REF*6R*CPAUDKW5FYQP~AMT*B6*70.54~LQ*HE*N381~CLP*000100037935*1*272.99*94.14*2*MC*2020211038883~NM1*QC*1*RAMIREZ*ANTHONY*J***MR*P811929~NM1*82*1*CADDALI*ESTRELLA*A***XX*1164974580~REF*EA*C82ADF06931D4A4682521D333EC6BC49~DTM*232*20200722~DTM*233*20200722~SVC*HC:99214*272.99*94.14**1~DTM*472*20200722~CAS*PR*3*2~CAS*CO*45*176.85~REF*6R*CPAUW6IHBE82~AMT*B6*96.14~LQ*HE*N45~LQ*HE*N381~LQ*HE*N381~CLP*000100037635*1*178.3*65.15**MC*2020211038563~NM1*QC*1*RAMIREZ*HALEY*R***MR*G374090~NM1*82*1*CADDALI*ESTRELLA*A***XX*1164974580~REF*EA*A20A0D0EF7FB41239D9C3D1C86621CC4~DTM*232*20200716~DTM*233*20200716~SVC*HC:99213*178.3*65.15**1~DTM*472*20200716~CAS*CO*45*113.15~REF*6R*CPAUGZLKZIAL~AMT*B6*65.15~LQ*HE*N45~LQ*HE*N381~CLP*000100037636*1*178.3*65.15**MC*2020211038530~NM1*QC*1*RAMIREZ*TRINITY*R***MR*G594023~NM1*82*1*CADDALI*ESTRELLA*A***XX*1164974580~REF*EA*80282698DD824D07B63AE9CD70CED89B~DTM*232*20200716~DTM*233*20200716~SVC*HC:99213*178.3*65.15**1~DTM*472*20200716~CAS*CO*45*113.15~REF*6R*CPAUOV92H28I~AMT*B6*65.15~LQ*HE*N45~LQ*HE*N381~CLP*000100037514*1*276.99*99.51**MC*2020211038533~NM1*QC*1*RICHARDSON*REBECCA****MR*E158290~NM1*82*1*CADDALI*ESTRELLA*A***XX*1164974580~REF*EA*AF6E57A3FAEF482493EB61337C3C898D~DTM*232*20200714~DTM*233*20200714~SVC*HC:99214:25*272.99*96.14**1~DTM*472*20200714~CAS*CO*45*176.85~REF*6R*CPAUJJFRGG12~AMT*B6*96.14~LQ*HE*N45~LQ*HE*N381~SVC*HC:81002*4*3.37**1~DTM*472*20200714~CAS*CO*45*.63~REF*6R*CPAUGQO8OVUH~AMT*B6*3.37~LQ*HE*N381~CLP*000100037729*1*893.24*167.79*2*MC*2020211038683~NM1*QC*1*ROMERO*JOSEPH*P***MR*G715842~NM1*82*1*CADDALI*ESTRELLA*A***XX*1164974580~REF*EA*533711867F37477A9EFD835712254A77~DTM*232*20200717~DTM*233*20200717~SVC*HC:99204:25*450.07*146.09**1~DTM*472*20200717~CAS*PR*3*2~CAS*CO*45*301.98~REF*6R*CPAU8NGUMN36~AMT*B6*148.09~LQ*HE*N45~LQ*HE*N381~LQ*HE*N381~SVC*HC:H0049*403.17*10.81**1~DTM*472*20200717~CAS*CO*45*392.36~REF*6R*CPAU8RS2OOBF~AMT*B6*10.81~LQ*HE*N381~SVC*HC:G8510*40*10.89**1~DTM*472*20200717~CAS*CO*45*29.11~REF*6R*CPAUMDBUWGEH~AMT*B6*10.89~LQ*HE*N45~LQ*HE*N381~CLP*000100037926*1*272.99*96.14**MC*2020211038580~NM1*QC*1*ROMERO*MARGARITO*L***MR*I929050~NM1*82*1*CADDALI*ESTRELLA*A***XX*1164974580~REF*EA*D3ADEF8441F54527BEA327643CB20012~DTM*232*20200722~DTM*233*20200722~SVC*HC:99214*272.99*96.14**1~DTM*472*20200722~CAS*CO*45*176.85~REF*6R*CPAUHSN1B5KN~AMT*B6*96.14~LQ*HE*N45~LQ*HE*N381~CLP*000100037978*1*178.3*63.15*2*MC*2020211038790~NM1*QC*1*SALAZAR*DANIELLE*C***MR*W076573~NM1*82*1*CADDALI*ESTRELLA*A***XX*1164974580~REF*EA*D67D458F5BDE4B3AABFD54C9A27A6F7C~DTM*232*20200722~DTM*233*20200722~SVC*HC:99213*178.3*63.15**1~DTM*472*20200722~CAS*PR*3*2~CAS*CO*45*113.15~REF*6R*CPAULU5W135C~AMT*B6*65.15~LQ*HE*N45~LQ*HE*N381~LQ*HE*N381~CLP*000100037715*1*178.3*65.15**MC*2020211038941~NM1*QC*1*SANCHEZ*LEANNA*A***MR*L179099~NM1*82*1*CADDALI*ESTRELLA*A***XX*1164974580~REF*EA*384D1D4756DB4C21A91B9734CFA5309A~DTM*232*20200717~DTM*233*20200717~SVC*HC:99213*178.3*65.15**1~DTM*472*20200717~CAS*CO*45*113.15~REF*6R*CPAUQPEQNOKE~AMT*B6*65.15~LQ*HE*N45~LQ*HE*N381~CLP*000100037673*1*272.99*96.14**MC*2020211038721~NM1*QC*1*SCOTT*BERNADETTE*R***MR*O591335~NM1*82*1*CADDALI*ESTRELLA*A***XX*1164974580~REF*EA*C62CA5283C0D454A964913888E53E49D~DTM*232*20200716~DTM*233*20200716~SVC*HC:99214*272.99*96.14**1~DTM*472*20200716~CAS*CO*45*176.85~REF*6R*CPAUXTS4ZOJ7~AMT*B6*96.14~LQ*HE*N45~LQ*HE*N381~CLP*000100037575*1*178.3*63.15*2*MC*2020211038836~NM1*QC*1*SILVA*JOHN*H***MR*O988730~NM1*82*1*CADDALI*ESTRELLA*A***XX*1164974580~REF*EA*DAB398188D4D4C4CAEE44330BD864E74~DTM*232*20200715~DTM*233*20200715~SVC*HC:99213*178.3*63.15**1~DTM*472*20200715~CAS*PR*3*2~CAS*CO*45*113.15~REF*6R*CPAUD1NAFIX5~AMT*B6*65.15~LQ*HE*N45~LQ*HE*N381~LQ*HE*N381~CLP*000100038005*1*88.54*37*2*MC*2020211038919~NM1*QC*1*SOLIZ*EDUARDO*E***MR*P478476~NM1*82*1*HOOSHMAND-PARSI*KAYHOSROW****XX*1447291851~REF*EA*4220E216AF94447CBB706A33DF0F72E1~DTM*232*20200723~DTM*233*20200723~SVC*HC:99212*88.54*37**1~DTM*472*20200723~CAS*PR*3*2~CAS*CO*45*49.54~REF*6R*CPAU1BX42GJ2~AMT*B6*39~LQ*HE*N45~LQ*HE*N381~LQ*HE*N381~CLP*000100038024*1*178.3*65.15**MC*2020211038864~NM1*QC*1*TORBETT*JERRY*R***MR*N890040~NM1*82*1*HOOSHMAND-PARSI*KAYHOSROW****XX*1447291851~REF*EA*BCB3EE81CD9643A59354412B125A1A5E~DTM*232*20200723~DTM*233*20200723~SVC*HC:99213*178.3*65.15**1~DTM*472*20200723~CAS*CO*45*113.15~REF*6R*CPAUORMUC0C8~AMT*B6*65.15~LQ*HE*N45~LQ*HE*N381~CLP*000100037584*1*272.99*96.14**MC*2020211038535~NM1*QC*1*TRUJILLO*LALONNIE*S***MR*A496702~NM1*82*1*HOOSHMAND-PARSI*KAYHOSROW****XX*1447291851~REF*EA*4F56A43FF22C4CE4947AA53A50083750~DTM*232*20200715~DTM*233*20200715~SVC*HC:99214*272.99*96.14**1~DTM*472*20200715~CAS*CO*45*176.85~REF*6R*CPAUWSCG55H5~AMT*B6*96.14~LQ*HE*N45~LQ*HE*N381~CLP*000100035371*1*272.99*97.11**MC*2020211038537~NM1*QC*1*TRUJILLO*LALONNIE*S***MR*A496702~NM1*82*1*HOOSHMAND-PARSI*KAYHOSROW****XX*1447291851~REF*EA*8411867913614C2C8830153CE6080D4E~DTM*232*20200527~DTM*233*20200527~SVC*HC:99214:25*272.99*97.11**1~DTM*472*20200527~CAS*CO*45*175.88~REF*6R*CPAUMS8Q6LDH~AMT*B6*97.11~LQ*HE*N381~CLP*000100037913*1*272.99*96.14**MC*2020211038780~NM1*QC*1*TRUJILLO*RICHARD*P***MR*G844415~NM1*82*1*HOOSHMAND-PARSI*KAYHOSROW****XX*1447291851~REF*EA*61A82B1B765F48AE989845F2AB5037A4~DTM*232*20200721~DTM*233*20200721~SVC*HC:99214*272.99*96.14**1~DTM*472*20200721~CAS*CO*45*176.85~REF*6R*CPAUM54M0JPD~AMT*B6*96.14~LQ*HE*N45~LQ*HE*N381~CLP*000100037634*1*88.54*39**MC*2020211038848~NM1*QC*1*TYLER*NATHAN*R***MR*W909005~NM1*82*1*HOOSHMAND-PARSI*KAYHOSROW****XX*1447291851~REF*EA*D39BCB15AD704F4EBC1A6B2BC727A76D~DTM*232*20200716~DTM*233*20200716~SVC*HC:99212*88.54*39**1~DTM*472*20200716~CAS*CO*45*49.54~REF*6R*CPAUYDD7B90I~AMT*B6*39~LQ*HE*N45~LQ*HE*N381~CLP*000100037962*1*178.3*65.15**MC*2020211038616~NM1*QC*1*ULIBARRI*STEPHANIE*R***MR*W341555~NM1*82*1*CADDALI*ESTRELLA*A***XX*1164974580~REF*EA*4D2916C78EC34A00993B773790AB5AA3~DTM*232*20200722~DTM*233*20200722~SVC*HC:99213*178.3*65.15**1~DTM*472*20200722~CAS*CO*45*113.15~REF*6R*CPAUGOSV3FYK~AMT*B6*65.15~LQ*HE*N45~LQ*HE*N381~CLP*000100037679*1*178.3*65.15**MC*2020211038597~NM1*QC*1*VALLEJOS*RANDY*L***MR*Y264890~NM1*82*1*HOOSHMAND-PARSI*KAYHOSROW****XX*1447291851~REF*EA*FCDB475F496B41C292B53B385307D254~DTM*232*20200716~DTM*233*20200716~SVC*HC:99213*178.3*65.15**1~DTM*472*20200716~CAS*CO*45*113.15~REF*6R*CPAUFVYFZXB5~AMT*B6*65.15~LQ*HE*N45~LQ*HE*N381~CLP*000100038064*1*178.3*65.15**MC*2020211038959~NM1*QC*1*VELARDE*DAVEY****MR*P044042~NM1*82*1*CADDALI*ESTRELLA*A***XX*1164974580~REF*EA*5A1A6D37BB3142D3B51587BBE9157087~DTM*232*20200724~DTM*233*20200724~SVC*HC:99213*178.3*65.15**1~DTM*472*20200724~CAS*CO*45*113.15~REF*6R*CPAU5GYLDUGY~AMT*B6*65.15~LQ*HE*N45~LQ*HE*N381~CLP*000100037693*1*272.99*96.14**MC*2020211038859~NM1*QC*1*VELASQUEZ*JEFFREY*L***MR*H473944~NM1*82*1*CADDALI*ESTRELLA*A***XX*1164974580~REF*EA*C071B77604D94637B982F897944175C6~DTM*232*20200716~DTM*233*20200716~SVC*HC:99214*272.99*96.14**1~DTM*472*20200716~CAS*CO*45*176.85~REF*6R*CPAUXBM0ZGWF~AMT*B6*96.14~LQ*HE*N45~LQ*HE*N381~CLP*000100037892*1*272.99*96.14**MC*2020211038603~NM1*QC*1*VIGIL*JULIE*M***MR*D989489~NM1*82*1*CADDALI*ESTRELLA*A***XX*1164974580~REF*EA*E908DF6556704A028B6D80E3CFC6F305~DTM*232*20200721~DTM*233*20200721~SVC*HC:99214*272.99*96.14**1~DTM*472*20200721~CAS*CO*45*176.85~REF*6R*CPAUIBI8NRJB~AMT*B6*96.14~LQ*HE*N45~LQ*HE*N381~CLP*000100037858*1*272.99*96.14**MC*2020211038668~NM1*QC*1*VILLASENOR*MIQUEILA*C***MR*K174349~NM1*82*1*CADDALI*ESTRELLA*A***XX*1164974580~REF*EA*BD25F671012944AA9E3DC3B155AAD3F7~DTM*232*20200721~DTM*233*20200721~SVC*HC:99214*272.99*96.14**1~DTM*472*20200721~CAS*CO*45*176.85~REF*6R*CPAUZ1ZF4PKG~AMT*B6*96.14~LQ*HE*N45~LQ*HE*N381~CLP*000100037451*1*217.66*54.8**MC*2020211038511~NM1*QC*1*WILLIS*DIANE****MR*D774337~NM1*82*1*LEWIS*HOLLY*G***XX*1295234128~REF*EA*2438DF15C88D4D7FBAC4F4A793B50F6F~DTM*232*20200713~DTM*233*20200713~SVC*HC:90832*217.66*54.8**1~DTM*472*20200713~CAS*CO*45*162.86~REF*6R*CPAUV4DELFJF~AMT*B6*54.8~LQ*HE*N381~CLP*000100037912*1*272.99*96.14**MC*2020211038825~NM1*QC*1*WYATT*NADINE*D***MR*O816818~NM1*82*1*CADDALI*ESTRELLA*A***XX*1164974580~REF*EA*1AE86EEBE2D041E19B48FE2B097243AC~DTM*232*20200721~DTM*233*20200721~SVC*HC:99214*272.99*96.14**1~DTM*472*20200721~CAS*CO*45*176.85~REF*6R*CPAUI5K3DWS8~AMT*B6*96.14~LQ*HE*N45~LQ*HE*N381~CLP*000100037646*4*178.3*0**MC*2020211038562~NM1*QC*1*BOULIER*JEWEL*R***MR*W913486~NM1*82*1*CADDALI*ESTRELLA*A***XX*1164974580~REF*EA*A591A8C4F9E943FD86D9E7D7500D97D1~DTM*232*20200716~DTM*233*20200716~SVC*HC:99213*178.3*0**0**1~DTM*472*20200716~CAS*PI*16*178.3~REF*6R*CPAU5FAJP2M7~LQ*HE*N554~CLP*000100033804*4*83.99*0**MC*2020211038890~NM1*QC*1*FLUETT*SARAH****MR*O578292~NM1*82*1*HOOSHMAND-PARSI*KAYHOSROW****XX*1447291851~REF*EA*779830260FA4442C950839990632C1B4~DTM*232*20200427~DTM*233*20200427~SVC*HC:96372*83.99*0**0**1~DTM*472*20200427~CAS*CO*109*83.99~REF*6R*CPAUZ2Q698RQ~LQ*HE*N381~CLP*000100030164*4*20*0**MC*2020211038888~NM1*QC*1*GIBSON*JOSHUA*T***MR*Y083407~NM1*82*1*LUCAS*PEGGI*S***XX*1366419582~REF*EA*05C4092AD5C5416F923101BF260981AE~DTM*232*20200219~DTM*233*20200219~SVC*HC:87804*20*0**0**1~DTM*472*20200219~CAS*PI*B7*20~REF*6R*CPAAB2L3X9PT~LQ*HE*MA120~LQ*HE*N381~CLP*000100037447*4*272.99*0**MC*2020211038667~NM1*QC*1*KLEPPERICH*MICHAELA****MR*Y719389~NM1*82*1*GRONEMEYER*LEANNE*R***XX*1659521045~REF*EA*DAA668E950454AC5BD1238B337EF513B~DTM*232*20200713~DTM*233*20200713~SVC*HC:99214*272.99*0**0**1~DTM*472*20200713~CAS*PI*16*272.99~REF*6R*CPAUVI2MEIEX~LQ*HE*MA92~CLP*000100037292*4*197.3*0**MC*2020211038783~NM1*QC*1*LEASURE*JAMIE****MR*R589473~NM1*82*1*CADDALI*ESTRELLA*A***XX*1164974580~REF*EA*5BC21B910DBD4B2A866FB7A281EDE41C~DTM*232*20200708~DTM*233*20200708~SVC*HC:99213:25*178.3*0**0**1~DTM*472*20200708~CAS*PI*16*178.3~REF*6R*CPAUXKL7TGQM~LQ*HE*MA64~SVC*HC:81002*4*0**0**1~DTM*472*20200708~CAS*PI*16*4~REF*6R*CPAU9UANIHVO~LQ*HE*MA64~SVC*HC:81025*15*0**0**1~DTM*472*20200708~CAS*PI*16*15~REF*6R*CPAU477EGOIX~LQ*HE*MA64~CLP*000100037611*4*178.3*0**MC*2020211038534~NM1*QC*1*LUND*ROSELLA*E***MR*P292373~NM1*82*1*HOOSHMAND-PARSI*KAYHOSROW****XX*1447291851~REF*EA*3EDCE532B0FD45F7A379BE1B45956922~DTM*232*20200715~DTM*233*20200715~SVC*HC:99213*178.3*0**0**1~DTM*472*20200715~CAS*PI*16*178.3~REF*6R*CPAU6SIGDIAF~LQ*HE*MA92~CLP*000100038047*4*272.99*0**MC*2020211038602~NM1*QC*1*MATHIASEN*RICHARD*L***MR*P087968~NM1*82*1*TSAMBIKOS*RICHARD****XX*1467985713~REF*EA*782A97D34D974FCF97541B428C922E75~DTM*232*20200723~DTM*233*20200723~SVC*HC:99214*272.99*0**0**1~DTM*472*20200723~CAS*PI*16*272.99~REF*6R*CPAUUOJ9OTGU~LQ*HE*MA70~CLP*000100036959*4*178.3*0**MC*2020211038546~NM1*QC*1*SCHUDAR*JOHN*R***MR*Y988342~NM1*82*1*HOOSHMAND-PARSI*KAYHOSROW****XX*1447291851~REF*EA*CDD8DDADCA804E0BA96F8E80CBB49CC8~DTM*232*20200630~DTM*233*20200630~SVC*HC:99213*178.3*0**0**1~DTM*472*20200630~CAS*PI*16*178.3~REF*6R*CPAUI1DX4FQR~LQ*HE*N381~CLP*000100036954*4*178.3*0**MC*2020211038804~NM1*QC*1*VALERIO*VIOLA*M***MR*G118028~NM1*82*1*GRONEMEYER*LEANNE*R***XX*1659521045~REF*EA*D7031E89ADEA4B6F86A8E0EA49A60548~DTM*232*20200630~DTM*233*20200630~SVC*HC:99213*178.3*0**0**1~DTM*472*20200630~CAS*PI*16*178.3~REF*6R*CPAUCP4RJ95F~LQ*HE*N56~LQ*HE*N381~SE*1488*000010011~GE*1*100012696~IEA*1*100012696~