ISA*00*          *00*          *ZZ*COMEDASSISTPROG*ZZ*6769489        *200914*0231*^*00501*200001060*0*P*:~GS*HP*COMEDASSISTPROG*6769489*20200914*023106*200001060*X*005010X221A1~ST*835*000010013~BPR*I*19020.66*C*ACH*CCP*01*075911603*DA*00000004556640373*1811725341**01*102106569*DA*2200002989138*20200914~TRN*1*001084187*1811725341~REF*EV*1508250911~DTM*405*20200911~N1*PR*CO_TXIX*XV*7912900843~N3*P.O. BOX 30~N4*DENVER*CO*80201~PER*CX*MEDICAID PROVIDER SERVICES*TE*8442352387~PER*BL*MEDICAID PROVIDER SERVICES*TE*8442352387~N1*PE*HEALTH SOLUTIONS MED CENTER*XX*1508250911~REF*TJ*841158933~LX*1~CLP*000100038827*2*410.8*25.29**MC*2020252001160~NM1*QC*1*ACOSTA*ROSALINA****MR*P610914~NM1*82*1*GRONEMEYER*LEANNE*R***XX*1659521045~REF*EA*BE1F4CAA1BCB4E82AF28B56F7F6313EA~DTM*232*20200810~DTM*233*20200810~SVC*HC:99214:95:25*272.99*19**1~DTM*472*20200810~CAS*CO*45*253.99~REF*6R*CPKUMDM09CBF~AMT*B6*19~LQ*HE*N45~LQ*HE*N381~LQ*HE*N381~SVC*HC:G0444:95*30.75*0**1~DTM*472*20200810~CAS*CO*45*30.75~REF*6R*CPKU9KBW785N~SVC*HC:G0396:95*107.06*6.29**1~DTM*472*20200810~CAS*OA*P22*100.77~REF*6R*CPKUH1GSOIT8~AMT*B6*6.29~LQ*HE*MA125~CLP*000100039009*2*178.3*12.69**MC*2020252001131~NM1*QC*1*COOK*DAVID*T***MR*M267307~NM1*82*1*CADDALI*ESTRELLA*A***XX*1164974580~REF*EA*C8FE4A95B3A84BA9810BCC4F66FFF297~DTM*232*20200812~DTM*233*20200812~SVC*HC:99213*178.3*12.69**1~DTM*472*20200812~CAS*CO*45*165.61~REF*6R*CPKUSDHY3KEQ~AMT*B6*12.69~LQ*HE*N45~LQ*HE*N381~LQ*HE*N381~CLP*000100038719*2*178.3*8.93**MC*2020252001129~NM1*QC*1*COWLING*CHRISTOPH****MR*D759791~NM1*82*1*CADDALI*ESTRELLA*A***XX*1164974580~REF*EA*9283CBED3E994F35BCFDA23471020D3A~DTM*232*20200806~DTM*233*20200806~SVC*HC:99213*178.3*8.93**1~DTM*472*20200806~CAS*CO*45*169.37~REF*6R*CPKUDMEBWLC6~AMT*B6*8.93~LQ*HE*N45~LQ*HE*N381~LQ*HE*N381~CLP*000100038151*2*272.99*95.01**MC*2020249004008~NM1*QC*1*DIAZ ZERMENO*MARIA*D***MR*Y492828~NM1*74*1*DIAZ**J~NM1*82*1*GRONEMEYER*LEANNE*R***XX*1659521045~REF*EA*3CAE6F2BEFEB49BDAE2AEE4B3C2C3814~DTM*232*20200727~DTM*233*20200727~SVC*HC:99214*272.99*95.01**1~DTM*472*20200727~CAS*CO*45*177.98~REF*6R*CPK2N95JC53R~AMT*B6*95.01~LQ*HE*N45~LQ*HE*N381~LQ*HE*N381~CLP*000100027123*2*90*12.94**MC*2020252001124~NM1*QC*1*GARCIA*LONNIE****MR*A671148~NM1*82*1*CADDALI*ESTRELLA*A***XX*1164974580~REF*EA*412294BD0B5C48CD92C09315AA90C081~DTM*232*20191220~DTM*233*20191220~SVC*HC:99213*90*12.94**1~DTM*472*20191220~CAS*CO*45*77.06~REF*6R*CPJU474FTBG5~AMT*B6*12.94~LQ*HE*N381~LQ*HE*N381~CLP*000100038986*2*480.09*62.19**MC*2020252001151~NM1*QC*1*GARCIA*PAMELA****MR*P170101~NM1*82*1*CADDALI*ESTRELLA*A***XX*1164974580~REF*EA*81206664EB024CF282AF6F879B0D57A9~DTM*232*20200812~DTM*233*20200812~SVC*HC:G0439:25*373.56*0**0**1~DTM*472*20200812~CAS*PI*16*373.56~REF*6R*CPKUFM4B70H1~LQ*HE*N381~LQ*HE*N56~SVC*HC:90471*53.53*19.27**1~DTM*472*20200812~CAS*CO*45*34.26~REF*6R*CPKUFW5MDOVR~AMT*B6*19.27~LQ*HE*N45~LQ*HE*N381~SVC*HC:90715*53*42.92**1~DTM*472*20200812~CAS*CO*45*10.08~REF*6R*CPKUYKHU03JO~AMT*B6*42.92~LQ*HE*N381~CLP*000100038701*2*272.99*19**MC*2020252001142~NM1*QC*1*JOHNSON*ANN*K***MR*D460564~NM1*82*1*SEARLES*DENISE*A***XX*1396971230~REF*EA*9BA1FA42CA6D4CB7AD561C39653BDF88~DTM*232*20200806~DTM*233*20200806~SVC*HC:99214*272.99*19**1~DTM*472*20200806~CAS*CO*45*253.99~REF*6R*CPKUQQQ31X86~AMT*B6*19~LQ*HE*N45~LQ*HE*N381~LQ*HE*N381~CLP*000100028372*2*134*19**MC*2020252001147~NM1*QC*1*MAUZY*FELICIA****MR*G585439~NM1*82*1*GRONEMEYER*LEANNE*R***XX*1659521045~REF*EA*5D1359516E6A481B8FCBF02AE6EEDDC9~DTM*232*20200116~DTM*233*20200116~SVC*HC:99214*134*19**1~DTM*472*20200116~CAS*CO*45*115~REF*6R*CPKUQ0QW7OX9~AMT*B6*19~LQ*HE*N381~LQ*HE*N381~CLP*000100023126*2*195*25.36**MC*2020252001122~NM1*QC*1*ORTIZ*DEBORAH*M***MR*K925625~NM1*82*1*GRONEMEYER*LEANNE*R***XX*1659521045~REF*EA*A6F470D7F7CD41A48FBAB56403216932~DTM*232*20191002~DTM*233*20191002~SVC*HC:99215:25*180*25.36**1~DTM*472*20191002~CAS*CO*45*154.64~REF*6R*CPKU4ZFQYNA1~AMT*B6*25.36~LQ*HE*N381~LQ*HE*N381~SVC*HC:81025*15*0**1~DTM*472*20191002~CAS*CO*45*15~REF*6R*CPKUL5KKFEYE~LQ*HE*N381~CLP*000100038450*2*95*7.42**MC*2020252001157~NM1*QC*1*REINSMITH*GARY****MR*G105684~NM1*82*1*CADDALI*ESTRELLA*A***XX*1164974580~REF*EA*A53DF47209484D5E85E4C243B084A7CD~DTM*232*20200731~DTM*233*20200731~SVC*HC:11750*95*7.42**1~DTM*472*20200731~CAS*CO*45*87.58~REF*6R*CPKULUUO86IY~AMT*B6*7.42~LQ*HE*N381~LQ*HE*N381~CLP*000100039020*2*178.3*12.69**MC*2020252001159~NM1*QC*1*REINSMITH*GARY****MR*G105684~NM1*82*1*CADDALI*ESTRELLA*A***XX*1164974580~REF*EA*1EDFC19A9BF14631A1090083516061B2~DTM*232*20200812~DTM*233*20200812~SVC*HC:99213*178.3*12.69**1~DTM*472*20200812~CAS*CO*45*165.61~REF*6R*CPKUVP3TX93A~AMT*B6*12.69~LQ*HE*N45~LQ*HE*N381~LQ*HE*N381~CLP*000100038820*2*88.54*5.28**MC*2020252001138~NM1*QC*1*SANCHEZ*JOSEPH*A***MR*G118632~NM1*82*1*HOOSHMAND-PARSI*KAYHOSROW****XX*1447291851~REF*EA*1D519D2E098B4A98A9DBEF8B3B88D19B~DTM*232*20200810~DTM*233*20200810~SVC*HC:99212*88.54*5.28**1~DTM*472*20200810~CAS*CO*45*83.26~REF*6R*CPKUR5G5VOJR~AMT*B6*5.28~LQ*HE*N45~LQ*HE*N381~LQ*HE*N381~CLP*000100038830*2*410.8*25.29**MC*2020252001143~NM1*QC*1*TAVAREZ*BALBINAQ****MR*O311216~NM1*82*1*GRONEMEYER*LEANNE*R***XX*1659521045~REF*EA*C1C95A5B529945ED9F8977C2A8AA769F~DTM*232*20200810~DTM*233*20200810~SVC*HC:99214:25*272.99*19**1~DTM*472*20200810~CAS*CO*45*253.99~REF*6R*CPKUJEHQDPYF~AMT*B6*19~LQ*HE*N45~LQ*HE*N381~LQ*HE*N381~SVC*HC:G0444*30.75*0**1~DTM*472*20200810~CAS*CO*45*30.75~REF*6R*CPKUN83YA5J9~SVC*HC:G0396*107.06*6.29**1~DTM*472*20200810~CAS*OA*P22*100.77~REF*6R*CPKULGNMKR7S~AMT*B6*6.29~LQ*HE*MA125~LQ*HE*MA125~CLP*000100038702*2*178.3*12.69**MC*2020252001137~NM1*QC*1*VIGIL*AUGUSTINE****MR*Y811310~NM1*82*1*GRONEMEYER*LEANNE*R***XX*1659521045~REF*EA*D098EEAD7A03469FB890A6C8919ACA1D~DTM*232*20200806~DTM*233*20200806~SVC*HC:99213*178.3*12.69**1~DTM*472*20200806~CAS*CO*45*165.61~REF*6R*CPKUPXM6YKN9~AMT*B6*12.69~LQ*HE*N45~LQ*HE*N381~LQ*HE*N381~CLP*23445*2*90*12.94**MC*2220255010238~NM1*QC*1*WAGNER*DOROTHY*J***MR*P790476~DTM*232*20191009~DTM*233*20191009~SVC*HC:99213*90*12.94**1~DTM*472*20191009~CAS*CO*45*77.06~REF*HPI*1164974580~AMT*B6*12.94~LQ*HE*N381~LQ*HE*N381~CLP*000100027205*2*134*18.93**MC*2020252001140~NM1*QC*1*ZAVALA*JOSEPH****MR*H629313~NM1*82*1*GRONEMEYER*LEANNE*R***XX*1659521045~REF*EA*76F8BE7FBF104374A5FEE9569BE78250~DTM*232*20191223~DTM*233*20191223~SVC*HC:99214*134*18.93**1~DTM*472*20191223~CAS*CO*45*115.07~REF*6R*CPKUAYQ5PTTI~AMT*B6*18.93~LQ*HE*N381~LQ*HE*N381~CLP*000100039714*1*15*8.34**MC*2020255039125~NM1*QC*1*ARAGON*JAMIE*J***MR*P585812~NM1*82*1*GRONEMEYER*LEANNE*R***XX*1659521045~REF*EA*85F23BECDB0E4D5AB124F19AE6EB28C7~DTM*232*20200826~DTM*233*20200826~SVC*HC:81025*15*8.34**1~DTM*472*20200826~CAS*CO*45*6.66~REF*6R*CPS28MB0P8R5~AMT*B6*8.34~LQ*HE*N77~LQ*HE*N381~CLP*000100039972*1*15*8.34**MC*2020255039133~NM1*QC*1*ARAGON*JAMIE*J***MR*P585812~NM1*82*1*SEARLES*DENISE*A***XX*1396971230~REF*EA*AFE69D7B8DC849249691993DB94D85D6~DTM*232*20200901~DTM*233*20200901~SVC*HC:81025*15*8.34**1~DTM*472*20200901~CAS*CO*45*6.66~REF*6R*CPS21DFL9INR~AMT*B6*8.34~LQ*HE*N77~LQ*HE*N381~CLP*000100033353*1*178.54*61.31**MC*2020255039292~NM1*QC*1*AVILA*KRISTA*M***MR*K943511~NM1*82*1*SEARLES*DENISE*A***XX*1396971230~REF*EA*FA0AA66D78544EB8B0E0618E015ECBF5~DTM*232*20200417~DTM*233*20200417~SVC*HC:99212:25*88.54*39.39**1~DTM*472*20200417~CAS*CO*45*49.15~REF*6R*CPTM6BQ5046O~AMT*B6*39.39~LQ*HE*N381~SVC*HC:H0049*50*10.92**1~DTM*472*20200417~CAS*CO*45*39.08~REF*6R*CPTM5D6AC5RJ~AMT*B6*10.92~LQ*HE*N381~SVC*HC:G8510*40*11**1~DTM*472*20200417~CAS*CO*45*29~REF*6R*CPTMLJBZV126~AMT*B6*11~LQ*HE*N381~CLP*000100039805*1*15*7.34*1*MC*2020255039474~NM1*QC*1*AVILA*SHANNA****MR*K598901~NM1*82*1*SEARLES*DENISE*A***XX*1396971230~REF*EA*CCDA39FD84AC41728941197E3B0C5C34~DTM*232*20200827~DTM*233*20200827~SVC*HC:81025*15*7.34**1~DTM*472*20200827~CAS*PR*3*1~CAS*CO*45*6.66~REF*6R*CPS2G1PS6F4N~AMT*B6*8.34~LQ*HE*N77~LQ*HE*N381~LQ*HE*N381~CLP*000100039542*1*541.77*281.14**MC*2020255039595~NM1*QC*1*BACA JR*ANTHONY*J***MR*Q976499~NM1*74*1*BACA~NM1*82*1*TSAMBIKOS*RICHARD****XX*1467985713~REF*EA*A2A3CF4240004040941769D0BF427F53~DTM*232*20200821~DTM*233*20200821~SVC*HC:99214*272.99*96.14**1~DTM*472*20200821~CAS*CO*45*176.85~REF*6R*CPTMKLN9E29K~AMT*B6*96.14~LQ*HE*N45~LQ*HE*N381~SVC*HC:90471*53.53*19.27**1~DTM*472*20200821~CAS*CO*45*34.26~REF*6R*CPTM0SYGWNHQ~AMT*B6*19.27~LQ*HE*N45~LQ*HE*N381~SVC*HC:90732*104.15*99.19**1~DTM*472*20200821~CAS*CO*45*4.96~REF*6R*CPTM4E0U9WD8~AMT*B6*99.19~LQ*HE*N381~SVC*HC:90472*41*11.19**1~DTM*472*20200821~CAS*CO*45*29.81~REF*6R*CPTMZV7Q6HM1~AMT*B6*11.19~LQ*HE*N45~LQ*HE*N381~SVC*HC:90715*53*42.92**1~DTM*472*20200821~CAS*CO*45*10.08~REF*6R*CPTM1HFXTSWK~AMT*B6*42.92~LQ*HE*N381~SVC*HC:99406*17.1*12.43**1~DTM*472*20200821~CAS*CO*45*4.67~REF*6R*CPTMSE57BQEG~AMT*B6*12.43~LQ*HE*N45~LQ*HE*N381~CLP*000100039647*1*178.3*65.15**MC*2020255038999~NM1*QC*1*BALLEZ*DEVYN*M***MR*T027025~NM1*82*1*CADDALI*ESTRELLA*A***XX*1164974580~REF*EA*DC6EEA90B62A4E0880A2220E7B34F912~DTM*232*20200825~DTM*233*20200825~SVC*HC:99213*178.3*65.15**1~DTM*472*20200825~CAS*CO*45*113.15~REF*6R*CPTM3HQF83HZ~AMT*B6*65.15~LQ*HE*N45~LQ*HE*N381~CLP*000100039810*1*15*8.34**MC*2020255039183~NM1*QC*1*BOULIER*JEWEL*R***MR*W913486~NM1*82*1*SEARLES*DENISE*A***XX*1396971230~REF*EA*EBCE035F83854FE0A76A791357A25ED2~DTM*232*20200827~DTM*233*20200827~SVC*HC:81025*15*8.34**1~DTM*472*20200827~CAS*CO*45*6.66~REF*6R*CPS2DUT4VTNZ~AMT*B6*8.34~LQ*HE*N77~LQ*HE*N381~CLP*000100039691*1*217.66*54.8**MC*2020255038967~NM1*QC*1*BROWN*SARA*E***MR*Y577195~NM1*82*1*LEWIS*HOLLY*G***XX*1295234128~REF*EA*2C575CDD40DA4E158186417766B49B1F~DTM*232*20200825~DTM*233*20200825~SVC*HC:90832*217.66*54.8**1~DTM*472*20200825~CAS*CO*45*162.86~REF*6R*CPTMGD23EHNA~AMT*B6*54.8~LQ*HE*N381~CLP*000100039687*1*456.73*176.1**MC*2020255039365~NM1*QC*1*BROWN*SARA*E***MR*Y577195~NM1*82*1*HOOSHMAND-PARSI*KAYHOSROW****XX*1447291851~REF*EA*22046E75644E49E8A6970A48B8F3606E~DTM*232*20200825~DTM*233*20200825~SVC*HC:99396:25*312.06*113.79**1~DTM*472*20200825~CAS*CO*45*198.27~REF*6R*CPTM9L4Q9LC5~AMT*B6*113.79~LQ*HE*N45~LQ*HE*N381~SVC*HC:93000*54.67*21.29**1~DTM*472*20200825~CAS*CO*45*33.38~REF*6R*CPTMRRAX3WLA~AMT*B6*21.29~LQ*HE*N381~SVC*HC:H0049*50*10.81**1~DTM*472*20200825~CAS*CO*45*39.19~REF*6R*CPTM7OCV8GQE~AMT*B6*10.81~LQ*HE*N381~SVC*HC:G8431*40*30.21**1~DTM*472*20200825~CAS*CO*45*9.79~REF*6R*CPTMQUPLG0FS~AMT*B6*30.21~LQ*HE*N45~LQ*HE*N381~CLP*000100039791*1*178.3*65.15**MC*2020255039348~NM1*QC*1*BUTKOVICH*SAM*E***MR*V079008~NM1*82*1*HOOSHMAND-PARSI*KAYHOSROW****XX*1447291851~REF*EA*70231575A95A42BAA796CFD378220420~DTM*232*20200827~DTM*233*20200827~SVC*HC:99213*178.3*65.15**1~DTM*472*20200827~CAS*CO*45*113.15~REF*6R*CPTM67QOB47X~AMT*B6*65.15~LQ*HE*N45~LQ*HE*N381~CLP*000100033059*1*178.3*65.81**MC*2020255039428~NM1*QC*1*CARBAJAL*MELISSA****MR*A287390~NM1*82*1*SEARLES*DENISE*A***XX*1396971230~REF*EA*015E02CEEC1746038DD94BE209C5ECE7~DTM*232*20200410~DTM*233*20200410~SVC*HC:99213*178.3*65.81**1~DTM*472*20200410~CAS*CO*45*112.49~REF*6R*CPTM14C979GT~AMT*B6*65.81~LQ*HE*N381~CLP*000100039855*1*217.66*54.8**MC*2020255038858~NM1*QC*1*CHATMAN*BRITTANY*C***MR*Y447314~NM1*82*1*LEWIS*HOLLY*G***XX*1295234128~REF*EA*D0BAA323616C4BDD898598B0F348C2E0~DTM*232*20200828~DTM*233*20200828~SVC*HC:90832*217.66*54.8**1~DTM*472*20200828~CAS*CO*45*162.86~REF*6R*CPTMKHB7W8CV~AMT*B6*54.8~LQ*HE*N381~CLP*000100039779*1*327.66*117.43**MC*2020255039310~NM1*QC*1*CHAVEZ*CLAYTON*J***MR*H783417~NM1*82*1*CADDALI*ESTRELLA*A***XX*1164974580~REF*EA*990702832031427AB9480E383D4A195A~DTM*232*20200827~DTM*233*20200827~SVC*HC:99214:25*272.99*96.14**1~DTM*472*20200827~CAS*CO*45*176.85~REF*6R*CPTMU9S06S0Q~AMT*B6*96.14~LQ*HE*N45~LQ*HE*N381~SVC*HC:93000*54.67*21.29**1~DTM*472*20200827~CAS*CO*45*33.38~REF*6R*CPTMA50T2WG3~AMT*B6*21.29~LQ*HE*N381~CLP*000100033534*1*178.3*65.81**MC*2020255039639~NM1*QC*1*DEBIDART*MICHAEL*M***MR*P894392~NM1*82*1*SEARLES*DENISE*A***XX*1396971230~REF*EA*FC0AD876EC524DB8922BDA62ED9576C9~DTM*232*20200421~DTM*233*20200421~SVC*HC:99213*178.3*65.81**1~DTM*472*20200421~CAS*CO*45*112.49~REF*6R*CPTMXIQLLA0H~AMT*B6*65.81~LQ*HE*N381~CLP*000100038729*1*283.92*113.54**MC*2020255039535~NM1*QC*1*DUGGAN*KACI****MR*P931699~NM1*82*1*CADDALI*ESTRELLA*A***XX*1164974580~REF*EA*0E2FA4AC2EE54F308B257796464AE262~DTM*232*20200806~DTM*233*20200806~SVC*HC:99203:25*266.84*96.46**1~DTM*472*20200806~CAS*CO*45*170.38~REF*6R*CPTMYIMIHSJ3~AMT*B6*96.46~LQ*HE*N45~LQ*HE*N381~SVC*HC:96127*17.08*17.08**1~DTM*472*20200806~REF*6R*CPTMKULM7SYX~AMT*B6*17.08~CLP*000100039854*1*178.3*65.15**MC*2020255039614~NM1*QC*1*FARMER*ROBERT*E***MR*G099295~NM1*82*1*CADDALI*ESTRELLA*A***XX*1164974580~REF*EA*5CA8F922E33340FEAE73709B87C29273~DTM*232*20200828~DTM*233*20200828~SVC*HC:99213*178.3*65.15**1~DTM*472*20200828~CAS*CO*45*113.15~REF*6R*CPTMNQENWUE8~AMT*B6*65.15~LQ*HE*N45~LQ*HE*N381~CLP*000100039746*1*430.67*212.6*2*MC*2020255039010~NM1*QC*1*FIENE*ALAURA****MR*G541414~NM1*82*1*TSAMBIKOS*RICHARD****XX*1467985713~REF*EA*1602425F93E64D23BA14F0D36823E791~DTM*232*20200826~DTM*233*20200826~SVC*HC:99214:25*272.99*94.14**1~DTM*472*20200826~CAS*PR*3*2~CAS*CO*45*176.85~REF*6R*CPTM22ZI3Q0N~AMT*B6*96.14~LQ*HE*N45~LQ*HE*N381~LQ*HE*N381~SVC*HC:90471*53.53*19.27**1~DTM*472*20200826~CAS*CO*45*34.26~REF*6R*CPTMF9954QFR~AMT*B6*19.27~LQ*HE*N45~LQ*HE*N381~SVC*HC:90732*104.15*99.19**1~DTM*472*20200826~CAS*CO*45*4.96~REF*6R*CPTMWBL2CHJR~AMT*B6*99.19~LQ*HE*N381~CLP*000100039654*1*272.99*96.14**MC*2020255039358~NM1*QC*1*FIERRO*VIRGINIA****MR*B600385~NM1*82*1*CADDALI*ESTRELLA*A***XX*1164974580~REF*EA*06C38E39BDB641FC81B3C70A74D7DA8D~DTM*232*20200825~DTM*233*20200825~SVC*HC:99214*272.99*96.14**1~DTM*472*20200825~CAS*CO*45*176.85~REF*6R*CPTMUDUACWSX~AMT*B6*96.14~LQ*HE*N45~LQ*HE*N381~CLP*000100036375*1*15*8.42**MC*2020255039026~NM1*QC*1*FIORINI*CHRISTENA*E***MR*Y109693~NM1*82*1*GRONEMEYER*LEANNE*R***XX*1659521045~REF*EA*1313588B791847B6867B72D9419E4C6D~DTM*232*20200617~DTM*233*20200617~SVC*HC:81025*15*8.42**1~DTM*472*20200617~CAS*CO*45*6.58~REF*6R*CPS2HFQN6YUL~AMT*B6*8.42~LQ*HE*N59~LQ*HE*N381~CLP*000100035265*1*40*11**MC*2020255039632~NM1*QC*1*FLUETT*SARAH****MR*O578292~NM1*82*1*HOOSHMAND-PARSI*KAYHOSROW****XX*1447291851~REF*EA*55AFDE11A4054A9495989001C7DD52A2~DTM*232*20200526~DTM*233*20200526~SVC*HC:G8510*40*11**1~DTM*472*20200526~CAS*CO*45*29~REF*6R*CPS2DIDAEMBO~AMT*B6*11~LQ*HE*N381~CLP*000100037870*1*1860*1266.14**MC*2020255039636~NM1*QC*1*FLUETT*SARAH****MR*O578292~NM1*82*1*HOOSHMAND-PARSI*KAYHOSROW****XX*1447291851~REF*EA*0066A32E94B04E41A8B48C7BEE56EAF3~DTM*232*20200721~DTM*233*20200721~SVC*HC:J2315*1805*1257.8**380~DTM*472*20200721~CAS*CO*45*547.2~REF*6R*CPTUPNLNLBES~AMT*B6*1257.8~LQ*HE*N59~LQ*HE*N381~SVC*HC:81025*15*8.34**1~DTM*472*20200721~CAS*CO*45*6.66~REF*6R*CPTU88N5YUWS~AMT*B6*8.34~LQ*HE*N59~LQ*HE*N381~SVC*HC:G8510*40*0**0**1~DTM*472*20200721~CAS*PI*5*40~REF*6R*CPTUO28VVLOT~LQ*HE*N59~LQ*HE*M77~CLP*000100036828*1*2248.17*1295.44**MC*2020255039571~NM1*QC*1*GANDARA*MANUEL****MR*U390760~NM1*82*1*HOOSHMAND-PARSI*KAYHOSROW****XX*1447291851~REF*EA*ED51EAF1E5064E7FBC194103BA436F8E~DTM*232*20200629~DTM*233*20200629~SVC*HC:J2315*1805*1254**380~DTM*472*20200629~CAS*CO*45*551~REF*6R*CPS2EVPU6UFR~AMT*B6*1254~LQ*HE*N59~LQ*HE*N381~SVC*HC:H0049*403.17*10.92**1~DTM*472*20200629~CAS*CO*45*392.25~REF*6R*CPS214C8DUN6~AMT*B6*10.92~LQ*HE*N59~LQ*HE*N381~SVC*HC:G8431*40*30.52**1~DTM*472*20200629~CAS*CO*45*9.48~REF*6R*CPS2NEHKJ1NQ~AMT*B6*30.52~LQ*HE*N59~LQ*HE*N381~CLP*000100037983*1*1805*1257.8**MC*2020255039468~NM1*QC*1*GOIN*JOSHUA****MR*G127292~NM1*82*1*GRONEMEYER*LEANNE*R***XX*1659521045~REF*EA*77FBD5F08BC040BFA04F225F3E93404F~DTM*232*20200722~DTM*233*20200722~SVC*HC:J2315*1805*1257.8**380~DTM*472*20200722~CAS*CO*45*547.2~REF*6R*CPS20KRNC2HD~AMT*B6*1257.8~LQ*HE*N59~LQ*HE*N381~CLP*000100038296*1*1805*1257.8**MC*2020255039072~NM1*QC*1*GRAY*JAMES****MR*J248474~NM1*82*1*GRONEMEYER*LEANNE*R***XX*1659521045~REF*EA*C3FE1AF7FDB54AD6AC04D7E43B71BB88~DTM*232*20200729~DTM*233*20200729~SVC*HC:J2315*1805*1257.8**380~DTM*472*20200729~CAS*CO*45*547.2~REF*6R*CPTUXZRMQDQ5~AMT*B6*1257.8~LQ*HE*N59~LQ*HE*N381~CLP*000100037014*1*1805*1257.8**MC*2020255039082~NM1*QC*1*GRAY*JAMES****MR*J248474~NM1*82*1*GRONEMEYER*LEANNE*R***XX*1659521045~REF*EA*89ECC09E3F204940B42B0229D7B8A449~DTM*232*20200701~DTM*233*20200701~SVC*HC:J2315*1805*1257.8**380~DTM*472*20200701~CAS*CO*45*547.2~REF*6R*CPTU9WXSKN7C~AMT*B6*1257.8~LQ*HE*N59~LQ*HE*N381~CLP*000100039509*1*279.14*112.87**MC*2020255039533~NM1*QC*1*GUERRERO HILER*SAVANNAH****MR*O160243~NM1*74*1*GUERREROHILER**C~NM1*82*1*CADDALI*ESTRELLA*A***XX*1164974580~REF*EA*B2E21DF546D04CDFBA6F202F0526D231~DTM*232*20200821~DTM*233*20200821~SVC*HC:99393:25*247.14*95.5**1~DTM*472*20200821~CAS*CO*45*151.64~REF*6R*CPTMFEA8YHJV~AMT*B6*95.5~LQ*HE*N45~LQ*HE*N381~SVC*HC:17340*32*17.37**1~DTM*472*20200821~CAS*CO*45*14.63~REF*6R*CPTMLAZMVSGT~AMT*B6*17.37~LQ*HE*N381~LQ*HE*N381~CLP*000100039817*1*217.66*54.8**MC*2020255038936~NM1*QC*1*HARRIS*ANGELA****MR*J327161~NM1*82*1*LEWIS*HOLLY*G***XX*1295234128~REF*EA*EBCF1EA38ABD48E7BFF04A8B8149985F~DTM*232*20200827~DTM*233*20200827~SVC*HC:90832*217.66*54.8**1~DTM*472*20200827~CAS*CO*45*162.86~REF*6R*CPTMHR5GVP71~AMT*B6*54.8~LQ*HE*N381~CLP*000100039859*1*272.99*96.14**MC*2020255039248~NM1*QC*1*HARRIS*TRACEY*L***MR*O471852~NM1*82*1*CADDALI*ESTRELLA*A***XX*1164974580~REF*EA*97CE5811AB604720BF4B3C270C4761C8~DTM*232*20200828~DTM*233*20200828~SVC*HC:99214*272.99*96.14**1~DTM*472*20200828~CAS*CO*45*176.85~REF*6R*CPTMRZ1PNMC5~AMT*B6*96.14~LQ*HE*N45~LQ*HE*N381~CLP*000100039686*1*540.07*167.79*2*MC*2020255039625~NM1*QC*1*HAYES*PATRICK****MR*F472088~NM1*82*1*TSAMBIKOS*RICHARD****XX*1467985713~REF*EA*7BB705DC4C404317970FE07CB5C98BF4~DTM*232*20200825~DTM*233*20200825~SVC*HC:99204:25*450.07*146.09**1~DTM*472*20200825~CAS*PR*3*2~CAS*CO*45*301.98~REF*6R*CPTM110TTS6T~AMT*B6*148.09~LQ*HE*N45~LQ*HE*N381~LQ*HE*N381~SVC*HC:H0049*50*10.81**1~DTM*472*20200825~CAS*CO*45*39.19~REF*6R*CPTM0RQ68C8B~AMT*B6*10.81~LQ*HE*N381~SVC*HC:G8510*40*10.89**1~DTM*472*20200825~CAS*CO*45*29.11~REF*6R*CPTM9PMFDWD9~AMT*B6*10.89~LQ*HE*N45~LQ*HE*N381~CLP*000100039857*1*217.66*54.8**MC*2020255038946~NM1*QC*1*HELM*KARA*A***MR*O558457~NM1*82*1*LEWIS*HOLLY*G***XX*1295234128~REF*EA*0B362362683E4269871E2F9FCAB18FC9~DTM*232*20200828~DTM*233*20200828~SVC*HC:90832*217.66*54.8**1~DTM*472*20200828~CAS*CO*45*162.86~REF*6R*CPTM5M7U6MUW~AMT*B6*54.8~LQ*HE*N381~CLP*000100039842*1*571.4*193.71*2*MC*2020255039228~NM1*QC*1*HELM*KARA*A***MR*O558457~NM1*82*1*TSAMBIKOS*RICHARD****XX*1467985713~REF*EA*DBAECA8F07B04BD7999076BF4F5E7D5E~DTM*232*20200828~DTM*233*20200828~SVC*HC:99204:25*450.07*146.09**1~DTM*472*20200828~CAS*PR*3*2~CAS*CO*45*301.98~REF*6R*CPTM1JYCAGWF~AMT*B6*148.09~LQ*HE*N45~LQ*HE*N381~LQ*HE*N381~SVC*HC:81002*4*0**0**1~DTM*472*20200828~CAS*PI*5*4~REF*6R*CPTMD60HY1RV~LQ*HE*M77~LQ*HE*M77~SVC*HC:86580*27.33*6.6**1~DTM*472*20200828~CAS*CO*45*20.73~REF*6R*CPTMD91YM9FL~AMT*B6*6.6~LQ*HE*N381~SVC*HC:H0049*50*10.81**1~DTM*472*20200828~CAS*CO*45*39.19~REF*6R*CPTMYRUXUVK2~AMT*B6*10.81~LQ*HE*N381~SVC*HC:G8431*40*30.21**1~DTM*472*20200828~CAS*CO*45*9.79~REF*6R*CPTM7JOWB68R~AMT*B6*30.21~LQ*HE*N45~LQ*HE*N381~CLP*000100038309*1*1845*1257.8**MC*2020255039591~NM1*QC*1*HELVEY*RYAN*J***MR*N690416~NM1*82*1*SEARLES*DENISE*A***XX*1396971230~REF*EA*A0CDFD980CE0464E8598A915AB72F651~DTM*232*20200729~DTM*233*20200729~SVC*HC:J2315*1805*1257.8**380~DTM*472*20200729~CAS*CO*45*547.2~REF*6R*CPTUJG2XLBTH~AMT*B6*1257.8~LQ*HE*N59~LQ*HE*N381~SVC*HC:G8510*40*0**0**1~DTM*472*20200729~CAS*PI*5*40~REF*6R*CPTUOM125FPH~LQ*HE*N59~LQ*HE*M77~LQ*HE*M77~CLP*000100039838*1*178.3*65.15**MC*2020255039281~NM1*QC*1*HERNANDEZ*PATRICIA****MR*N926539~NM1*82*1*CADDALI*ESTRELLA*A***XX*1164974580~REF*EA*E03EF7D30DC84A8DA1408755D3954EB6~DTM*232*20200828~DTM*233*20200828~SVC*HC:99213*178.3*65.15**1~DTM*472*20200828~CAS*CO*45*113.15~REF*6R*CPTMJ6RVMBP7~AMT*B6*65.15~LQ*HE*N45~LQ*HE*N381~CLP*000100039507*1*280.17*104.49**MC*2020255039530~NM1*QC*1*HILER*GIOVANNI****MR*G602173~NM1*82*1*CADDALI*ESTRELLA*A***XX*1164974580~REF*EA*EC3507C0CA554970B3A3EA174F133742~DTM*232*20200821~DTM*233*20200821~SVC*HC:99394*280.17*104.49**1~DTM*472*20200821~CAS*CO*45*175.68~REF*6R*CPTMUBO5MKXC~AMT*B6*104.49~LQ*HE*N45~LQ*HE*N381~CLP*000100037275*1*15*8.34**MC*2020255039306~NM1*QC*1*JARAMILLO*RACHEL*A***MR*Y000126~NM1*82*1*SEARLES*DENISE*A***XX*1396971230~REF*EA*B4C0555073814E0F9D65B81D8C3F73C5~DTM*232*20200708~DTM*233*20200708~SVC*HC:81025*15*8.34**1~DTM*472*20200708~CAS*CO*45*6.66~REF*6R*CPS2T8G4KLVH~AMT*B6*8.34~LQ*HE*N59~LQ*HE*N381~CLP*000100037893*1*1845*1257.8**MC*2020255039174~NM1*QC*1*JIRON*ROMAN****MR*G679343~NM1*82*1*HOOSHMAND-PARSI*KAYHOSROW****XX*1447291851~REF*EA*E745FE691FA34F5493A9BDF9C50AF948~DTM*232*20200721~DTM*233*20200721~SVC*HC:J2315*1805*1257.8**380~DTM*472*20200721~CAS*CO*45*547.2~REF*6R*CPTUDZ7ITXHY~AMT*B6*1257.8~LQ*HE*N59~LQ*HE*N381~SVC*HC:G8510*40*0**0**1~DTM*472*20200721~CAS*PI*5*40~REF*6R*CPTUPD9ZDUTQ~LQ*HE*N59~LQ*HE*M77~LQ*HE*M77~CLP*000100036844*1*15*8.42**MC*2020255039327~NM1*QC*1*JOHNSON*TIFFANY*S***MR*L497210~NM1*82*1*HOOSHMAND-PARSI*KAYHOSROW****XX*1447291851~REF*EA*723E2A8D050B47D5A05C298C06603BE2~DTM*232*20200629~DTM*233*20200629~SVC*HC:81025*15*8.42**1~DTM*472*20200629~CAS*CO*45*6.58~REF*6R*CPS2213BXFZ9~AMT*B6*8.42~LQ*HE*N59~LQ*HE*N381~CLP*000100037465*1*15*8.34**MC*2020255039335~NM1*QC*1*JOHNSON*TIFFANY*S***MR*L497210~NM1*82*1*HOOSHMAND-PARSI*KAYHOSROW****XX*1447291851~REF*EA*61B5D53E562E41C89D58596FC34246FD~DTM*232*20200713~DTM*233*20200713~SVC*HC:81025*15*8.34**1~DTM*472*20200713~CAS*CO*45*6.66~REF*6R*CPTU4955GF5Y~AMT*B6*8.34~LQ*HE*N59~LQ*HE*N381~CLP*000100036546*1*15*8.42**MC*2020255039338~NM1*QC*1*JOHNSON*TIFFANY*S***MR*L497210~NM1*82*1*HOOSHMAND-PARSI*KAYHOSROW****XX*1447291851~REF*EA*B8DF482C0D6247D0BDD23BB840D2F904~DTM*232*20200622~DTM*233*20200622~SVC*HC:81025*15*8.42**1~DTM*472*20200622~CAS*CO*45*6.58~REF*6R*CPS2G31938CB~AMT*B6*8.42~LQ*HE*N59~LQ*HE*N381~CLP*000100039871*1*272.99*96.14**MC*2020255039340~NM1*QC*1*JOHNSON*TIFFANY*S***MR*L497210~NM1*82*1*TSAMBIKOS*RICHARD****XX*1467985713~REF*EA*2148676CE5E34FFC82D94733C2107A79~DTM*232*20200828~DTM*233*20200828~SVC*HC:99214*272.99*96.14**1~DTM*472*20200828~CAS*CO*45*176.85~REF*6R*CPTMJZOINS9A~AMT*B6*96.14~LQ*HE*N45~LQ*HE*N381~CLP*000100033072*1*178.3*65.81**MC*2020255038985~NM1*QC*1*JONES*PAULA****MR*M040589~NM1*82*1*SEARLES*DENISE*A***XX*1396971230~REF*EA*F4489C43FD4946ED9E3CB65A11D397CC~DTM*232*20200410~DTM*233*20200410~SVC*HC:99213*178.3*65.81**1~DTM*472*20200410~CAS*CO*45*112.49~REF*6R*CPTM7GN4NAO2~AMT*B6*65.81~LQ*HE*N381~CLP*000100039464*1*362.99*137.16**MC*2020255039396~NM1*QC*1*LAIRD*AMY*J***MR*T813895~NM1*82*1*CADDALI*ESTRELLA*A***XX*1164974580~REF*EA*39CEFA215E454D81A3E42932CBCF4E4B~DTM*232*20200820~DTM*233*20200820~SVC*HC:99214:25*272.99*96.14**1~DTM*472*20200820~CAS*CO*45*176.85~REF*6R*CPTM722JDANT~AMT*B6*96.14~LQ*HE*N45~LQ*HE*N381~SVC*HC:H0049*50*10.81**1~DTM*472*20200820~CAS*CO*45*39.19~REF*6R*CPTM485MCCXQ~AMT*B6*10.81~LQ*HE*N381~SVC*HC:G8431*40*30.21**1~DTM*472*20200820~CAS*CO*45*9.79~REF*6R*CPTM2VWQGM9Z~AMT*B6*30.21~LQ*HE*N45~LQ*HE*N381~CLP*000100038677*1*1845*1257.8**MC*2020255039057~NM1*QC*1*LINDSAY SANDERS*SHABREA*D***MR*Q818873~NM1*74*1*LINDSAYSANDERS~NM1*82*1*SEARLES*DENISE*A***XX*1396971230~REF*EA*C21EA841E15F48759E0BA8BA7B06E369~DTM*232*20200805~DTM*233*20200805~SVC*HC:J2315*1805*1257.8**380~DTM*472*20200805~CAS*CO*45*547.2~REF*6R*CPTUBIB6J2AR~AMT*B6*1257.8~LQ*HE*N59~LQ*HE*N381~SVC*HC:G8510*40*0**0**1~DTM*472*20200805~CAS*PI*5*40~REF*6R*CPTUB6VJIZOH~LQ*HE*N59~LQ*HE*M77~LQ*HE*M77~CLP*000100039833*1*232.97*86.44**MC*2020255039416~NM1*QC*1*LOBATO*DAVINA*D***MR*H882144~NM1*82*1*CADDALI*ESTRELLA*A***XX*1164974580~REF*EA*7813F9403858481CAF3FC3F6C4C3F0B3~DTM*232*20200828~DTM*233*20200828~SVC*HC:99213:25*178.3*65.15**1~DTM*472*20200828~CAS*CO*45*113.15~REF*6R*CPTMH573T4UR~AMT*B6*65.15~LQ*HE*N45~LQ*HE*N381~SVC*HC:93000*54.67*21.29**1~DTM*472*20200828~CAS*CO*45*33.38~REF*6R*CPTMPEV9FD4S~AMT*B6*21.29~LQ*HE*N381~CLP*000100039748*1*272.99*96.14**MC*2020255039492~NM1*QC*1*LOPEZ*ALEX*A***MR*Y991632~NM1*82*1*CADDALI*ESTRELLA*A***XX*1164974580~REF*EA*6FE0E815507C46B4B5D347C668A8D632~DTM*232*20200826~DTM*233*20200826~SVC*HC:99214*272.99*96.14**1~DTM*472*20200826~CAS*CO*45*176.85~REF*6R*CPTM22NY8LXU~AMT*B6*96.14~LQ*HE*N45~LQ*HE*N381~CLP*000100039858*1*272.99*96.14**MC*2020255039522~NM1*QC*1*MARTIN*SHANNON*D***MR*P441332~NM1*82*1*TSAMBIKOS*RICHARD****XX*1467985713~REF*EA*9AB3DCEEC40F47DD8BAC7F2BD370F844~DTM*232*20200828~DTM*233*20200828~SVC*HC:99214*272.99*96.14**1~DTM*472*20200828~CAS*CO*45*176.85~REF*6R*CPTM0CT973JZ~AMT*B6*96.14~LQ*HE*N45~LQ*HE*N381~CLP*000100039867*1*217.66*54.8**MC*2020255038980~NM1*QC*1*MITCHELL*DEBORAH****MR*W309719~NM1*82*1*LEWIS*HOLLY*G***XX*1295234128~REF*EA*66A59594274E40C281B64B47E19FA760~DTM*232*20200828~DTM*233*20200828~SVC*HC:90832*217.66*54.8**1~DTM*472*20200828~CAS*CO*45*162.86~REF*6R*CPTMT5ITAN23~AMT*B6*54.8~LQ*HE*N381~CLP*000100039664*1*272.99*96.14**MC*2020255039582~NM1*QC*1*MORENO-PADILLA*REGINA*R***MR*I257452~NM1*74*1*MORENOPADILLA~NM1*82*1*TSAMBIKOS*RICHARD****XX*1467985713~REF*EA*17D603EA2FDB4A6F97F7A5A0BEA4F187~DTM*232*20200825~DTM*233*20200825~SVC*HC:99214*272.99*96.14**1~DTM*472*20200825~CAS*CO*45*176.85~REF*6R*CPTMEOOEHSLF~AMT*B6*96.14~LQ*HE*N45~LQ*HE*N381~CLP*000100039843*1*178.3*63.15*2*MC*2020255039404~NM1*QC*1*OHRDORF*JIMMI*L***MR*Y840687~NM1*82*1*CADDALI*ESTRELLA*A***XX*1164974580~REF*EA*49DC7DD0848C48B9888D1061A8CB7A48~DTM*232*20200828~DTM*233*20200828~SVC*HC:99213*178.3*63.15**1~DTM*472*20200828~CAS*PR*3*2~CAS*CO*45*113.15~REF*6R*CPTM5GQLJXBY~AMT*B6*65.15~LQ*HE*N45~LQ*HE*N381~LQ*HE*N381~CLP*000100039599*1*541.77*281.14**MC*2020255039154~NM1*QC*1*PAIZ*DESIREE*V***MR*J620284~NM1*82*1*TSAMBIKOS*RICHARD****XX*1467985713~REF*EA*40F384CBAD0A4D2DB54ACCAAFAA79C21~DTM*232*20200825~DTM*233*20200825~SVC*HC:99214:25*272.99*96.14**1~DTM*472*20200825~CAS*CO*45*176.85~REF*6R*CPTM2HWDGQEE~AMT*B6*96.14~LQ*HE*N45~LQ*HE*N381~SVC*HC:99406*17.1*12.43**1~DTM*472*20200825~CAS*CO*45*4.67~REF*6R*CPTML9CW3L4S~AMT*B6*12.43~LQ*HE*N45~LQ*HE*N381~SVC*HC:90471*53.53*19.27**1~DTM*472*20200825~CAS*CO*45*34.26~REF*6R*CPTMSP1LG1ZB~AMT*B6*19.27~LQ*HE*N45~LQ*HE*N381~SVC*HC:90732*104.15*99.19**1~DTM*472*20200825~CAS*CO*45*4.96~REF*6R*CPTMJT33LATL~AMT*B6*99.19~LQ*HE*N381~SVC*HC:90472*41*11.19**1~DTM*472*20200825~CAS*CO*45*29.81~REF*6R*CPTMQ4J43EUR~AMT*B6*11.19~LQ*HE*N45~LQ*HE*N381~SVC*HC:90715*53*42.92**1~DTM*472*20200825~CAS*CO*45*10.08~REF*6R*CPTMQD6CT62T~AMT*B6*42.92~LQ*HE*N381~CLP*000100039734*1*268.3*106.17**MC*2020255039557~NM1*QC*1*PAULSEN*STACY*C***MR*W216187~NM1*82*1*CADDALI*ESTRELLA*A***XX*1164974580~REF*EA*EEE4467A86B54EDB8A272818AB24B46B~DTM*232*20200826~DTM*233*20200826~SVC*HC:99213:25*178.3*65.15**1~DTM*472*20200826~CAS*CO*45*113.15~REF*6R*CPTM2LPM1GL7~AMT*B6*65.15~LQ*HE*N45~LQ*HE*N381~SVC*HC:H0049*50*10.81**1~DTM*472*20200826~CAS*CO*45*39.19~REF*6R*CPTMEXV254YI~AMT*B6*10.81~LQ*HE*N381~SVC*HC:G8431*40*30.21**1~DTM*472*20200826~CAS*CO*45*9.79~REF*6R*CPTMN341JT37~AMT*B6*30.21~LQ*HE*N45~LQ*HE*N381~CLP*000100038713*1*217.66*54.8**MC*2020255038976~NM1*QC*1*RAMOS*RICHARD*V***MR*E181441~NM1*82*1*LEWIS*HOLLY*G***XX*1295234128~REF*EA*E01362454224456596D42CF4B2BCC8DB~DTM*232*20200806~DTM*233*20200806~SVC*HC:90832*217.66*54.8**1~DTM*472*20200806~CAS*CO*45*162.86~REF*6R*CPTMQ0PWJTB8~AMT*B6*54.8~LQ*HE*N381~CLP*000100039629*1*447.77*225.03*2*MC*2020255039088~NM1*QC*1*REYES*ANGELEQUE*L***MR*L233631~NM1*82*1*TSAMBIKOS*RICHARD****XX*1467985713~REF*EA*AF86CECDC31B4378A96ECBDCBE3BBD2B~DTM*232*20200825~DTM*233*20200825~SVC*HC:99214:25*272.99*94.14**1~DTM*472*20200825~CAS*PR*3*2~CAS*CO*45*176.85~REF*6R*CPTMALD228TT~AMT*B6*96.14~LQ*HE*N45~LQ*HE*N381~LQ*HE*N381~SVC*HC:99406*17.1*12.43**1~DTM*472*20200825~CAS*CO*45*4.67~REF*6R*CPTMTEO5ITCR~AMT*B6*12.43~LQ*HE*N45~LQ*HE*N381~SVC*HC:90471*53.53*19.27**1~DTM*472*20200825~CAS*CO*45*34.26~REF*6R*CPTM3YMNF32T~AMT*B6*19.27~LQ*HE*N45~LQ*HE*N381~SVC*HC:90732*104.15*99.19**1~DTM*472*20200825~CAS*CO*45*4.96~REF*6R*CPTM1EU8UL75~AMT*B6*99.19~LQ*HE*N381~CLP*000100039800*1*791.75*361.68**MC*2020255039262~NM1*QC*1*RICHARDSON*RICHARD*L***MR*O485833~NM1*82*1*TSAMBIKOS*RICHARD****XX*1467985713~REF*EA*559981D1141043EB958C3F2FA00A0765~DTM*232*20200827~DTM*233*20200827~SVC*HC:99204:25*450.07*148.09**1~DTM*472*20200827~CAS*CO*45*301.98~REF*6R*CPTMDU3TU81P~AMT*B6*148.09~LQ*HE*N45~LQ*HE*N381~SVC*HC:90471*53.53*19.27**1~DTM*472*20200827~CAS*CO*45*34.26~REF*6R*CPTMC5P86KCW~AMT*B6*19.27~LQ*HE*N45~LQ*HE*N381~SVC*HC:90715*53*42.92**1~DTM*472*20200827~CAS*CO*45*10.08~REF*6R*CPTM59LRXZS2~AMT*B6*42.92~LQ*HE*N381~SVC*HC:90472*41*11.19**1~DTM*472*20200827~CAS*CO*45*29.81~REF*6R*CPTMXOQFDC4U~AMT*B6*11.19~LQ*HE*N45~LQ*HE*N381~SVC*HC:90732*104.15*99.19**1~DTM*472*20200827~CAS*CO*45*4.96~REF*6R*CPTM2ALG925W~AMT*B6*99.19~LQ*HE*N381~SVC*HC:H0049*50*10.81**1~DTM*472*20200827~CAS*CO*45*39.19~REF*6R*CPTMTISL7ZUK~AMT*B6*10.81~LQ*HE*N381~SVC*HC:G8431*40*30.21**1~DTM*472*20200827~CAS*CO*45*9.79~REF*6R*CPTMUWJFOPQC~AMT*B6*30.21~LQ*HE*N45~LQ*HE*N381~CLP*000100033957*1*15*7.42*1*MC*2020255039037~NM1*QC*1*ROBIN*RONDI*L***MR*L564167~NM1*82*1*GRONEMEYER*LEANNE*R***XX*1659521045~REF*EA*45844DAFF9AF4662A08093090A192B3B~DTM*232*20200429~DTM*233*20200429~SVC*HC:81025*15*7.42**1~DTM*472*20200429~CAS*PR*3*1~CAS*CO*45*6.58~REF*6R*CPTUDBKZKFCP~AMT*B6*8.42~LQ*HE*N59~LQ*HE*N381~LQ*HE*N381~CLP*000100039764*1*540.07*169.79**MC*2020255039609~NM1*QC*1*ROBINSON*CRYSTAL*M***MR*Y720345~NM1*82*1*TSAMBIKOS*RICHARD****XX*1467985713~REF*EA*94DBA90C44AE4D4F99990324DE173CF9~DTM*232*20200826~DTM*233*20200826~SVC*HC:99204:25*450.07*148.09**1~DTM*472*20200826~CAS*CO*45*301.98~REF*6R*CPTMBGEKU3QJ~AMT*B6*148.09~LQ*HE*N45~LQ*HE*N381~SVC*HC:H0049*50*10.81**1~DTM*472*20200826~CAS*CO*45*39.19~REF*6R*CPTMR20S6ISL~AMT*B6*10.81~LQ*HE*N381~SVC*HC:G8510*40*10.89**1~DTM*472*20200826~CAS*CO*45*29.11~REF*6R*CPTM720UKW2L~AMT*B6*10.89~LQ*HE*N45~LQ*HE*N381~CLP*000100039757*1*272.99*94.14*2*MC*2020255039113~NM1*QC*1*ROMERO*AMY****MR*N291769~NM1*82*1*GRONEMEYER*LEANNE*R***XX*1659521045~REF*EA*51EA842D7EE54FB59D14FB0D4080ACEC~DTM*232*20200826~DTM*233*20200826~SVC*HC:99214*272.99*94.14**1~DTM*472*20200826~CAS*PR*3*2~CAS*CO*45*176.85~REF*6R*CPTM1AKM65BM~AMT*B6*96.14~LQ*HE*N45~LQ*HE*N381~LQ*HE*N381~CLP*000100038722*1*178.3*65.15**MC*2020255039655~NM1*QC*1*RUIZ*RACHEL*M***MR*S803725~NM1*82*1*GRONEMEYER*LEANNE*R***XX*1659521045~REF*EA*F49657080ABA41B085626BF00E35B62A~DTM*232*20200806~DTM*233*20200806~SVC*HC:99213*178.3*65.15**1~DTM*472*20200806~CAS*CO*45*113.15~REF*6R*CPTMBD1U632Z~AMT*B6*65.15~LQ*HE*N45~LQ*HE*N381~CLP*000100039793*1*178.3*63.15*2*MC*2020255039541~NM1*QC*1*SALAZAR*DANIELLE*C***MR*W076573~NM1*82*1*CADDALI*ESTRELLA*A***XX*1164974580~REF*EA*4931FAEAB6C34F2AB56E61BE8ED0ED35~DTM*232*20200827~DTM*233*20200827~SVC*HC:99213*178.3*63.15**1~DTM*472*20200827~CAS*PR*3*2~CAS*CO*45*113.15~REF*6R*CPTMDIIIHQU6~AMT*B6*65.15~LQ*HE*N45~LQ*HE*N381~LQ*HE*N381~CLP*000100039334*1*295.83*146.37**MC*2020255039200~NM1*QC*1*SHEPHERD*ANDREW*M***MR*G231974~NM1*82*1*TSAMBIKOS*RICHARD****XX*1467985713~REF*EA*B260ACFB029A4C37974A44CA43663293~DTM*232*20200818~DTM*233*20200818~SVC*HC:99213:25*178.3*65.15**1~DTM*472*20200818~CAS*CO*45*113.15~REF*6R*CPTM8LJRJ6K4~AMT*B6*65.15~LQ*HE*N45~LQ*HE*N381~SVC*HC:90471*53.53*19.27**1~DTM*472*20200818~CAS*CO*45*34.26~REF*6R*CPTMA7WGK21F~AMT*B6*19.27~LQ*HE*N45~LQ*HE*N381~SVC*HC:90632*60*58.58**1~DTM*472*20200818~CAS*CO*45*1.42~REF*6R*CPTMLQSV7936~AMT*B6*58.58~LQ*HE*N381~SVC*HC:81002*4*3.37**1~DTM*472*20200818~CAS*CO*45*.63~REF*6R*CPTM1AEPJ0MU~AMT*B6*3.37~LQ*HE*N381~CLP*000100039727*1*272.99*96.14**MC*2020255039647~NM1*QC*1*SIERRA*LISA*G***MR*J386597~NM1*82*1*CADDALI*ESTRELLA*A***XX*1164974580~REF*EA*024E2FFDD2CF47A89E7844F3A0EB9109~DTM*232*20200826~DTM*233*20200826~SVC*HC:99214*272.99*96.14**1~DTM*472*20200826~CAS*CO*45*176.85~REF*6R*CPTMKI69FJGY~AMT*B6*96.14~LQ*HE*N45~LQ*HE*N381~CLP*000100039508*1*280.17*104.49**MC*2020255039412~NM1*QC*1*SILVER*GABRIEL****MR*G431733~NM1*82*1*CADDALI*ESTRELLA*A***XX*1164974580~REF*EA*77B28BAA81664C88AFE8AD92FF006BC0~DTM*232*20200821~DTM*233*20200821~SVC*HC:99394*280.17*104.49**1~DTM*472*20200821~CAS*CO*45*175.68~REF*6R*CPTM34YZD18S~AMT*B6*104.49~LQ*HE*N45~LQ*HE*N381~CLP*000100039589*1*362.99*137.16**MC*2020255039379~NM1*QC*1*SINTAS*GILBERT****MR*H114357~NM1*82*1*HOOSHMAND-PARSI*KAYHOSROW****XX*1447291851~REF*EA*DCFCCA86A80D44B6A7ED32BA8B8DBE82~DTM*232*20200824~DTM*233*20200824~SVC*HC:99214:25*272.99*96.14**1~DTM*472*20200824~CAS*CO*45*176.85~REF*6R*CPTM9IZTNNMV~AMT*B6*96.14~LQ*HE*N45~LQ*HE*N381~SVC*HC:H0049*50*10.81**1~DTM*472*20200824~CAS*CO*45*39.19~REF*6R*CPTM5HBCF6VC~AMT*B6*10.81~LQ*HE*N381~SVC*HC:G8431*40*30.21**1~DTM*472*20200824~CAS*CO*45*9.79~REF*6R*CPTM99XAHMLS~AMT*B6*30.21~LQ*HE*N45~LQ*HE*N381~CLP*000100039531*1*540.07*169.79**MC*2020255039550~NM1*QC*1*TENFINGERS*CRYSTAL*L***MR*O119705~NM1*82*1*TSAMBIKOS*RICHARD****XX*1467985713~REF*EA*3B80D0F57B4542B6891FDE9EFE6CCB46~DTM*232*20200821~DTM*233*20200821~SVC*HC:99204:25*450.07*148.09**1~DTM*472*20200821~CAS*CO*45*301.98~REF*6R*CPTMSU5KHSES~AMT*B6*148.09~LQ*HE*N45~LQ*HE*N381~SVC*HC:H0049*50*10.81**1~DTM*472*20200821~CAS*CO*45*39.19~REF*6R*CPTMXDBY0IRM~AMT*B6*10.81~LQ*HE*N381~SVC*HC:G8510*40*10.89**1~DTM*472*20200821~CAS*CO*45*29.11~REF*6R*CPTMAY0G1XFW~AMT*B6*10.89~LQ*HE*N45~LQ*HE*N381~CLP*000100039636*1*541.77*281.14**MC*2020255039137~NM1*QC*1*THOMPSON*BRENDA****MR*P195366~NM1*82*1*TSAMBIKOS*RICHARD****XX*1467985713~REF*EA*C1C670031889478BBEBF6DC341B1E6A1~DTM*232*20200825~DTM*233*20200825~SVC*HC:99214:25*272.99*96.14**1~DTM*472*20200825~CAS*CO*45*176.85~REF*6R*CPTMMMO47HNL~AMT*B6*96.14~LQ*HE*N45~LQ*HE*N381~SVC*HC:90471*53.53*19.27**1~DTM*472*20200825~CAS*CO*45*34.26~REF*6R*CPTME9CZ8JBD~AMT*B6*19.27~LQ*HE*N45~LQ*HE*N381~SVC*HC:90732*104.15*99.19**1~DTM*472*20200825~CAS*CO*45*4.96~REF*6R*CPTMY42BDG93~AMT*B6*99.19~LQ*HE*N381~SVC*HC:90472*41*11.19**1~DTM*472*20200825~CAS*CO*45*29.81~REF*6R*CPTMFB8EMQIP~AMT*B6*11.19~LQ*HE*N45~LQ*HE*N381~SVC*HC:90715*53*42.92**1~DTM*472*20200825~CAS*CO*45*10.08~REF*6R*CPTMOD9G1S1C~AMT*B6*42.92~LQ*HE*N381~SVC*HC:99406*17.1*12.43**1~DTM*472*20200825~CAS*CO*45*4.67~REF*6R*CPTMFZTS07T2~AMT*B6*12.43~LQ*HE*N45~LQ*HE*N381~CLP*000100039711*1*178.3*65.15**MC*2020255039619~NM1*QC*1*TORBETT*JERRY*R***MR*N890040~NM1*82*1*HOOSHMAND-PARSI*KAYHOSROW****XX*1447291851~REF*EA*6A310D2881204717B6DEAFCEB55F839B~DTM*232*20200826~DTM*233*20200826~SVC*HC:99213*178.3*65.15**1~DTM*472*20200826~CAS*CO*45*113.15~REF*6R*CPTMYV12HEQ2~AMT*B6*65.15~LQ*HE*N45~LQ*HE*N381~CLP*000100039786*1*178.3*65.15**MC*2020255039516~NM1*QC*1*TRUJILLO*RICHARD*P***MR*G844415~NM1*82*1*HOOSHMAND-PARSI*KAYHOSROW****XX*1447291851~REF*EA*E8199E337BE8493290BF7D29B7D9AD80~DTM*232*20200827~DTM*233*20200827~SVC*HC:99213*178.3*65.15**1~DTM*472*20200827~CAS*CO*45*113.15~REF*6R*CPTMW17MZT9Z~AMT*B6*65.15~LQ*HE*N45~LQ*HE*N381~CLP*000100039646*1*272.99*94.14*2*MC*2020255039449~NM1*QC*1*TURNER*DAVID*R***MR*P547112~NM1*82*1*CADDALI*ESTRELLA*A***XX*1164974580~REF*EA*273F9C5E6C8F4DF79991C7FA58185588~DTM*232*20200825~DTM*233*20200825~SVC*HC:99214*272.99*94.14**1~DTM*472*20200825~CAS*PR*3*2~CAS*CO*45*176.85~REF*6R*CPTMSWMOPWCH~AMT*B6*96.14~LQ*HE*N45~LQ*HE*N381~LQ*HE*N381~CLP*000100039924*1*272.99*94.14*2*MC*2020255039458~NM1*QC*1*TURNER*DAVID*R***MR*P547112~NM1*82*1*CADDALI*ESTRELLA*A***XX*1164974580~REF*EA*51210D041C994E649C8090CBDC7AAB83~DTM*232*20200901~DTM*233*20200901~SVC*HC:99214*272.99*94.14**1~DTM*472*20200901~CAS*PR*3*2~CAS*CO*45*176.85~REF*6R*CPTM2S5210I7~AMT*B6*96.14~LQ*HE*N45~LQ*HE*N381~LQ*HE*N381~CLP*000100037009*1*1805*1257.8**MC*2020255039323~NM1*QC*1*URIE*NATHAN*J***MR*Y183401~NM1*82*1*GRONEMEYER*LEANNE*R***XX*1659521045~REF*EA*1CCAC051A7864039B7D9979F6A549CDD~DTM*232*20200701~DTM*233*20200701~SVC*HC:J2315*1805*1257.8**380~DTM*472*20200701~CAS*CO*45*547.2~REF*6R*CPS2YYELMV6Q~AMT*B6*1257.8~LQ*HE*N59~LQ*HE*N381~CLP*000100034859*1*15*8.42**MC*2020255039503~NM1*QC*1*VALLES*SANDRA****MR*K193489~NM1*82*1*HOOSHMAND-PARSI*KAYHOSROW****XX*1447291851~REF*EA*10D14D653DCF44F996504265EF3169EC~DTM*232*20200518~DTM*233*20200518~SVC*HC:81025*15*8.42**1~DTM*472*20200518~CAS*CO*45*6.58~REF*6R*CPS2V6CXX0OW~AMT*B6*8.42~LQ*HE*N59~LQ*HE*N381~CLP*000100038611*1*1805*1257.8**MC*2020255039663~NM1*QC*1*VELARDE*DAVEY****MR*P044042~NM1*82*1*SEARLES*DENISE*A***XX*1396971230~REF*EA*34FC8A5C4E384D7DB37CCBBF5845B91E~DTM*232*20200804~DTM*233*20200804~SVC*HC:J2315*1805*1257.8**380~DTM*472*20200804~CAS*CO*45*547.2~REF*6R*CPTUK6J2NWCC~AMT*B6*1257.8~LQ*HE*N59~LQ*HE*N381~CLP*000100039614*1*290.09*108.57**MC*2020255039372~NM1*QC*1*WADE*ANDREA*M***MR*Q043001~NM1*82*1*TSAMBIKOS*RICHARD****XX*1467985713~REF*EA*F6C4D1D3028B4758A3F193253D5B28A9~DTM*232*20200825~DTM*233*20200825~SVC*HC:99214:25*272.99*96.14**1~DTM*472*20200825~CAS*CO*45*176.85~REF*6R*CPTM5OD55NMC~AMT*B6*96.14~LQ*HE*N45~LQ*HE*N381~SVC*HC:99406*17.1*12.43**1~DTM*472*20200825~CAS*CO*45*4.67~REF*6R*CPTMR2QIIMXA~AMT*B6*12.43~LQ*HE*N45~LQ*HE*N381~CLP*000100035238*4*88.54*0**MC*2020255038964~NM1*QC*1*BALDERAS*SAMANTHA*J***MR*G790804~NM1*82*1*LEWIS*HOLLY*G***XX*1295234128~REF*EA*4D945EE5C9FB49A3BA623370D054C495~DTM*232*20200526~DTM*233*20200526~SVC*HC:H0002*88.54*0**0**1~DTM*472*20200526~CAS*PI*5*88.54~REF*6R*CPTMGLHSMPNV~LQ*HE*M77~LQ*HE*N519~CLP*000100039810*4*15*0**MC*2020255039195~NM1*QC*1*BOULIER*JEWEL*R***MR*W913486~NM1*82*1*SEARLES*DENISE*A***XX*1396971230~REF*EA*DD913DB9760B47C2984F2507D37C90F7~DTM*232*20200827~DTM*233*20200827~SVC*HC:81025*15*0**0**1~DTM*472*20200827~CAS*PI*16*15~REF*6R*CPTU5AQ9JHYE~LQ*HE*N59~LQ*HE*N56~LQ*HE*N381~CLP*000100034983*4*88.54*0**MC*2020255038972~NM1*QC*1*MCCLURE*THOMAS*M***MR*K853447~NM1*82*1*LEWIS*HOLLY*G***XX*1295234128~REF*EA*ABEBEFE4ECD541CEA88E104DD919C63A~DTM*232*20200519~DTM*233*20200519~SVC*HC:H0002*88.54*0**0**1~DTM*472*20200519~CAS*PI*5*88.54~REF*6R*CPTMEXKK7OCU~LQ*HE*M77~LQ*HE*M77~LQ*HE*N519~LQ*HE*N519~CLP*000100032723*4*88.54*0**MC*2020255038983~NM1*QC*1*MENGES*AMY*J***MR*Q984196~NM1*82*1*LEWIS*HOLLY*G***XX*1295234128~REF*EA*44974FBB0C36425E9990895A7213E68C~DTM*232*20200402~DTM*233*20200402~SVC*HC:H0002*88.54*0**0**1~DTM*472*20200402~CAS*PI*5*88.54~REF*6R*CPTMTEUOPQOZ~LQ*HE*M77~LQ*HE*M77~LQ*HE*N519~LQ*HE*N519~CLP*000100039501*4*178.3*0**MC*2020255039485~NM1*QC*1*NELSON*WILLIAM*L***MR*C654639~NM1*82*1*GRONEMEYER*LEANNE*R***XX*1659521045~REF*EA*50DCA536356E47049D6E80AC0D597DA1~DTM*232*20200820~DTM*233*20200820~SVC*HC:99213*178.3*0**0**1~DTM*472*20200820~CAS*PI*16*178.3~REF*6R*CPTMC4IMR2QP~LQ*HE*N45~LQ*HE*N56~LQ*HE*N381~CLP*000100038725*4*272.99*0**MC*2020255039527~NM1*QC*1*PINO*SAMANTHA*M***MR*O785220~NM1*82*1*GRONEMEYER*LEANNE*R***XX*1659521045~REF*EA*EEAC5D8633204627BCC8B2F28DD07F64~DTM*232*20200806~DTM*233*20200806~SVC*HC:99214*272.99*0**0**1~DTM*472*20200806~CAS*PI*16*272.99~REF*6R*CPTMCSDP9OSB~LQ*HE*N554~CLP*000100035130*4*88.54*0**MC*2020255038959~NM1*QC*1*ROMERO*MARGARITO*L***MR*I929050~NM1*82*1*LEWIS*HOLLY*G***XX*1295234128~REF*EA*CDCCA643C29C48C0813C1226CC191308~DTM*232*20200521~DTM*233*20200521~SVC*HC:H0002*88.54*0**0**1~DTM*472*20200521~CAS*PI*5*88.54~REF*6R*CPTM77KAKKPQ~LQ*HE*M77~LQ*HE*M77~LQ*HE*N519~LQ*HE*N519~CLP*000100037710*4*272.99*0**MC*2020255039355~NM1*QC*1*TORRES*MIGUEL*L***MR*M887971~NM1*82*1*SEARLES*DENISE*A***XX*1396971230~REF*EA*1CC173D6402B4BF994CD418137CBFE34~DTM*232*20200717~DTM*233*20200717~SVC*HC:99214*272.99*0**0**1~DTM*472*20200717~CAS*PI*96*272.99~REF*6R*CPTMQYNIQPA1~LQ*HE*N30~LQ*HE*MA92~LQ*HE*MA64~SE*1738*000010013~GE*1*200001060~IEA*1*200001060~