ISA*00*          *00*          *ZZ*COMEDASSISTPROG*ZZ*6769489        *200622*0225*^*00501*300031383*0*P*:~GS*HP*COMEDASSISTPROG*6769489*20200622*022535*300031383*X*005010X221A1~ST*835*000010011~BPR*I*5335.18*C*ACH*CCP*01*075911603*DA*00000004556640373*1811725341**01*102106569*DA*2200002989138*20200622~TRN*1*001009775*1811725341~REF*EV*1508250911~DTM*405*20200619~N1*PR*CO_TXIX*XV*7912900843~N3*P.O. BOX 30~N4*DENVER*CO*80201~PER*CX*MEDICAID PROVIDER SERVICES*TE*8442352387~PER*BL*MEDICAID PROVIDER SERVICES*TE*8442352387~N1*PE*HEALTH SOLUTIONS MED CENTER*XX*1508250911~REF*TJ*841158933~LX*1~CLP*000100034419*2*22*2.28**MC*2020168009984~NM1*QC*1*CANNON*RICHARD****MR*D825410~NM1*82*1*GRONEMEYER*LEANNE*R***XX*1659521045~REF*EA*8C267A77EE214AC697CBF7E7ABE8E790~DTM*232*20200507~DTM*233*20200507~SVC*HC:G2012*22*2.28**1~DTM*472*20200507~CAS*OA*P22*19.72~REF*6R*CPQURT3WNQFD~AMT*B6*2.28~LQ*HE*MA125~CLP*000100035168*2*22*2.28**MC*2020168009965~NM1*QC*1*COOK*DAVID*T***MR*M267307~NM1*82*1*CADDALI*ESTRELLA*A***XX*1164974580~REF*EA*84D2599F993C4467BCF3A45C7F302D52~DTM*232*20200522~DTM*233*20200522~SVC*HC:G2012*22*2.28**1~DTM*472*20200522~CAS*OA*P22*19.72~REF*6R*CPQU360WGA83~AMT*B6*2.28~LQ*HE*MA125~CLP*23299*2*40*6.24**MC*2220167003165~NM1*QC*1*DAVID*CASSANDRA*M***MR*R733683~DTM*232*20191007~DTM*233*20191007~SVC*HC:G0396*40*6.24**1~DTM*472*20191007~CAS*OA*P22*33.76~REF*HPI*1366419582~AMT*B6*6.24~LQ*HE*MA125~CLP*000100034845*2*22*2.28**MC*2020168009957~NM1*QC*1*DIAZ*CARL*J***MR*I533514~NM1*82*1*CADDALI*ESTRELLA*A***XX*1164974580~REF*EA*64871C2073EF4748A06D9646752A1415~DTM*232*20200515~DTM*233*20200515~SVC*HC:G2012*22*2.28**1~DTM*472*20200515~CAS*OA*P22*19.72~REF*6R*CPQUM1M7XX34~AMT*B6*2.28~LQ*HE*MA125~LQ*HE*MA125~CLP*000100035123*2*272.99*19**MC*2020168009987~NM1*QC*1*GALLEGOS*CARLOS*L***MR*P497529~NM1*82*1*CADDALI*ESTRELLA*A***XX*1164974580~REF*EA*1711A62718854F28919BC85577849CB3~DTM*232*20200521~DTM*233*20200521~SVC*HC:99214:95*272.99*19**1~DTM*472*20200521~CAS*CO*45*253.99~REF*6R*CPQUP8VVAJKZ~AMT*B6*19~LQ*HE*N381~LQ*HE*N381~CLP*000100034984*2*178.3*8.93**MC*2020168009991~NM1*QC*1*GALLEGOS*CARLOS*L***MR*P497529~NM1*82*1*GRONEMEYER*LEANNE*R***XX*1659521045~REF*EA*785F8D371B5A447F8187E84F9E8C9C94~DTM*232*20200519~DTM*233*20200519~SVC*HC:99213:95*178.3*8.93**1~DTM*472*20200519~CAS*CO*45*169.37~REF*6R*CPQUM89E01XG~AMT*B6*8.93~LQ*HE*N381~LQ*HE*N381~CLP*000100034971*2*316.11*50.15**MC*2020168009941~NM1*QC*1*MATTHEWS*MICHAEL*P***MR*L679106~NM1*82*1*CADDALI*ESTRELLA*A***XX*1164974580~REF*EA*2BBE45E2433E4BC4AAF5AA2652E7C33F~DTM*232*20200519~DTM*233*20200519~SVC*HC:99213:95:25*178.3*13.11**1~DTM*472*20200519~CAS*CO*45*165.19~REF*6R*CPQU3OGX3SVW~AMT*B6*13.11~LQ*HE*N381~LQ*HE*N381~SVC*HC:G0444:95*30.75*30.75**1~DTM*472*20200519~REF*6R*CPQUA4H84CSE~AMT*B6*30.75~SVC*HC:G0396:95*107.06*6.29**1~DTM*472*20200519~CAS*OA*P22*100.77~REF*6R*CPQU3K2OVOOH~AMT*B6*6.29~LQ*HE*MA125~CLP*000100034206*2*182.3*13.11**MC*2020168009972~NM1*QC*1*NIOUS*LATEEFAH*S***MR*J459949~NM1*82*1*GRONEMEYER*LEANNE*R***XX*1659521045~REF*EA*657F47B9FC194E8D89935948B5C9A701~DTM*232*20200505~DTM*233*20200505~SVC*HC:99213:95:25*178.3*13.11**1~DTM*472*20200505~CAS*CO*45*165.19~REF*6R*CPQUBXOBVIZ1~AMT*B6*13.11~LQ*HE*N381~LQ*HE*N381~SVC*HC:81002*4*0**1~DTM*472*20200505~CAS*CO*45*4~REF*6R*CPQUXEUJGXFQ~LQ*HE*N381~CLP*000100034617*2*178.3*13.11**MC*2020168009979~NM1*QC*1*NIOUS*LATEEFAH*S***MR*J459949~NM1*82*1*GRONEMEYER*LEANNE*R***XX*1659521045~REF*EA*4FF3D94234C64DFFB9AC63E513BCB5DE~DTM*232*20200512~DTM*233*20200512~SVC*HC:99213:95*178.3*13.11**1~DTM*472*20200512~CAS*CO*45*165.19~REF*6R*CPQUX7R99ARR~AMT*B6*13.11~LQ*HE*N381~LQ*HE*N381~CLP*000100033914*2*178.3*13.11**MC*2020168009982~NM1*QC*1*NIOUS*LATEEFAH*S***MR*J459949~NM1*82*1*GRONEMEYER*LEANNE*R***XX*1659521045~REF*EA*BE158E69C9F0489687C3B8863050E94C~DTM*232*20200428~DTM*233*20200428~SVC*HC:99213:95*178.3*13.11**1~DTM*472*20200428~CAS*CO*45*165.19~REF*6R*CPQUA7BRW1NM~AMT*B6*13.11~LQ*HE*N381~LQ*HE*N381~CLP*000100033827*2*272.99*19**MC*2020168009939~NM1*QC*1*RAY*ANTHONY****MR*P910642~NM1*82*1*GRONEMEYER*LEANNE*R***XX*1659521045~REF*EA*A8354107D6FB47488245749F47C0F7B6~DTM*232*20200427~DTM*233*20200427~SVC*HC:99214:95*272.99*19**1~DTM*472*20200427~CAS*CO*45*253.99~REF*6R*CPQU53OU9QC3~AMT*B6*19~LQ*HE*N381~LQ*HE*N381~CLP*25800*2*8*4.24**MC*2220169005104~NM1*QC*1*TORRES*MIGUEL*L***MR*M887971~DTM*232*20191126~DTM*233*20191126~SVC*HC:96127*8*4.24**1~DTM*472*20191126~CAS*CO*45*3.76~REF*HPI*1447291851~AMT*B6*4.24~LQ*HE*N381~CLP*23299*22*-265*-54.88**MC*2220157010874~NM1*QC*1*DAVID*CASSANDRA*M***MR*R733683~DTM*232*20191007~DTM*233*20191007~SVC*HC:99204:25*-205*-28.64**1~DTM*472*20191007~CAS*CO*45*-176.36~REF*HPI*1366419582~AMT*B6*28.64~LQ*HE*N381~LQ*HE*N381~SVC*HC:G0444*-20*-20**1~DTM*472*20191007~REF*HPI*1366419582~AMT*B6*20~SVC*HC:G0396*-40*-6.24**1~DTM*472*20191007~CAS*OA*P22*-33.76~REF*HPI*1366419582~AMT*B6*6.24~LQ*HE*MA125~CLP*23299*4*265*0**MC*5920167004754~NM1*QC*1*DAVID*CASSANDRA*M***MR*R733683~DTM*232*20191007~DTM*233*20191007~SVC*HC:99204:25*205*0**1~DTM*472*20191007~CAS*CO*129*205~REF*HPI*1366419582~LQ*HE*N59~SVC*HC:G0444*20*0**1~DTM*472*20191007~CAS*CO*129*20~REF*HPI*1366419582~LQ*HE*N59~SVC*HC:G0396*40*0**1~DTM*472*20191007~CAS*CO*129*40~REF*HPI*1366419582~LQ*HE*N59~CLP*000100035862*1*217.66*55.35**MC*2020169050361~NM1*QC*1*ARCHULETA*HOPE****MR*Y395671~NM1*82*1*LEWIS*HOLLY*G***XX*1295234128~REF*EA*72AD5E165EEC4AA3BF16F1E3CD14B707~DTM*232*20200605~DTM*233*20200605~SVC*HC:90832*217.66*55.35**1~DTM*472*20200605~CAS*CO*45*162.31~REF*6R*CPZAM708C3SY~AMT*B6*55.35~LQ*HE*N381~CLP*000100035200*1*178.3*65.81**MC*2020169050590~NM1*QC*1*AVILA*KRISTA*M***MR*K943511~NM1*82*1*SEARLES*DENISE*A***XX*1396971230~REF*EA*A7F0F4E661C449B5905CB4BDB8898045~DTM*232*20200522~DTM*233*20200522~SVC*HC:99213*178.3*65.81**1~DTM*472*20200522~CAS*CO*45*112.49~REF*6R*CPZA7IIED872~AMT*B6*65.81~LQ*HE*N381~CLP*000100035285*1*272.99*97.11**MC*2020169050735~NM1*QC*1*BACKUSH*SUMAYAH*H***MR*Y862562~NM1*82*1*GRONEMEYER*LEANNE*R***XX*1659521045~REF*EA*F37545E61C9642C9BC3DA5C423603697~DTM*232*20200526~DTM*233*20200526~SVC*HC:99214*272.99*97.11**1~DTM*472*20200526~CAS*CO*45*175.88~REF*6R*CPZAK25XUUOQ~AMT*B6*97.11~LQ*HE*N381~CLP*000100035555*1*178.3*65.81**MC*2020169050632~NM1*QC*1*BELARDE*NATE*V***MR*Q463977~NM1*82*1*GRONEMEYER*LEANNE*R***XX*1659521045~REF*EA*E77AE85232F047F88BB33360F6DFDB46~DTM*232*20200601~DTM*233*20200601~SVC*HC:99213*178.3*65.81**1~DTM*472*20200601~CAS*CO*45*112.49~REF*6R*CPZAP1NN2Z8E~AMT*B6*65.81~LQ*HE*N381~CLP*000100035577*1*178.3*65.81**MC*2020169050602~NM1*QC*1*BURACKER MARTINEZ*BRENDON*G***MR*Y807368~NM1*74*1*BURACKERMARTINE~NM1*82*1*GRONEMEYER*LEANNE*R***XX*1659521045~REF*EA*CAC2FE73ABDE4DC7A00207A5D7A0310A~DTM*232*20200601~DTM*233*20200601~SVC*HC:99213*178.3*65.81**1~DTM*472*20200601~CAS*CO*45*112.49~REF*6R*CPZAE391WJ1G~AMT*B6*65.81~LQ*HE*N381~CLP*000100035304*1*178.3*65.81**MC*2020169050803~NM1*QC*1*CARRILLO*JOHN*P***MR*Q013327~NM1*82*1*SEARLES*DENISE*A***XX*1396971230~REF*EA*082C8063057C4B4788A7D0DB9ED0D901~DTM*232*20200527~DTM*233*20200527~SVC*HC:99213*178.3*65.81**1~DTM*472*20200527~CAS*CO*45*112.49~REF*6R*CPZA0HDJ6A7C~AMT*B6*65.81~LQ*HE*N381~CLP*000100035527*1*178.3*63.81*2*MC*2020169050404~NM1*QC*1*CHRISTOPHER*CHEYENNE****MR*G660293~NM1*82*1*GRONEMEYER*LEANNE*R***XX*1659521045~REF*EA*E82B8411777B4418BC1405DE7C5A4CFC~DTM*232*20200601~DTM*233*20200601~SVC*HC:99213*178.3*63.81**1~DTM*472*20200601~CAS*PR*3*2~CAS*CO*45*112.49~REF*6R*CPZADSCRF0MK~AMT*B6*65.81~LQ*HE*N381~LQ*HE*N381~CLP*000100035271*1*178.3*65.81**MC*2020169050413~NM1*QC*1*CRAMER*CHELSEA*C***MR*G314138~NM1*82*1*HOOSHMAND-PARSI*KAYHOSROW****XX*1447291851~REF*EA*CC446D6487A045F48849D0BE12EABAEC~DTM*232*20200526~DTM*233*20200526~SVC*HC:99213:25*178.3*65.81**1~DTM*472*20200526~CAS*CO*45*112.49~REF*6R*CPZAUMONOWS6~AMT*B6*65.81~LQ*HE*N381~CLP*000100035271*1*15*8.42**MC*2020169050433~NM1*QC*1*CRAMER*CHELSEA*C***MR*G314138~NM1*82*1*HOOSHMAND-PARSI*KAYHOSROW****XX*1447291851~REF*EA*121A1B3DF1E04C2DAD20FD41EF71BAC2~DTM*232*20200526~DTM*233*20200526~SVC*HC:81025*15*8.42**1~DTM*472*20200526~CAS*CO*45*6.58~REF*6R*CPZAJBAR9M9W~AMT*B6*8.42~LQ*HE*N381~CLP*000100034313*1*217.66*55.35**MC*2020169050565~NM1*QC*1*CRUZ*MARIAH****MR*U875752~NM1*82*1*SANCHEZ*LEANN*V***XX*1508990961~REF*EA*8C62F363A1B2420AAC7D5108B1F68FEE~DTM*232*20200506~DTM*233*20200506~SVC*HC:90832*217.66*55.35**1~DTM*472*20200506~CAS*CO*45*162.31~REF*6R*CPZAVUT5B7Y7~AMT*B6*55.35~LQ*HE*N381~CLP*000100035771*1*178.3*65.81**MC*2020169050916~NM1*QC*1*DAY*TROI*L***MR*P719426~NM1*82*1*GRONEMEYER*LEANNE*R***XX*1659521045~REF*EA*A58F6BF713CD4D59A20A3DF83EB6569B~DTM*232*20200604~DTM*233*20200604~SVC*HC:99213*178.3*65.81**1~DTM*472*20200604~CAS*CO*45*112.49~REF*6R*CPZA971LGZZ9~AMT*B6*65.81~LQ*HE*N381~CLP*000100035524*1*178.3*65.81**MC*2020169050396~NM1*QC*1*DEEHAN*TRISTAN*J***MR*P615922~NM1*82*1*GRONEMEYER*LEANNE*R***XX*1659521045~REF*EA*2C44E68519464234A800D2DB4364B33E~DTM*232*20200601~DTM*233*20200601~SVC*HC:99213*178.3*65.81**1~DTM*472*20200601~CAS*CO*45*112.49~REF*6R*CPZA9WFPJOYC~AMT*B6*65.81~LQ*HE*N381~CLP*000100035236*1*266.84*97.43**MC*2020169050497~NM1*QC*1*DEHERRERA*VANESSA****MR*K523214~NM1*82*1*GRONEMEYER*LEANNE*R***XX*1659521045~REF*EA*98A73A4A793A4AD985332C578856208C~DTM*232*20200526~DTM*233*20200526~SVC*HC:99203*266.84*97.43**1~DTM*472*20200526~CAS*CO*45*169.41~REF*6R*CPZA1UKTZYK4~AMT*B6*97.43~LQ*HE*N381~CLP*000100035311*1*178.3*65.81**MC*2020169050502~NM1*QC*1*DEHERRERA*VANESSA****MR*K523214~NM1*82*1*GRONEMEYER*LEANNE*R***XX*1659521045~REF*EA*24E97C0DDA454DC39283EF447AA84240~DTM*232*20200527~DTM*233*20200527~SVC*HC:99213*178.3*65.81**1~DTM*472*20200527~CAS*CO*45*112.49~REF*6R*CPZA7N03V0QF~AMT*B6*65.81~LQ*HE*N381~CLP*000100035749*1*178.3*65.81**MC*2020169050796~NM1*QC*1*FARMER*KRISTI*M***MR*Y738798~NM1*82*1*GRONEMEYER*LEANNE*R***XX*1659521045~REF*EA*5391E0922E3D43C2BC26FC541C9F8187~DTM*232*20200603~DTM*233*20200603~SVC*HC:99213*178.3*65.81**1~DTM*472*20200603~CAS*CO*45*112.49~REF*6R*CPZANFEI7BIP~AMT*B6*65.81~LQ*HE*N381~CLP*000100035775*1*88.54*39.39**MC*2020169050836~NM1*QC*1*FERNANDEZ*RICO*J***MR*P485087~NM1*82*1*CADDALI*ESTRELLA*A***XX*1164974580~REF*EA*F5938AE034CE4A21BA98B76DDD1F441A~DTM*232*20200604~DTM*233*20200604~SVC*HC:99212*88.54*39.39**1~DTM*472*20200604~CAS*CO*45*49.15~REF*6R*CPZAFH1WLF4L~AMT*B6*39.39~LQ*HE*N381~CLP*000100035198*1*178.3*65.81**MC*2020169050523~NM1*QC*1*FLORES*AMBER****MR*S559509~NM1*82*1*SEARLES*DENISE*A***XX*1396971230~REF*EA*A39A3C7EB8FB4556B355F31E4A1BC06E~DTM*232*20200522~DTM*233*20200522~SVC*HC:99213*178.3*65.81**1~DTM*472*20200522~CAS*CO*45*112.49~REF*6R*CPZAFYQ8C2C6~AMT*B6*65.81~LQ*HE*N381~CLP*000100035439*1*178.3*65.81**MC*2020169050988~NM1*QC*1*GOW*LAYLA*A***MR*O314223~NM1*82*1*GRONEMEYER*LEANNE*R***XX*1659521045~REF*EA*62F3BA7EAA6547A68A4A7D1E4CA520AE~DTM*232*20200528~DTM*233*20200528~SVC*HC:99213*178.3*65.81**1~DTM*472*20200528~CAS*CO*45*112.49~REF*6R*CPZARE822OCV~AMT*B6*65.81~LQ*HE*N381~CLP*000100035134*1*621.47*87.73**MC*2020169050899~NM1*QC*1*HADDAN*SHAWNA****MR*V379838~NM1*82*1*GRONEMEYER*LEANNE*R***XX*1659521045~REF*EA*DFF5CFDF8412437C99DF9BF8961301F4~DTM*232*20200521~DTM*233*20200521~SVC*HC:99213:25*178.3*65.81**1~DTM*472*20200521~CAS*CO*45*112.49~REF*6R*CPZA6P88YDTD~AMT*B6*65.81~LQ*HE*N381~SVC*HC:H0049*403.17*10.92**1~DTM*472*20200521~CAS*CO*45*392.25~REF*6R*CPZAZW0SCVNH~AMT*B6*10.92~LQ*HE*N381~SVC*HC:G8510*40*11**1~DTM*472*20200521~CAS*CO*45*29~REF*6R*CPZA6L5STZ7M~AMT*B6*11~LQ*HE*N381~CLP*000100035803*1*88.54*39.39**MC*2020169050452~NM1*QC*1*HARRIS*ANGELA****MR*J327161~NM1*82*1*CADDALI*ESTRELLA*A***XX*1164974580~REF*EA*E15BD06B41BD46C3B4B3D9BCE510BCA6~DTM*232*20200604~DTM*233*20200604~SVC*HC:99212*88.54*39.39**1~DTM*472*20200604~CAS*CO*45*49.15~REF*6R*CPZABIRYX8CE~AMT*B6*39.39~LQ*HE*N381~CLP*000100035329*1*1888.99*1254**MC*2020169050855~NM1*QC*1*HELVEY*RYAN*J***MR*N690416~NM1*82*1*SEARLES*DENISE*A***XX*1396971230~REF*EA*E1CC050D7444416FB0C743C598241A8D~DTM*232*20200527~DTM*233*20200527~SVC*HC:96372*83.99*0**0**1~DTM*472*20200527~CAS*CO*109*83.99~REF*6R*CPZAHAXXGHFZ~LQ*HE*N381~SVC*HC:J2315*1805*1254**380~DTM*472*20200527~CAS*CO*45*551~REF*6R*CPZAY5FMFU50~AMT*B6*1254~LQ*HE*N381~CLP*000100035329*1*178.3*65.81**MC*2020169050866~NM1*QC*1*HELVEY*RYAN*J***MR*N690416~NM1*82*1*SEARLES*DENISE*A***XX*1396971230~REF*EA*400FAB628935436880878E1EFD551BAA~DTM*232*20200527~DTM*233*20200527~SVC*HC:99213:25*178.3*65.81**1~DTM*472*20200527~CAS*CO*45*112.49~REF*6R*CPZAGTKU79WG~AMT*B6*65.81~LQ*HE*N381~CLP*000100035450*1*272.99*97.11**MC*2020169050690~NM1*QC*1*HIX*CALEB*R***MR*P819170~NM1*82*1*HOOSHMAND-PARSI*KAYHOSROW****XX*1447291851~REF*EA*457E43FCAACA446996291CBA51B2CF9C~DTM*232*20200528~DTM*233*20200528~SVC*HC:99214*272.99*97.11**1~DTM*472*20200528~CAS*CO*45*175.88~REF*6R*CPZA5LZ770ZT~AMT*B6*97.11~LQ*HE*N381~CLP*000100035050*1*621.47*85.73*2*MC*2020169050763~NM1*QC*1*JEX*LOUISE*E***MR*B117513~NM1*82*1*GRONEMEYER*LEANNE*R***XX*1659521045~REF*EA*685EE3C01231475CB97C81C9FE652EA7~DTM*232*20200520~DTM*233*20200520~SVC*HC:99213:25*178.3*63.81**1~DTM*472*20200520~CAS*PR*3*2~CAS*CO*45*112.49~REF*6R*CPZA89PIQGMJ~AMT*B6*65.81~LQ*HE*N381~LQ*HE*N381~SVC*HC:H0049*403.17*10.92**1~DTM*472*20200520~CAS*CO*45*392.25~REF*6R*CPZA91WKJ21B~AMT*B6*10.92~LQ*HE*N381~SVC*HC:G8510*40*11**1~DTM*472*20200520~CAS*CO*45*29~REF*6R*CPZA8BXMM79B~AMT*B6*11~LQ*HE*N381~CLP*000100035582*1*178.3*63.81*2*MC*2020169050438~NM1*QC*1*JOHNSON*MARK*A***MR*P242576~NM1*82*1*GRONEMEYER*LEANNE*R***XX*1659521045~REF*EA*318A141C3E0E4568B5B1ED7F5210EAA4~DTM*232*20200601~DTM*233*20200601~SVC*HC:99213*178.3*63.81**1~DTM*472*20200601~CAS*PR*3*2~CAS*CO*45*112.49~REF*6R*CPZAEBSG8KWE~AMT*B6*65.81~LQ*HE*N381~LQ*HE*N381~CLP*000100035164*1*178.3*65.81**MC*2020169050382~NM1*QC*1*JONES*PAULA****MR*M040589~NM1*82*1*SEARLES*DENISE*A***XX*1396971230~REF*EA*59C7C0CF59094B5EA6C81BC3BFC8D178~DTM*232*20200522~DTM*233*20200522~SVC*HC:99213*178.3*65.81**1~DTM*472*20200522~CAS*CO*45*112.49~REF*6R*CPZAEWXZMGIO~AMT*B6*65.81~LQ*HE*N381~CLP*000100035807*1*178.3*65.81**MC*2020169050722~NM1*QC*1*LOBATO*DAVINA****MR*H882144~NM1*82*1*CADDALI*ESTRELLA*A***XX*1164974580~REF*EA*CAF6FBF779984459B41CB6084ED96240~DTM*232*20200604~DTM*233*20200604~SVC*HC:99213*178.3*65.81**1~DTM*472*20200604~CAS*CO*45*112.49~REF*6R*CPZAUCR0X0UA~AMT*B6*65.81~LQ*HE*N381~CLP*000100035195*1*178.3*63.81*2*MC*2020169050608~NM1*QC*1*LONGORIA*JULIE*A***MR*D395679~NM1*82*1*SEARLES*DENISE*A***XX*1396971230~REF*EA*CF24F3853DCD4549926DA5A5404D96C9~DTM*232*20200522~DTM*233*20200522~SVC*HC:99213*178.3*63.81**1~DTM*472*20200522~CAS*PR*3*2~CAS*CO*45*112.49~REF*6R*CPZAJ330FI6Y~AMT*B6*65.81~LQ*HE*N381~LQ*HE*N381~CLP*000100035252*1*621.47*107.25**MC*2020169050956~NM1*QC*1*MAGANA*CARLA*R***MR*M671813~NM1*82*1*HOOSHMAND-PARSI*KAYHOSROW****XX*1447291851~REF*EA*62C9368040384973A2236C5326418643~DTM*232*20200526~DTM*233*20200526~SVC*HC:99213:25*178.3*65.81**1~DTM*472*20200526~CAS*CO*45*112.49~REF*6R*CPZA18I6ZCX5~AMT*B6*65.81~LQ*HE*N381~SVC*HC:H0049*403.17*10.92**1~DTM*472*20200526~CAS*CO*45*392.25~REF*6R*CPZA4RYCWLYZ~AMT*B6*10.92~LQ*HE*N381~SVC*HC:G8431*40*30.52**1~DTM*472*20200526~CAS*CO*45*9.48~REF*6R*CPZA0VMENZW9~AMT*B6*30.52~LQ*HE*N381~CLP*000100035269*1*621.47*87.73**MC*2020169050924~NM1*QC*1*MAURO*RONDA*L***MR*U480140~NM1*82*1*SEARLES*DENISE*A***XX*1396971230~REF*EA*567AA01E727A4D6EA93A6DD92E9BB92E~DTM*232*20200526~DTM*233*20200526~SVC*HC:99213:25*178.3*65.81**1~DTM*472*20200526~CAS*CO*45*112.49~REF*6R*CPZADGJZ7FLQ~AMT*B6*65.81~LQ*HE*N381~SVC*HC:H0049*403.17*10.92**1~DTM*472*20200526~CAS*CO*45*392.25~REF*6R*CPZAZINNZ5HO~AMT*B6*10.92~LQ*HE*N381~SVC*HC:G8510*40*11**1~DTM*472*20200526~CAS*CO*45*29~REF*6R*CPZAHXL5JZVA~AMT*B6*11~LQ*HE*N381~CLP*000100035124*1*178.3*65.81**MC*2020169050875~NM1*QC*1*MCCANDLESS*ANTHONY****MR*X214553~NM1*82*1*SEARLES*DENISE*A***XX*1396971230~REF*EA*C1AB9CEB900040CD9E191EAD2BCCB1D6~DTM*232*20200521~DTM*233*20200521~SVC*HC:99213*178.3*65.81**1~DTM*472*20200521~CAS*CO*45*112.49~REF*6R*CPZA0VS4SQJ4~AMT*B6*65.81~LQ*HE*N381~CLP*000100035179*1*178.3*65.81**MC*2020169050675~NM1*QC*1*MCCLURE*THOMAS*M***MR*K853447~NM1*82*1*SEARLES*DENISE*A***XX*1396971230~REF*EA*66E63B3983C5497D912BB27E270D6686~DTM*232*20200522~DTM*233*20200522~SVC*HC:99213*178.3*65.81**1~DTM*472*20200522~CAS*CO*45*112.49~REF*6R*CPZAPREBFK7G~AMT*B6*65.81~LQ*HE*N381~CLP*000100035863*1*178.3*63.81*2*MC*2020169050886~NM1*QC*1*MILNE*AMY****MR*O696037~NM1*82*1*CADDALI*ESTRELLA*A***XX*1164974580~REF*EA*94AF2BD7C9D245B782DB4275B91E1C14~DTM*232*20200605~DTM*233*20200605~SVC*HC:99213*178.3*63.81**1~DTM*472*20200605~CAS*PR*3*2~CAS*CO*45*112.49~REF*6R*CPZAGUQOGQKW~AMT*B6*65.81~LQ*HE*N381~LQ*HE*N381~CLP*000100035256*1*178.3*65.81**MC*2020169050843~NM1*QC*1*MORENO-PADILLA*REGINA*R***MR*I257452~NM1*74*1*MORENOPADILLA~NM1*82*1*SEARLES*DENISE*A***XX*1396971230~REF*EA*37665F1840C8459F805CCF988DD99413~DTM*232*20200526~DTM*233*20200526~SVC*HC:99213:25*178.3*65.81**1~DTM*472*20200526~CAS*CO*45*112.49~REF*6R*CPZAA87XALTX~AMT*B6*65.81~LQ*HE*N381~CLP*000100035256*1*4*3.4**MC*2020169050851~NM1*QC*1*MORENO-PADILLA*REGINA*R***MR*I257452~NM1*74*1*MORENOPADILLA~NM1*82*1*SEARLES*DENISE*A***XX*1396971230~REF*EA*ECB2380B6FFB4D6FA8CD70CD1519AA48~DTM*232*20200526~DTM*233*20200526~SVC*HC:81002*4*3.4**1~DTM*472*20200526~CAS*CO*45*.6~REF*6R*CPZAHWZ2HW9C~AMT*B6*3.4~LQ*HE*N381~CLP*000100035815*1*178.3*65.81**MC*2020169050712~NM1*QC*1*PADILLA*LAURA*C***MR*Y008082~NM1*82*1*CADDALI*ESTRELLA*A***XX*1164974580~REF*EA*FE31CDA9833E4312A3CCA55344348543~DTM*232*20200605~DTM*233*20200605~SVC*HC:99213*178.3*65.81**1~DTM*472*20200605~CAS*CO*45*112.49~REF*6R*CPZAE0ZNIYA0~AMT*B6*65.81~LQ*HE*N381~CLP*000100035609*1*178.3*65.81**MC*2020169050547~NM1*QC*1*PARADISO*CHEYENNE*B***MR*G885608~NM1*82*1*SEARLES*DENISE*A***XX*1396971230~REF*EA*138848E9F8674BEB82B523A5CAAF3307~DTM*232*20200602~DTM*233*20200602~SVC*HC:99213*178.3*65.81**1~DTM*472*20200602~CAS*CO*45*112.49~REF*6R*CPZA4JHSTWB3~AMT*B6*65.81~LQ*HE*N381~CLP*000100035721*1*178.3*65.81**MC*2020169050821~NM1*QC*1*PAULSEN*STACY****MR*W216187~NM1*82*1*CADDALI*ESTRELLA*A***XX*1164974580~REF*EA*5F7C56F02A3147A883C0A7D7714E219E~DTM*232*20200603~DTM*233*20200603~SVC*HC:99213*178.3*65.81**1~DTM*472*20200603~CAS*CO*45*112.49~REF*6R*CPZAPIT428LO~AMT*B6*65.81~LQ*HE*N381~CLP*000100035801*1*178.3*63.81*2*MC*2020169051016~NM1*QC*1*QUINTANA*KELLI*M***MR*P696536~NM1*82*1*CADDALI*ESTRELLA*A***XX*1164974580~REF*EA*550A81CEB8854CC39312BBC437545459~DTM*232*20200604~DTM*233*20200604~SVC*HC:99213*178.3*63.81**1~DTM*472*20200604~CAS*PR*3*2~CAS*CO*45*112.49~REF*6R*CPZAGTJPFKVL~AMT*B6*65.81~LQ*HE*N381~LQ*HE*N381~CLP*000100035244*1*619.02*106.57*2*MC*2020169050971~NM1*QC*1*RAMIREZ*ANTHONY*J***MR*P811929~NM1*82*1*SEARLES*DENISE*A***XX*1396971230~REF*EA*73F8A0D6AF484BC483DD1D9D200AEC09~DTM*232*20200526~DTM*233*20200526~SVC*HC:99202:25*175.85*65.13**1~DTM*472*20200526~CAS*PR*3*2~CAS*CO*45*108.72~REF*6R*CPZAFNPDT1QZ~AMT*B6*67.13~LQ*HE*N381~LQ*HE*N381~SVC*HC:H0049*403.17*10.92**1~DTM*472*20200526~CAS*CO*45*392.25~REF*6R*CPZA3B4VGSBS~AMT*B6*10.92~LQ*HE*N381~SVC*HC:G8431*40*30.52**1~DTM*472*20200526~CAS*CO*45*9.48~REF*6R*CPZADLSPFSYW~AMT*B6*30.52~LQ*HE*N381~CLP*000100035741*1*88.54*37.39*2*MC*2020169050985~NM1*QC*1*RAMIREZ*ANTHONY*J***MR*P811929~NM1*82*1*SEARLES*DENISE*A***XX*1396971230~REF*EA*3CA9E568D78D4B0FAC15A12067A40EB3~DTM*232*20200603~DTM*233*20200603~SVC*HC:99212*88.54*37.39**1~DTM*472*20200603~CAS*PR*3*2~CAS*CO*45*49.15~REF*6R*CPZABCCZN76C~AMT*B6*39.39~LQ*HE*N381~LQ*HE*N381~CLP*000100035254*1*178.3*65.81**MC*2020169050697~NM1*QC*1*RAMIREZ*JAVIER****MR*F684344~NM1*82*1*HOOSHMAND-PARSI*KAYHOSROW****XX*1447291851~REF*EA*D3E9B9CAEA954D658F39A322FB5E1F45~DTM*232*20200526~DTM*233*20200526~SVC*HC:99213*178.3*65.81**1~DTM*472*20200526~CAS*CO*45*112.49~REF*6R*CPZAUT2AO9KQ~AMT*B6*65.81~LQ*HE*N381~CLP*000100035740*1*272.99*97.11**MC*2020169051027~NM1*QC*1*TORRES RENTAS*MARIA****MR*P867072~NM1*74*1*RENTAS**E~NM1*82*1*CADDALI*ESTRELLA*A***XX*1164974580~REF*EA*DED24E804FE74D589CE243B34BCCFA1E~DTM*232*20200603~DTM*233*20200603~SVC*HC:99214*272.99*97.11**1~DTM*472*20200603~CAS*CO*45*175.88~REF*6R*CPZA0R4RRCGP~AMT*B6*97.11~LQ*HE*N381~CLP*000100035604*1*272.99*95.11*2*MC*2020169050729~NM1*QC*1*ROHN*TIMMIELU****MR*O164731~NM1*82*1*CADDALI*ESTRELLA*A***XX*1164974580~REF*EA*2A11BA6B677E40588736F53A497746B0~DTM*232*20200602~DTM*233*20200602~SVC*HC:99214*272.99*95.11**1~DTM*472*20200602~CAS*PR*3*2~CAS*CO*45*175.88~REF*6R*CPZAFLCOUBQ2~AMT*B6*97.11~LQ*HE*N381~LQ*HE*N381~CLP*000100035695*1*272.99*97.11**MC*2020169050510~NM1*QC*1*ROYBAL*CELESTINA*A***MR*I238627~NM1*82*1*CADDALI*ESTRELLA*A***XX*1164974580~REF*EA*4990497C84F64033A09A36E801A83D6D~DTM*232*20200603~DTM*233*20200603~SVC*HC:99214*272.99*97.11**1~DTM*472*20200603~CAS*CO*45*175.88~REF*6R*CPZATUNGPOK8~AMT*B6*97.11~LQ*HE*N381~CLP*000100035031*1*178.3*65.81**MC*2020169051002~NM1*QC*1*SANCHEZ*LEANNA*A***MR*L179099~NM1*82*1*GRONEMEYER*LEANNE*R***XX*1659521045~REF*EA*1DE62E02FB9146B19AF54A52B90D3C56~DTM*232*20200520~DTM*233*20200520~SVC*HC:99213*178.3*65.81**1~DTM*472*20200520~CAS*CO*45*112.49~REF*6R*CPZA9IYO0S8G~AMT*B6*65.81~LQ*HE*N381~CLP*000100035530*1*272.99*95.21*1.9*MC*2020169050468~NM1*QC*1*SANCHEZ*YVONNE*A***MR*J289148~NM1*82*1*GRONEMEYER*LEANNE*R***XX*1659521045~REF*EA*3BAFCDD0669D42E899CD71993D4A4F56~DTM*232*20200601~DTM*233*20200601~SVC*HC:99214*272.99*95.21**1~DTM*472*20200601~CAS*PR*3*1.9~CAS*CO*45*175.88~REF*6R*CPZA0UNEOERA~AMT*B6*97.11~LQ*HE*N381~LQ*HE*N381~CLP*000100035715*1*178.3*65.81**MC*2020169050782~NM1*QC*1*SCHLUETER*ERIC*A***MR*O612197~NM1*82*1*CADDALI*ESTRELLA*A***XX*1164974580~REF*EA*E7607178D86B4F23821B4A2F908407E4~DTM*232*20200603~DTM*233*20200603~SVC*HC:99213*178.3*65.81**1~DTM*472*20200603~CAS*CO*45*112.49~REF*6R*CPZADGK3U4OS~AMT*B6*65.81~LQ*HE*N381~CLP*000100035595*1*178.3*65.81**MC*2020169050751~NM1*QC*1*SCHRINER*JACOB*E***MR*Y893432~NM1*82*1*CADDALI*ESTRELLA*A***XX*1164974580~REF*EA*7C92D997B2284529AD8BB1D716BCBFA5~DTM*232*20200602~DTM*233*20200602~SVC*HC:99213*178.3*65.81**1~DTM*472*20200602~CAS*CO*45*112.49~REF*6R*CPZATTZ2GU10~AMT*B6*65.81~LQ*HE*N381~CLP*000100035812*1*178.3*65.81**MC*2020169050758~NM1*QC*1*SCHRINER*JACOB*E***MR*Y893432~NM1*82*1*CADDALI*ESTRELLA*A***XX*1164974580~REF*EA*FCC0803D2B91413AA9A5A5E34D36AEE1~DTM*232*20200605~DTM*233*20200605~SVC*HC:99213*178.3*65.81**1~DTM*472*20200605~CAS*CO*45*112.49~REF*6R*CPZAJN1FMUHT~AMT*B6*65.81~LQ*HE*N381~CLP*000100034124*1*178.3*63.81*2*MC*2020169050532~NM1*QC*1*SCHUDAR*JOHN*R***MR*Y988342~NM1*82*1*HOOSHMAND-PARSI*KAYHOSROW****XX*1447291851~REF*EA*1175E44FEFE34A6CBE4810F698D866DF~DTM*232*20200504~DTM*233*20200504~SVC*HC:99213*178.3*63.81**1~DTM*472*20200504~CAS*PR*3*2~CAS*CO*45*112.49~REF*6R*CPZARL6QWRAM~AMT*B6*65.81~LQ*HE*N381~LQ*HE*N381~CLP*000100035128*1*893.24*171.51**MC*2020169050743~NM1*QC*1*SOLINKO*THEODORE*J***MR*P933559~NM1*82*1*HOOSHMAND-PARSI*KAYHOSROW****XX*1447291851~REF*EA*6F0F22ED42B94341A656CD4F4BDE16EF~DTM*232*20200521~DTM*233*20200521~SVC*HC:99204:25*450.07*149.59**1~DTM*472*20200521~CAS*CO*45*300.48~REF*6R*CPZAQ7PBKTIK~AMT*B6*149.59~LQ*HE*N381~SVC*HC:H0049*403.17*10.92**1~DTM*472*20200521~CAS*CO*45*392.25~REF*6R*CPZAN40RZN45~AMT*B6*10.92~LQ*HE*N381~SVC*HC:G8510*40*11**1~DTM*472*20200521~CAS*CO*45*29~REF*6R*CPZAC6ASMAB2~AMT*B6*11~LQ*HE*N381~CLP*000100035268*1*15*8.42**MC*2020169050649~NM1*QC*1*TANKSLEY*DAYSHA*A***MR*O203621~NM1*82*1*HOOSHMAND-PARSI*KAYHOSROW****XX*1447291851~REF*EA*9715FE2ED7CA4BEDB404A171D79A7345~DTM*232*20200526~DTM*233*20200526~SVC*HC:81025*15*8.42**1~DTM*472*20200526~CAS*CO*45*6.58~REF*6R*CPZAH7L7R20U~AMT*B6*8.42~LQ*HE*N381~CLP*000100035268*1*178.3*65.81**MC*2020169050659~NM1*QC*1*TANKSLEY*DAYSHA*A***MR*O203621~NM1*82*1*HOOSHMAND-PARSI*KAYHOSROW****XX*1447291851~REF*EA*036700A40FA24C069061F65CD917195C~DTM*232*20200526~DTM*233*20200526~SVC*HC:99213:25*178.3*65.81**1~DTM*472*20200526~CAS*CO*45*112.49~REF*6R*CPZAF8V9E5SL~AMT*B6*65.81~LQ*HE*N381~CLP*000100035693*1*178.3*65.81**MC*2020169050941~NM1*QC*1*TORBETT*JERRY*R***MR*N890040~NM1*82*1*HOOSHMAND-PARSI*KAYHOSROW****XX*1447291851~REF*EA*1753ED93DFE1478C99373EFD3748491C~DTM*232*20200603~DTM*233*20200603~SVC*HC:99213*178.3*65.81**1~DTM*472*20200603~CAS*CO*45*112.49~REF*6R*CPZAL6QA8NSZ~AMT*B6*65.81~LQ*HE*N381~CLP*000100035226*1*178.3*65.81**MC*2020169051033~NM1*QC*1*VARGAS*MAX****MR*S695147~NM1*82*1*GRONEMEYER*LEANNE*R***XX*1659521045~REF*EA*15C1928583394AB18367A972353AF018~DTM*232*20200526~DTM*233*20200526~SVC*HC:99213*178.3*65.81**1~DTM*472*20200526~CAS*CO*45*112.49~REF*6R*CPZAK4RKAR42~AMT*B6*65.81~LQ*HE*N381~CLP*000100035830*1*217.66*55.35**MC*2020169050376~NM1*QC*1*VASQUES*RAYMOND****MR*I339227~NM1*74*1*VASQUEZ**E~NM1*82*1*LEWIS*HOLLY*G***XX*1295234128~REF*EA*8599673323964D359F497698EA6E0813~DTM*232*20200605~DTM*233*20200605~SVC*HC:90832*217.66*55.35**1~DTM*472*20200605~CAS*CO*45*162.31~REF*6R*CPZAUDX53VP7~AMT*B6*55.35~LQ*HE*N381~CLP*000100035459*1*178.3*65.81**MC*2020169050559~NM1*QC*1*VELARDE*JUSTIN****MR*Y451369~NM1*82*1*SEARLES*DENISE*A***XX*1396971230~REF*EA*7A3A7029F7A44C84B2F97DD7F86EFBE8~DTM*232*20200528~DTM*233*20200528~SVC*HC:99213*178.3*65.81**1~DTM*472*20200528~CAS*CO*45*112.49~REF*6R*CPZAUHMC2VRD~AMT*B6*65.81~LQ*HE*N381~CLP*000100035458*1*178.3*65.81**MC*2020169050813~NM1*QC*1*WINSTON*LATORIA*T***MR*P274606~NM1*82*1*GRONEMEYER*LEANNE*R***XX*1659521045~REF*EA*FB97EEFB30E8466CBBEBBBD480B262FC~DTM*232*20200528~DTM*233*20200528~SVC*HC:99213*178.3*65.81**1~DTM*472*20200528~CAS*CO*45*112.49~REF*6R*CPZAGVT8HURT~AMT*B6*65.81~LQ*HE*N381~CLP*000100034362*4*178.3*0**MC*2020169050448~NM1*QC*1*NORTON*TIMOTHY*L***MR*O938357~NM1*82*1*ROBERTS*BRAD*A***XX*1538435698~REF*EA*2E23EF8E343A444EB142DAA0D42EC867~DTM*232*20200507~DTM*233*20200507~SVC*HC:99213*178.3*0**0**1~DTM*472*20200507~CAS*PI*16*178.3~REF*6R*CPZA4P76VQ4P~LQ*HE*N56~LQ*HE*N381~CLP*000100034590*4*217.66*0**MC*2020169050895~NM1*QC*1*WYATT*SERENITY*L***MR*P779049~NM1*82*1*SANCHEZ*LEANN*V***XX*1508990961~REF*EA*E2EF89203B3F4B0D8B38AADF8C582063~DTM*232*20200512~DTM*233*20200512~SVC*HC:90832*217.66*0**0**1~DTM*472*20200512~CAS*PI*16*217.66~REF*6R*CPZAKZ2JLVHP~LQ*HE*N56~LQ*HE*N381~PLB*1508250911*20201231*CS:0000376147723*-54.88*CS:0000376147723*54.88~SE*1054*000010011~GE*1*300031383~IEA*1*300031383~