ISA*00*          *00*          *ZZ*COMEDASSISTPROG*ZZ*6769489        *200615*0228*^*00501*200025152*0*P*:~GS*HP*COMEDASSISTPROG*6769489*20200615*022831*200025152*X*005010X221A1~ST*835*000010012~BPR*I*11191.94*C*ACH*CCP*01*075911603*DA*00000004556640373*1811725341**01*102106569*DA*2200002989138*20200615~TRN*1*001003430*1811725341~REF*EV*1508250911~DTM*405*20200612~N1*PR*CO_TXIX*XV*7912900843~N3*P.O. BOX 30~N4*DENVER*CO*80201~PER*CX*MEDICAID PROVIDER SERVICES*TE*8442352387~PER*BL*MEDICAID PROVIDER SERVICES*TE*8442352387~N1*PE*HEALTH SOLUTIONS MED CENTER*XX*1508250911~REF*TJ*841158933~LX*1~CLP*000100033675*2*178.3*13.11**MC*2020161003158~NM1*QC*1*GURGANUS*ANTHONY****MR*O603264~NM1*82*1*GRONEMEYER*LEANNE*R***XX*1659521045~REF*EA*00516ECB0FC34CB496121B9675B36F46~DTM*232*20200423~DTM*233*20200423~SVC*HC:99213:95*178.3*13.11**1~DTM*472*20200423~CAS*CO*45*165.19~REF*6R*CPQE7BQT3B4V~AMT*B6*13.11~LQ*HE*N381~LQ*HE*N381~CLP*000100035659*1*178.3*65.81**MC*2020164039956~NM1*QC*1*ANDERSON*JACQULINE*M***MR*G934658~NM1*82*1*SEARLES*DENISE*A***XX*1396971230~REF*EA*41B7A7A28A68412495CA59BE9D147411~DTM*232*20200602~DTM*233*20200602~SVC*HC:99213*178.3*65.81**1~DTM*472*20200602~CAS*CO*45*112.49~REF*6R*CPZEMGBYN89E~AMT*B6*65.81~LQ*HE*N381~CLP*000100034989*1*178.3*65.81**MC*2020164039958~NM1*QC*1*ANDERSON*JACQULINE*M***MR*G934658~NM1*82*1*SEARLES*DENISE*A***XX*1396971230~REF*EA*5EA853EB606C44899CC0D0BF86F5292E~DTM*232*20200519~DTM*233*20200519~SVC*HC:99213*178.3*65.81**1~DTM*472*20200519~CAS*CO*45*112.49~REF*6R*CPZEJEBFGS3P~AMT*B6*65.81~LQ*HE*N381~CLP*000100034897*1*1892.99*1256.4*1*MC*2020164039997~NM1*QC*1*ARCHULETA*JACOB****MR*Q078064~NM1*82*1*HOOSHMAND-PARSI*KAYHOSROW****XX*1447291851~REF*EA*76FDFE6C34F24A30B67ED346A7320AB9~DTM*232*20200518~DTM*233*20200518~SVC*HC:96372*83.99*0**0**1~DTM*472*20200518~CAS*CO*109*83.99~REF*6R*CPZEYNRTRH74~LQ*HE*N381~SVC*HC:J2315*1805*1254**380~DTM*472*20200518~CAS*CO*45*551~REF*6R*CPZE1GXMDNQR~AMT*B6*1254~LQ*HE*N381~SVC*HC:81002*4*2.4**1~DTM*472*20200518~CAS*PR*3*1~CAS*CO*45*.6~REF*6R*CPZE49F248AR~AMT*B6*3.4~LQ*HE*N381~LQ*HE*N381~CLP*000100035056*1*710.01*119.35**MC*2020164039968~NM1*QC*1*ARMIJO*ANTHONY*R***MR*W029283~NM1*82*1*SEARLES*DENISE*A***XX*1396971230~REF*EA*9B2C76803F9C4BA0B83AB1F8677245DA~DTM*232*20200520~DTM*233*20200520~SVC*HC:99203:25*266.84*97.43**1~DTM*472*20200520~CAS*CO*45*169.41~REF*6R*CPZE086ESXCC~AMT*B6*97.43~LQ*HE*N381~SVC*HC:H0049*403.17*10.92**1~DTM*472*20200520~CAS*CO*45*392.25~REF*6R*CPZEJ5QTSNN4~AMT*B6*10.92~LQ*HE*N381~SVC*HC:G8510*40*11**1~DTM*472*20200520~CAS*CO*45*29~REF*6R*CPZEZ6BUWYXN~AMT*B6*11~LQ*HE*N381~CLP*000100034973*1*178.3*65.81**MC*2020164040027~NM1*QC*1*AVILA*KRISTA*M***MR*K943511~NM1*82*1*SEARLES*DENISE*A***XX*1396971230~REF*EA*EE068632239444029E3725162E0C2936~DTM*232*20200519~DTM*233*20200519~SVC*HC:99213:25*178.3*65.81**1~DTM*472*20200519~CAS*CO*45*112.49~REF*6R*CPZEQ6KZJ0CN~AMT*B6*65.81~LQ*HE*N381~CLP*000100034973*1*15*8.42**MC*2020164040031~NM1*QC*1*AVILA*KRISTA*M***MR*K943511~NM1*82*1*SEARLES*DENISE*A***XX*1396971230~REF*EA*9A1AFCF87A754FD3AAB3B88913A5C3D5~DTM*232*20200519~DTM*233*20200519~SVC*HC:81025*15*8.42**1~DTM*472*20200519~CAS*CO*45*6.58~REF*6R*CPZEKGXBMHM7~AMT*B6*8.42~LQ*HE*N381~CLP*000100034825*1*178.3*65.81**MC*2020164040032~NM1*QC*1*AVILA*KRISTA*M***MR*K943511~NM1*82*1*SEARLES*DENISE*A***XX*1396971230~REF*EA*C765C61203674434A1FD87C475578C97~DTM*232*20200515~DTM*233*20200515~SVC*HC:99213*178.3*65.81**1~DTM*472*20200515~CAS*CO*45*112.49~REF*6R*CPZEOMAWYV7G~AMT*B6*65.81~LQ*HE*N381~CLP*000100035680*1*178.3*65.81**MC*2020164040018~NM1*QC*1*BALDERAS*SAMANTHA*J***MR*G790804~NM1*82*1*CADDALI*ESTRELLA*A***XX*1164974580~REF*EA*6FBCDC7BF5F14427BDE33B5EA2503C09~DTM*232*20200603~DTM*233*20200603~SVC*HC:99213*178.3*65.81**1~DTM*472*20200603~CAS*CO*45*112.49~REF*6R*CPZEM5LWD8K2~AMT*B6*65.81~LQ*HE*N381~CLP*000100034763*1*1888.99*1254**MC*2020164040110~NM1*QC*1*BARROS*LEE****MR*Y569184~NM1*82*1*SEARLES*DENISE*A***XX*1396971230~REF*EA*0A6777E749F74D90AE54769D540D4F13~DTM*232*20200514~DTM*233*20200514~SVC*HC:96372*83.99*0**0**1~DTM*472*20200514~CAS*CO*109*83.99~REF*6R*CPZEYMLTR46O~LQ*HE*N381~SVC*HC:J2315*1805*1254**380~DTM*472*20200514~CAS*CO*45*551~REF*6R*CPZEAQVQBVFY~AMT*B6*1254~LQ*HE*N381~CLP*000100034763*1*272.99*95.11*2*MC*2020164040111~NM1*QC*1*BARROS*LEE****MR*Y569184~NM1*82*1*SEARLES*DENISE*A***XX*1396971230~REF*EA*0D8AEE0B26F440DCA782CE9C229BF72E~DTM*232*20200514~DTM*233*20200514~SVC*HC:99214:25*272.99*95.11**1~DTM*472*20200514~CAS*PR*3*2~CAS*CO*45*175.88~REF*6R*CPZES9YC8DH3~AMT*B6*97.11~LQ*HE*N381~LQ*HE*N381~CLP*000100034725*1*178.3*65.81**MC*2020164040002~NM1*QC*1*CAMPBELL*TAMMY*L***MR*Y574975~NM1*82*1*SEARLES*DENISE*A***XX*1396971230~REF*EA*042579087D3E406488F8C5F60977EDE6~DTM*232*20200514~DTM*233*20200514~SVC*HC:99213:25*178.3*65.81**1~DTM*472*20200514~CAS*CO*45*112.49~REF*6R*CPZEWVR2MU3T~AMT*B6*65.81~LQ*HE*N381~CLP*000100034725*1*15*8.42**MC*2020164040005~NM1*QC*1*CAMPBELL*TAMMY*L***MR*Y574975~NM1*82*1*SEARLES*DENISE*A***XX*1396971230~REF*EA*72A46D82E8A245DDA43E9543BA7E59B4~DTM*232*20200514~DTM*233*20200514~SVC*HC:81025*15*8.42**1~DTM*472*20200514~CAS*CO*45*6.58~REF*6R*CPZECG5GDROL~AMT*B6*8.42~LQ*HE*N381~CLP*000100034387*1*178.3*65.81**MC*2020164040093~NM1*QC*1*CASAUS*TRACY*A***MR*K186814~NM1*82*1*ROBERTS*BRAD*A***XX*1538435698~REF*EA*C7174CA6F0B148DF95D787D00CCD9F01~DTM*232*20200507~DTM*233*20200507~SVC*HC:99213*178.3*65.81**1~DTM*472*20200507~CAS*CO*45*112.49~REF*6R*CPZE7T1T7468~AMT*B6*65.81~LQ*HE*N381~CLP*000100034992*1*272.99*97.11**MC*2020164040037~NM1*QC*1*CHACON*ALISSA****MR*P951315~NM1*82*1*SEARLES*DENISE*A***XX*1396971230~REF*EA*75E377EBB5D8477C824B6D23376410CF~DTM*232*20200519~DTM*233*20200519~SVC*HC:99214*272.99*97.11**1~DTM*472*20200519~CAS*CO*45*175.88~REF*6R*CPZE58GJ3EN7~AMT*B6*97.11~LQ*HE*N381~CLP*000100034711*1*272.99*97.11**MC*2020164040039~NM1*QC*1*CHACON*ALISSA****MR*P951315~NM1*82*1*SEARLES*DENISE*A***XX*1396971230~REF*EA*D46C8BB1D45C47C2BB61B9254CA3E04F~DTM*232*20200513~DTM*233*20200513~SVC*HC:99214*272.99*97.11**1~DTM*472*20200513~CAS*CO*45*175.88~REF*6R*CPZE4JPEFPCE~AMT*B6*97.11~LQ*HE*N381~CLP*000100035062*1*178.3*65.81**MC*2020164039972~NM1*QC*1*CHATMAN*BRITTANY*C***MR*Y447314~NM1*82*1*SEARLES*DENISE*A***XX*1396971230~REF*EA*0750BB2FA44E47978CA16CB1D345BAEB~DTM*232*20200520~DTM*233*20200520~SVC*HC:99213:25*178.3*65.81**1~DTM*472*20200520~CAS*CO*45*112.49~REF*6R*CPZE0Y2CVIYL~AMT*B6*65.81~LQ*HE*N381~CLP*000100035062*1*15*8.42**MC*2020164039974~NM1*QC*1*CHATMAN*BRITTANY*C***MR*Y447314~NM1*82*1*SEARLES*DENISE*A***XX*1396971230~REF*EA*0666AA0DDFF245AA955D1E855D31D556~DTM*232*20200520~DTM*233*20200520~SVC*HC:81025*15*8.42**1~DTM*472*20200520~CAS*CO*45*6.58~REF*6R*CPZEZ22A5K39~AMT*B6*8.42~LQ*HE*N381~CLP*000100035071*1*178.3*65.81**MC*2020164040101~NM1*QC*1*COFFEE*TALITHA*F***MR*M798889~NM1*82*1*SEARLES*DENISE*A***XX*1396971230~REF*EA*6B1FB4A760484D868C50942C9B735F92~DTM*232*20200520~DTM*233*20200520~SVC*HC:99213*178.3*65.81**1~DTM*472*20200520~CAS*CO*45*112.49~REF*6R*CPZEELZNSW1M~AMT*B6*65.81~LQ*HE*N381~CLP*000100034642*1*178.3*63.81*2*MC*2020164040041~NM1*QC*1*DONOHEW*DEBORA*J***MR*O638224~NM1*82*1*SEARLES*DENISE*A***XX*1396971230~REF*EA*32C740F9ABDB40A9B29584F086375AC5~DTM*232*20200512~DTM*233*20200512~SVC*HC:99213*178.3*63.81**1~DTM*472*20200512~CAS*PR*3*2~CAS*CO*45*112.49~REF*6R*CPZE7JJ0HI7U~AMT*B6*65.81~LQ*HE*N381~LQ*HE*N381~CLP*000100034389*1*178.3*63.81*2*MC*2020164040138~NM1*QC*1*ESQUIBEL*JASON*K***MR*Y927579~NM1*82*1*ROBERTS*BRAD*A***XX*1538435698~REF*EA*53C89B11E49A456DAD71CE22DC7DB2E2~DTM*232*20200507~DTM*233*20200507~SVC*HC:99213*178.3*63.81**1~DTM*472*20200507~CAS*PR*3*2~CAS*CO*45*112.49~REF*6R*CPZEYBTMBMGS~AMT*B6*65.81~LQ*HE*N381~LQ*HE*N381~CLP*000100032874*1*178.3*63.81*2*MC*2020164040141~NM1*QC*1*ESQUIBEL*JASON*K***MR*Y927579~NM1*82*1*ROBERTS*BRAD*A***XX*1538435698~REF*EA*5C218C90DF07460B9CEC3DD226CA3019~DTM*232*20200407~DTM*233*20200407~SVC*HC:99213*178.3*63.81**1~DTM*472*20200407~CAS*PR*3*2~CAS*CO*45*112.49~REF*6R*CPZES8CVZIEA~AMT*B6*65.81~LQ*HE*N381~LQ*HE*N381~CLP*000100035060*1*178.3*65.81**MC*2020164040096~NM1*QC*1*FERRIS*JOSHUA*R***MR*U655766~NM1*82*1*GRONEMEYER*LEANNE*R***XX*1659521045~REF*EA*7BC2603BC71A4251A17D02C8DBD0CE2F~DTM*232*20200520~DTM*233*20200520~SVC*HC:99213*178.3*65.81**1~DTM*472*20200520~CAS*CO*45*112.49~REF*6R*CPZESGI61KL3~AMT*B6*65.81~LQ*HE*N381~CLP*000100034785*1*178.3*65.81**MC*2020164039986~NM1*QC*1*FLORES*AMBER****MR*S559509~NM1*82*1*SEARLES*DENISE*A***XX*1396971230~REF*EA*7829F12313A44DDCB3AEC6C00FE7B045~DTM*232*20200514~DTM*233*20200514~SVC*HC:99213*178.3*65.81**1~DTM*472*20200514~CAS*CO*45*112.49~REF*6R*CPZEIO7I0GGF~AMT*B6*65.81~LQ*HE*N381~CLP*000100034822*1*178.3*65.81**MC*2020164039960~NM1*QC*1*FLORES*KEITH*L***MR*W751068~NM1*82*1*SEARLES*DENISE*A***XX*1396971230~REF*EA*331FC96308E641258B7490F196A2E10B~DTM*232*20200515~DTM*233*20200515~SVC*HC:99213*178.3*65.81**1~DTM*472*20200515~CAS*CO*45*112.49~REF*6R*CPZEELAEGSSV~AMT*B6*65.81~LQ*HE*N381~CLP*000100032859*1*178.3*63.81*2*MC*2020164040103~NM1*QC*1*GARCIA*DANIEL*R***MR*S702489~NM1*82*1*ROBERTS*BRAD*A***XX*1538435698~REF*EA*87B028A9743C4CA7B3B09BC128B9DAB9~DTM*232*20200407~DTM*233*20200407~SVC*HC:99213*178.3*63.81**1~DTM*472*20200407~CAS*PR*3*2~CAS*CO*45*112.49~REF*6R*CPZE3ZWDOSTW~AMT*B6*65.81~LQ*HE*N381~LQ*HE*N381~CLP*000100034396*1*178.3*65.81**MC*2020164040105~NM1*QC*1*GARCIA*DANIEL*R***MR*S702489~NM1*82*1*ROBERTS*BRAD*A***XX*1538435698~REF*EA*570E8D127C6A4BEAA8CDDA1E39CBD942~DTM*232*20200507~DTM*233*20200507~SVC*HC:99213*178.3*65.81**1~DTM*472*20200507~CAS*CO*45*112.49~REF*6R*CPZEVUB1G0OY~AMT*B6*65.81~LQ*HE*N381~CLP*000100035077*1*178.3*65.81**MC*2020164039975~NM1*QC*1*GARCIA*MARIO****MR*D425963~NM1*82*1*HOOSHMAND-PARSI*KAYHOSROW****XX*1447291851~REF*EA*BFF39AFCD2BE4A6DB19F80F27250C05D~DTM*232*20200520~DTM*233*20200520~SVC*HC:99213*178.3*65.81**1~DTM*472*20200520~CAS*CO*45*112.49~REF*6R*CPZER5GJHKXA~AMT*B6*65.81~LQ*HE*N381~CLP*000100034792*1*178.3*65.81**MC*2020164039977~NM1*QC*1*GARCIA*MARIO****MR*D425963~NM1*82*1*SEARLES*DENISE*A***XX*1396971230~REF*EA*D038DEF953E74167B6B3FDFE8BD79CE6~DTM*232*20200514~DTM*233*20200514~SVC*HC:99213*178.3*65.81**1~DTM*472*20200514~CAS*CO*45*112.49~REF*6R*CPZEELG1KSQL~AMT*B6*65.81~LQ*HE*N381~CLP*000100034836*1*178.3*65.81**MC*2020164040072~NM1*QC*1*GURULE*TRAVIS*L***MR*O382860~NM1*82*1*SEARLES*DENISE*A***XX*1396971230~REF*EA*2E4C5DCD81664F6390A995549A40BAC1~DTM*232*20200515~DTM*233*20200515~SVC*HC:99213*178.3*65.81**1~DTM*472*20200515~CAS*CO*45*112.49~REF*6R*CPZELF9MPU3S~AMT*B6*65.81~LQ*HE*N381~CLP*000100033950*1*450.07*149.59**MC*2020164040113~NM1*QC*1*HILL*ALAN*R***MR*G473071~NM1*82*1*HOOSHMAND-PARSI*KAYHOSROW****XX*1447291851~REF*EA*3C794E4F08D54F3198A18722D001D376~DTM*232*20200429~DTM*233*20200429~SVC*HC:99204*450.07*149.59**1~DTM*472*20200429~CAS*CO*45*300.48~REF*6R*CPZE1MK0RQKT~AMT*B6*149.59~LQ*HE*N381~CLP*000100035026*1*178.3*65.81**MC*2020164040051~NM1*QC*1*HIX*CALEB*R***MR*P819170~NM1*82*1*HOOSHMAND-PARSI*KAYHOSROW****XX*1447291851~REF*EA*8FCF8CB1201045AEB3B759943A45E192~DTM*232*20200520~DTM*233*20200520~SVC*HC:99213*178.3*65.81**1~DTM*472*20200520~CAS*CO*45*112.49~REF*6R*CPZEN5C7NHXX~AMT*B6*65.81~LQ*HE*N381~CLP*000100034795*1*218.3*74.81*2*MC*2020164040128~NM1*QC*1*JOHNSON*GRANT*O***MR*P126521~NM1*82*1*SEARLES*DENISE*A***XX*1396971230~REF*EA*2334EA1C4A1E4AAE96FA5297C1518CA4~DTM*232*20200515~DTM*233*20200515~SVC*HC:99213:25*178.3*63.81**1~DTM*472*20200515~CAS*PR*3*2~CAS*CO*45*112.49~REF*6R*CPZEXCX7MMEP~AMT*B6*65.81~LQ*HE*N381~LQ*HE*N381~SVC*HC:G8510*40*11**1~DTM*472*20200515~CAS*CO*45*29~REF*6R*CPZEE8VZFJWT~AMT*B6*11~LQ*HE*N381~CLP*000100034795*1*1888.99*1254**MC*2020164040130~NM1*QC*1*JOHNSON*GRANT*O***MR*P126521~NM1*82*1*SEARLES*DENISE*A***XX*1396971230~REF*EA*D8EFD60CB46E4E8480FE704C4B654301~DTM*232*20200515~DTM*233*20200515~SVC*HC:96372*83.99*0**0**1~DTM*472*20200515~CAS*CO*109*83.99~REF*6R*CPZE4NNIS2Y9~LQ*HE*N381~SVC*HC:J2315*1805*1254**380~DTM*472*20200515~CAS*CO*45*551~REF*6R*CPZERVVD4JB8~AMT*B6*1254~LQ*HE*N381~CLP*000100034815*1*178.3*65.81**MC*2020164039953~NM1*QC*1*JONES*PAULA****MR*M040589~NM1*82*1*SEARLES*DENISE*A***XX*1396971230~REF*EA*A0001DD222F04F6FAE3400A94F3FECDC~DTM*232*20200515~DTM*233*20200515~SVC*HC:99213*178.3*65.81**1~DTM*472*20200515~CAS*CO*45*112.49~REF*6R*CPZEP949J1BY~AMT*B6*65.81~LQ*HE*N381~CLP*000100034959*1*178.3*65.81**MC*2020164040090~NM1*QC*1*KERK*JENNA****MR*Y931418~NM1*82*1*SEARLES*DENISE*A***XX*1396971230~REF*EA*81489E4E642140309486512BDAA23449~DTM*232*20200519~DTM*233*20200519~SVC*HC:99213*178.3*65.81**1~DTM*472*20200519~CAS*CO*45*112.49~REF*6R*CPZET25YST8E~AMT*B6*65.81~LQ*HE*N381~CLP*000100034778*1*178.3*65.81**MC*2020164039961~NM1*QC*1*LINDSAY SANDERS*SHABREA*D***MR*Q818873~NM1*74*1*LINDSAYSANDERS~NM1*82*1*SEARLES*DENISE*A***XX*1396971230~REF*EA*6F2ABD2321394B90B63868E76AC118FB~DTM*232*20200514~DTM*233*20200514~SVC*HC:99213:25*178.3*65.81**1~DTM*472*20200514~CAS*CO*45*112.49~REF*6R*CPZEBO2A9B1G~AMT*B6*65.81~LQ*HE*N381~CLP*000100034778*1*1903.99*1262.42**MC*2020164039965~NM1*QC*1*LINDSAY SANDERS*SHABREA*D***MR*Q818873~NM1*74*1*LINDSAYSANDERS~NM1*82*1*SEARLES*DENISE*A***XX*1396971230~REF*EA*EDD21813FC084A559F186B01239CC15E~DTM*232*20200514~DTM*233*20200514~SVC*HC:96372*83.99*0**0**1~DTM*472*20200514~CAS*CO*109*83.99~REF*6R*CPZE42OC7VDU~LQ*HE*N381~SVC*HC:J2315*1805*1254**380~DTM*472*20200514~CAS*CO*45*551~REF*6R*CPZERFG11BB2~AMT*B6*1254~LQ*HE*N381~SVC*HC:81025*15*8.42**1~DTM*472*20200514~CAS*CO*45*6.58~REF*6R*CPZETPOHYMVM~AMT*B6*8.42~LQ*HE*N381~CLP*000100035030*1*178.3*65.81**MC*2020164039991~NM1*QC*1*LORETO*JOSHUA*R***MR*E192810~NM1*82*1*SEARLES*DENISE*A***XX*1396971230~REF*EA*506863B694E74F7790008F6D32503531~DTM*232*20200520~DTM*233*20200520~SVC*HC:99213*178.3*65.81**1~DTM*472*20200520~CAS*CO*45*112.49~REF*6R*CPZEQ4FM7A20~AMT*B6*65.81~LQ*HE*N381~CLP*000100035101*1*178.3*65.81**MC*2020164040085~NM1*QC*1*MAES*ERNEST*R***MR*K993029~NM1*82*1*SEARLES*DENISE*A***XX*1396971230~REF*EA*B2AA6840FBF649C7920D49CFD5CCF357~DTM*232*20200521~DTM*233*20200521~SVC*HC:99213:25*178.3*65.81**1~DTM*472*20200521~CAS*CO*45*112.49~REF*6R*CPZEM5UFCIY1~AMT*B6*65.81~LQ*HE*N381~CLP*000100035101*1*1888.99*1254**MC*2020164040088~NM1*QC*1*MAES*ERNEST*R***MR*K993029~NM1*82*1*SEARLES*DENISE*A***XX*1396971230~REF*EA*C455BA1AB2B445FC8207B967EC348804~DTM*232*20200521~DTM*233*20200521~SVC*HC:96372*83.99*0**0**1~DTM*472*20200521~CAS*CO*109*83.99~REF*6R*CPZEA3IHYJSD~LQ*HE*N381~SVC*HC:J2315*1805*1254**380~DTM*472*20200521~CAS*CO*45*551~REF*6R*CPZE1JXZD4E8~AMT*B6*1254~LQ*HE*N381~CLP*000100034187*1*178.3*65.81**MC*2020164040131~NM1*QC*1*MAGANA*CARLA*R***MR*M671813~NM1*82*1*HOOSHMAND-PARSI*KAYHOSROW****XX*1447291851~REF*EA*82AC685681104FD983F5E1301BD48328~DTM*232*20200505~DTM*233*20200505~SVC*HC:99213*178.3*65.81**1~DTM*472*20200505~CAS*CO*45*112.49~REF*6R*CPZE17N3TAJ8~AMT*B6*65.81~LQ*HE*N381~CLP*000100034835*1*178.3*65.81**MC*2020164040119~NM1*QC*1*MARTINEZ*DEBRA*A***MR*D395711~NM1*82*1*SEARLES*DENISE*A***XX*1396971230~REF*EA*85D5B1B8643241E9AE3AD28C661C5185~DTM*232*20200515~DTM*233*20200515~SVC*HC:99213*178.3*65.81**1~DTM*472*20200515~CAS*CO*45*112.49~REF*6R*CPZEKE128RKZ~AMT*B6*65.81~LQ*HE*N381~CLP*000100034693*1*178.3*63.81*2*MC*2020164040052~NM1*QC*1*MARTINEZ*DESIREE****MR*O277758~NM1*82*1*SEARLES*DENISE*A***XX*1396971230~REF*EA*326B3C31BE694F35A7B7017AAA1341FB~DTM*232*20200513~DTM*233*20200513~SVC*HC:99213*178.3*63.81**1~DTM*472*20200513~CAS*PR*3*2~CAS*CO*45*112.49~REF*6R*CPZE0MGUGLQZ~AMT*B6*65.81~LQ*HE*N381~LQ*HE*N381~CLP*000100034946*1*178.3*63.81*2*MC*2020164040055~NM1*QC*1*MARTINEZ*DESIREE****MR*O277758~NM1*82*1*SEARLES*DENISE*A***XX*1396971230~REF*EA*70A17911C56748C593D2A1C4E988F3C1~DTM*232*20200519~DTM*233*20200519~SVC*HC:99213*178.3*63.81**1~DTM*472*20200519~CAS*PR*3*2~CAS*CO*45*112.49~REF*6R*CPZEG5B8E6NY~AMT*B6*65.81~LQ*HE*N381~LQ*HE*N381~CLP*000100035121*1*272.99*97.11**MC*2020164040064~NM1*QC*1*MARTINEZ*KARA*M***MR*P293930~NM1*82*1*HOOSHMAND-PARSI*KAYHOSROW****XX*1447291851~REF*EA*8772E90026A1489C8793F1F4DBDBFD5D~DTM*232*20200521~DTM*233*20200521~SVC*HC:99214*272.99*97.11**1~DTM*472*20200521~CAS*CO*45*175.88~REF*6R*CPZE546OUS88~AMT*B6*97.11~LQ*HE*N381~CLP*000100034791*1*178.3*65.81**MC*2020164040108~NM1*QC*1*MCCANDLESS*ANTHONY****MR*X214553~NM1*82*1*SEARLES*DENISE*A***XX*1396971230~REF*EA*89C0F1976D744C5C83D02AFD29B8678B~DTM*232*20200514~DTM*233*20200514~SVC*HC:99213*178.3*65.81**1~DTM*472*20200514~CAS*CO*45*112.49~REF*6R*CPZE6R0E156B~AMT*B6*65.81~LQ*HE*N381~CLP*000100035017*1*178.3*65.81**MC*2020164040045~NM1*QC*1*MEDINA*EDWARD*R***MR*O654584~NM1*82*1*HOOSHMAND-PARSI*KAYHOSROW****XX*1447291851~REF*EA*0EE34117ED1744F488CC1438A92DD6D4~DTM*232*20200519~DTM*233*20200519~SVC*HC:99213*178.3*65.81**1~DTM*472*20200519~CAS*CO*45*112.49~REF*6R*CPZEKQ65KPEJ~AMT*B6*65.81~LQ*HE*N381~CLP*000100035091*1*178.3*65.81**MC*2020164040078~NM1*QC*1*MONSON*SAVANNAH*R***MR*U391305~NM1*82*1*GRONEMEYER*LEANNE*R***XX*1659521045~REF*EA*8C109CB3A74142F7BDAC37062DB6AE86~DTM*232*20200520~DTM*233*20200520~SVC*HC:99213*178.3*65.81**1~DTM*472*20200520~CAS*CO*45*112.49~REF*6R*CPZEEBPL3747~AMT*B6*65.81~LQ*HE*N381~CLP*000100035040*1*437.77*109.71**MC*2020164040081~NM1*QC*1*MONSON*SAVANNAH*R***MR*U391305~NM1*82*1*SANCHEZ*LEANN*V***XX*1508990961~REF*EA*CD302699CA05474DAB244C5EFA77AB94~DTM*232*20200520~DTM*233*20200520~SVC*HC:90791*437.77*109.71**1~DTM*472*20200520~CAS*CO*45*328.06~REF*6R*CPZED30X355O~AMT*B6*109.71~LQ*HE*N381~CLP*000100035090*1*178.3*65.81**MC*2020164040066~NM1*QC*1*MYERS*SCOTT*A***MR*P255708~NM1*82*1*SEARLES*DENISE*A***XX*1396971230~REF*EA*8395BA08BE534C42BEB5DE6CC191D5DE~DTM*232*20200520~DTM*233*20200520~SVC*HC:99213*178.3*65.81**1~DTM*472*20200520~CAS*CO*45*112.49~REF*6R*CPZEEZC9THZT~AMT*B6*65.81~LQ*HE*N381~CLP*000100032822*1*178.3*65.81**MC*2020164039979~NM1*QC*1*NORTON*TIMOTHY*L***MR*O938357~NM1*82*1*ROBERTS*BRAD*A***XX*1538435698~REF*EA*07DC903D87EC46FFB8FC9741CEF4E402~DTM*232*20200407~DTM*233*20200407~SVC*HC:99213*178.3*65.81**1~DTM*472*20200407~CAS*CO*45*112.49~REF*6R*CPZE37JPWSNN~AMT*B6*65.81~LQ*HE*N381~CLP*000100034362*1*178.3*65.81**MC*2020164039983~NM1*QC*1*NORTON*TIMOTHY*L***MR*O938357~NM1*82*1*ROBERTS*BRAD*A***XX*1538435698~REF*EA*FE7B9326F10547C9AD2F720AD7637D2D~DTM*232*20200507~DTM*233*20200507~SVC*HC:99213*178.3*65.81**1~DTM*472*20200507~CAS*CO*45*112.49~REF*6R*CPZEM846JFH0~AMT*B6*65.81~LQ*HE*N381~CLP*000100034850*1*178.3*65.81**MC*2020164039996~NM1*QC*1*PARADISO*CHEYENNE*B***MR*G885608~NM1*82*1*SEARLES*DENISE*A***XX*1396971230~REF*EA*0E7D9AB407F9485ABD98197AD04ADD0B~DTM*232*20200515~DTM*233*20200515~SVC*HC:99213*178.3*65.81**1~DTM*472*20200515~CAS*CO*45*112.49~REF*6R*CPZEB2TFMRBR~AMT*B6*65.81~LQ*HE*N381~CLP*000100035149*1*178.3*65.81**MC*2020164040146~NM1*QC*1*QUINTANA*ANDRES****MR*P873770~NM1*82*1*GRONEMEYER*LEANNE*R***XX*1659521045~REF*EA*2B14294AAB3C4A37935B7C6ACDCCCE1D~DTM*232*20200521~DTM*233*20200521~SVC*HC:99213*178.3*65.81**1~DTM*472*20200521~CAS*CO*45*112.49~REF*6R*CPZECZ6X8710~AMT*B6*65.81~LQ*HE*N381~CLP*000100034802*1*619.02*108.57**MC*2020164039988~NM1*QC*1*QUINTANA*JAMIE****MR*K751591~NM1*82*1*SEARLES*DENISE*A***XX*1396971230~REF*EA*9488C8B8102C4267892E86F5F033A01E~DTM*232*20200515~DTM*233*20200515~SVC*HC:99202:25*175.85*67.13**1~DTM*472*20200515~CAS*CO*45*108.72~REF*6R*CPZEIS4GB3KA~AMT*B6*67.13~LQ*HE*N381~SVC*HC:H0049*403.17*10.92**1~DTM*472*20200515~CAS*CO*45*392.25~REF*6R*CPZEJXM99B1J~AMT*B6*10.92~LQ*HE*N381~SVC*HC:G8431*40*30.52**1~DTM*472*20200515~CAS*CO*45*9.48~REF*6R*CPZETDKYB9GX~AMT*B6*30.52~LQ*HE*N381~CLP*000100035087*1*178.3*65.81**MC*2020164040011~NM1*QC*1*QUINTANA*JUSTIN*L***MR*Y962445~NM1*82*1*GRONEMEYER*LEANNE*R***XX*1659521045~REF*EA*8E5BD23E615A4B1583CA2B242B74E2B6~DTM*232*20200520~DTM*233*20200520~SVC*HC:99213*178.3*65.81**1~DTM*472*20200520~CAS*CO*45*112.49~REF*6R*CPZEUQMMET8R~AMT*B6*65.81~LQ*HE*N381~CLP*000100034632*1*272.99*97.11**MC*2020164040142~NM1*QC*1*RITCHIE*SADIE*R***MR*O200241~NM1*82*1*SEARLES*DENISE*A***XX*1396971230~REF*EA*64004AC49A8D42F18AA81F2C9198413F~DTM*232*20200512~DTM*233*20200512~SVC*HC:99214*272.99*97.11**1~DTM*472*20200512~CAS*CO*45*175.88~REF*6R*CPZECZTHD1X5~AMT*B6*97.11~LQ*HE*N381~CLP*000100034955*1*178.3*65.81**MC*2020164040145~NM1*QC*1*RITCHIE*SADIE*R***MR*O200241~NM1*82*1*SEARLES*DENISE*A***XX*1396971230~REF*EA*89A24C223B8A4E63BD521B8CC67EF53D~DTM*232*20200519~DTM*233*20200519~SVC*HC:99213*178.3*65.81**1~DTM*472*20200519~CAS*CO*45*112.49~REF*6R*CPZE8PLLDFEG~AMT*B6*65.81~LQ*HE*N381~CLP*000100035011*1*272.99*95.11*2*MC*2020164040071~NM1*QC*1*RIVERA*JANNETTE****MR*Y173829~NM1*82*1*SEARLES*DENISE*A***XX*1396971230~REF*EA*2888D47640794AFDB32FBED2C829B975~DTM*232*20200519~DTM*233*20200519~SVC*HC:99214*272.99*95.11**1~DTM*472*20200519~CAS*PR*3*2~CAS*CO*45*175.88~REF*6R*CPZEDH7EBUF6~AMT*B6*97.11~LQ*HE*N381~LQ*HE*N381~CLP*000100033566*1*272.99*97.11**MC*2020164040034~NM1*QC*1*SANDOVAL*JULIA*L***MR*K495017~NM1*82*1*HOOSHMAND-PARSI*KAYHOSROW****XX*1447291851~REF*EA*607D3D82F1E54BD1A24BE2DECC57C02E~DTM*232*20200421~DTM*233*20200421~SVC*HC:99214:25*272.99*97.11**1~DTM*472*20200421~CAS*CO*45*175.88~REF*6R*CPZENZ7H0V4W~AMT*B6*97.11~LQ*HE*N381~CLP*000100033566*1*15*8.42**MC*2020164040036~NM1*QC*1*SANDOVAL*JULIA*L***MR*K495017~NM1*82*1*HOOSHMAND-PARSI*KAYHOSROW****XX*1447291851~REF*EA*DF9CBF19042E4AC287066667ED72147F~DTM*232*20200421~DTM*233*20200421~SVC*HC:81025*15*8.42**1~DTM*472*20200421~CAS*CO*45*6.58~REF*6R*CPZEPGTDHZU2~AMT*B6*8.42~LQ*HE*N381~CLP*000100034797*1*178.3*65.81**MC*2020164040014~NM1*QC*1*SEGURA*MARK****MR*I900499~NM1*82*1*SEARLES*DENISE*A***XX*1396971230~REF*EA*CD959FBA1C0F41E79CAA964346FE836D~DTM*232*20200515~DTM*233*20200515~SVC*HC:99213*178.3*65.81**1~DTM*472*20200515~CAS*CO*45*112.49~REF*6R*CPZEDBOO06VI~AMT*B6*65.81~LQ*HE*N381~CLP*000100035082*1*178.3*65.81**MC*2020164040062~NM1*QC*1*SIGOURNEY*BRIAN*R***MR*V270102~NM1*82*1*GRONEMEYER*LEANNE*R***XX*1659521045~REF*EA*7126688A3DD141E4B3E8A256DE69B6E7~DTM*232*20200520~DTM*233*20200520~SVC*HC:99213*178.3*65.81**1~DTM*472*20200520~CAS*CO*45*112.49~REF*6R*CPZEGXJGU9FN~AMT*B6*65.81~LQ*HE*N381~CLP*000100034470*1*437.77*109.71**MC*2020164039970~NM1*QC*1*TABARES*ANGELA****MR*V900344~NM1*82*1*SANCHEZ*LEANN*V***XX*1508990961~REF*EA*75B362E3CBDF41CFB95BBB64A5E8C6A5~DTM*232*20200508~DTM*233*20200508~SVC*HC:90791*437.77*109.71**1~DTM*472*20200508~CAS*CO*45*328.06~REF*6R*CPZEZTQMMQHA~AMT*B6*109.71~LQ*HE*N381~CLP*000100034965*1*178.3*65.81**MC*2020164039995~NM1*QC*1*THOMPSON*BRENDA****MR*P195366~NM1*82*1*SEARLES*DENISE*A***XX*1396971230~REF*EA*A2CB324971A2494C97EB3DA253E18BFB~DTM*232*20200519~DTM*233*20200519~SVC*HC:99213*178.3*65.81**1~DTM*472*20200519~CAS*CO*45*112.49~REF*6R*CPZEC9IV3K0K~AMT*B6*65.81~LQ*HE*N381~CLP*000100035104*1*178.3*65.81**MC*2020164040058~NM1*QC*1*TUCKER*JUDY*L***MR*W894116~NM1*82*1*GRONEMEYER*LEANNE*R***XX*1659521045~REF*EA*88F87B08AD34459BA1018EC5B9E0A809~DTM*232*20200521~DTM*233*20200521~SVC*HC:99213*178.3*65.81**1~DTM*472*20200521~CAS*CO*45*112.49~REF*6R*CPZEHJ6G4BO7~AMT*B6*65.81~LQ*HE*N381~CLP*000100035674*1*178.3*65.81**MC*2020164040001~NM1*QC*1*VELARDE*JUSTIN****MR*Y451369~NM1*82*1*SEARLES*DENISE*A***XX*1396971230~REF*EA*FC8C21C443114CDEBC8ABFFB940BC95C~DTM*232*20200602~DTM*233*20200602~SVC*HC:99213*178.3*65.81**1~DTM*472*20200602~CAS*CO*45*112.49~REF*6R*CPZEJVKILR5D~AMT*B6*65.81~LQ*HE*N381~CLP*000100035094*1*178.3*65.81**MC*2020164040006~NM1*QC*1*VIGIL*JULIE*M***MR*D989489~NM1*82*1*GRONEMEYER*LEANNE*R***XX*1659521045~REF*EA*552BB5AE130D498C899D0FE652232EFE~DTM*232*20200520~DTM*233*20200520~SVC*HC:99213*178.3*65.81**1~DTM*472*20200520~CAS*CO*45*112.49~REF*6R*CPZEC3MTEF5Q~AMT*B6*65.81~LQ*HE*N381~CLP*000100035667*1*178.3*63.81*2*MC*2020164040021~NM1*QC*1*VIGIL*ROBERT*L***MR*K682507~NM1*82*1*CADDALI*ESTRELLA*A***XX*1164974580~REF*EA*F461BF25713D47449FAB3AD0E69602EE~DTM*232*20200602~DTM*233*20200602~SVC*HC:99213*178.3*63.81**1~DTM*472*20200602~CAS*PR*3*2~CAS*CO*45*112.49~REF*6R*CPZELU6I5MDT~AMT*B6*65.81~LQ*HE*N381~LQ*HE*N381~CLP*000100034590*1*217.66*55.35**MC*2020164040116~NM1*QC*1*WYATT*SERENITY*L***MR*P779049~NM1*82*1*SANCHEZ*LEANN*V***XX*1508990961~REF*EA*8480657008DC4857B8AD424E89DCC71C~DTM*232*20200512~DTM*233*20200512~SVC*HC:90832*217.66*55.35**1~DTM*472*20200512~CAS*CO*45*162.31~REF*6R*CPZETQGRVCXD~AMT*B6*55.35~LQ*HE*N381~CLP*000100034374*1*178.3*65.81**MC*2020164040150~NM1*QC*1*YENGICH*CARA*A***MR*O767371~NM1*82*1*ROBERTS*BRAD*A***XX*1538435698~REF*EA*C2ED1EAD01494F3EB938E20EB7AB504C~DTM*232*20200507~DTM*233*20200507~SVC*HC:99213*178.3*65.81**1~DTM*472*20200507~CAS*CO*45*112.49~REF*6R*CPZEQS2Y39QH~AMT*B6*65.81~LQ*HE*N381~CLP*000100032876*1*178.3*65.81**MC*2020164040153~NM1*QC*1*YENGICH*CARA*A***MR*O767371~NM1*82*1*ROBERTS*BRAD*A***XX*1538435698~REF*EA*A9A94B96330649B2A6577A9980E90704~DTM*232*20200407~DTM*233*20200407~SVC*HC:99213*178.3*65.81**1~DTM*472*20200407~CAS*CO*45*112.49~REF*6R*CPZEDZI93HBH~AMT*B6*65.81~LQ*HE*N381~CLP*000100035643*1*217.66*55.35**MC*2020164040154~NM1*QC*1*YENGICH*CARA*A***MR*O767371~NM1*82*1*SANCHEZ*LEANN*V***XX*1508990961~REF*EA*3567646FF19D47D591777AD7BCD2694B~DTM*232*20200602~DTM*233*20200602~SVC*HC:90832*217.66*55.35**1~DTM*472*20200602~CAS*CO*45*162.31~REF*6R*CPZECY0S8B5J~AMT*B6*55.35~LQ*HE*N381~CLP*000100035631*1*178.3*65.81**MC*2020164040156~NM1*QC*1*YENGICH*CARA*A***MR*O767371~NM1*82*1*ROBERTS*BRAD*A***XX*1538435698~REF*EA*641A93B9F8E74304AC9943F15C1B5FA8~DTM*232*20200602~DTM*233*20200602~SVC*HC:99213*178.3*65.81**1~DTM*472*20200602~CAS*CO*45*112.49~REF*6R*CPZEYV8SGBLB~AMT*B6*65.81~LQ*HE*N381~CLP*000100034908*1*178.3*63.81*2*MC*2020164040024~NM1*QC*1*ARMSTRONG YOUNGBLOOD*CASSIDY****MR*Y096253~NM1*74*1*YOUNGBLOOD**R~NM1*82*1*HOOSHMAND-PARSI*KAYHOSROW****XX*1447291851~REF*EA*4602F2DAAC934958B379781E78BC82E4~DTM*232*20200518~DTM*233*20200518~SVC*HC:99213*178.3*63.81**1~DTM*472*20200518~CAS*PR*3*2~CAS*CO*45*112.49~REF*6R*CPZEV6J4FZPL~AMT*B6*65.81~LQ*HE*N381~LQ*HE*N381~CLP*000100035035*1*178.3*65.81**MC*2020164040136~NM1*QC*1*ZUPANCIC*CARLOS*A***MR*K226313~NM1*82*1*SEARLES*DENISE*A***XX*1396971230~REF*EA*51F77F94113B4A44830588657D6D123B~DTM*232*20200520~DTM*233*20200520~SVC*HC:99213*178.3*65.81**1~DTM*472*20200520~CAS*CO*45*112.49~REF*6R*CPZEWISMDC8L~AMT*B6*65.81~LQ*HE*N381~CLP*000100029746*4*142.64*0**MC*2020164040149~NM1*QC*1*AHRING*GAGE*R***MR*P911955~NM1*82*1*SANCHEZ*LEANN*V***XX*1508990961~REF*EA*D8ACFEA7CC18474BA02ADA47613F108D~DTM*232*20200211~DTM*233*20200211~SVC*HC:H0006:HE:HF*142.64*0**0**2~DTM*472*20200211~CAS*CO*109*142.64~REF*6R*CPZEQ3VHIBWW~LQ*HE*N293~LQ*HE*N381~CLP*000100034885*4*436.54*0**MC*2020164039946~NM1*QC*1*BROWN*SAMANTHA*L***MR*U792619~NM1*82*1*LEWIS*HOLLY*G***XX*1295234128~REF*EA*40210E12DE984F978D48387288202C7E~DTM*232*20200518~DTM*233*20200518~SVC*HC:90837*436.54*0**0**1~DTM*472*20200518~CAS*PI*119*436.54~REF*6R*CPZEM8RC0VDR~LQ*HE*N381~CLP*000100034151*4*436.54*0**MC*2020164039948~NM1*QC*1*BROWN*SAMANTHA*L***MR*U792619~NM1*82*1*LEWIS*HOLLY*G***XX*1295234128~REF*EA*D7431A1256734B56A62D82CE140765A9~DTM*232*20200504~DTM*233*20200504~SVC*HC:90837*436.54*0**0**1~DTM*472*20200504~CAS*PI*119*436.54~REF*6R*CPZELFUHNFD9~LQ*HE*N381~CLP*000100034531*4*436.54*0**MC*2020164039950~NM1*QC*1*BROWN*SAMANTHA*L***MR*U792619~NM1*82*1*LEWIS*HOLLY*G***XX*1295234128~REF*EA*6014F95B822F47339400579BFDEFDE9D~DTM*232*20200511~DTM*233*20200511~SVC*HC:90837*436.54*0**0**1~DTM*472*20200511~CAS*PI*119*436.54~REF*6R*CPZENO1ECYYT~LQ*HE*N381~CLP*000100030563*4*88.54*0**MC*2020164040124~NM1*QC*1*JOHNSON*GRANT*O***MR*P126521~NM1*82*2*HEALTH SOLUTIONS*****XX*1033165527~REF*EA*F71AFB34CABB48BA827451E70008A811~DTM*232*20200206~DTM*233*20200206~SVC*HC:H0002*88.54*0**0**1~DTM*472*20200206~CAS*PI*185*88.54~REF*6R*CPZEFYX53SZA~LQ*HE*N293~LQ*HE*N290~LQ*HE*N198~CLP*000100034628*4*536.63*0**MC*2020164040016~NM1*QC*1*WARREN*DARRYL*D***MR*L222642~NM1*82*1*SEARLES*DENISE*A***XX*1396971230~REF*EA*737FBA55BB62473CB4B3DE257DF5D68F~DTM*232*20200512~DTM*233*20200512~SVC*HC:99201:25*93.46*0**0**1~DTM*472*20200512~CAS*CO*109*93.46~REF*6R*CPZEIXES3WRL~LQ*HE*N381~SVC*HC:H0049*403.17*0**0**1~DTM*472*20200512~CAS*CO*109*403.17~REF*6R*CPZE16BHITED~LQ*HE*N381~SVC*HC:G8510*40*0**0**1~DTM*472*20200512~CAS*CO*109*40~REF*6R*CPZEIIKYRDPR~LQ*HE*N381~SE*1112*000010012~GE*1*200025152~IEA*1*200025152~