ISA*00*          *00*          *ZZ*COMEDASSISTPROG*ZZ*6769489        *201130*0236*^*00501*300013215*0*P*:~GS*HP*COMEDASSISTPROG*6769489*20201130*023616*300013215*X*005010X221A1~ST*835*000010013~BPR*I*14497.53*C*ACH*CCP*01*075911603*DA*00000004556640373*1811725341**01*102106569*DA*2200002989138*20201130~TRN*1*001152450*1811725341~REF*EV*1508250911~DTM*405*20201127~N1*PR*CO_TXIX*XV*7912900843~N3*P.O. BOX 30~N4*DENVER*CO*80201~PER*CX*MEDICAID PROVIDER SERVICES*TE*8442352387~PER*BL*MEDICAID PROVIDER SERVICES*TE*8442352387~N1*PE*HEALTH SOLUTIONS MED CENTER*XX*1508250911~REF*TJ*841158933~LX*1~CLP*000100041778*2*587.88*34.97**MC*2020326013405~NM1*QC*1*BARNARD*DEBORAH****MR*O354989~NM1*82*1*WARE*SONDRA*E***XX*1386181444~REF*EA*715A37BD10F64BAFA2B5D360E9933371~DTM*232*20201006~DTM*233*20201006~SVC*HC:99204:25*450.07*28.68**1~DTM*472*20201006~CAS*CO*45*421.39~REF*6R*CPCQWRBNZWQB~AMT*B6*28.68~LQ*HE*N45~LQ*HE*N381~LQ*HE*N381~SVC*HC:G0444*30.75*0**1~DTM*472*20201006~CAS*CO*45*30.75~REF*6R*CPCQMMNSTDW2~SVC*HC:G0396*107.06*6.29**1~DTM*472*20201006~CAS*OA*P22*100.77~REF*6R*CPCQBK4JE1SH~AMT*B6*6.29~LQ*HE*MA125~LQ*HE*MA125~CLP*000100042216*2*178.3*12.69**MC*2020326013435~NM1*QC*1*COLLIER*COLE*T***MR*Y002360~NM1*82*1*CADDALI*ESTRELLA*A***XX*1164974580~REF*EA*BA76784D814741AFACA690C841CE2DB6~DTM*232*20201013~DTM*233*20201013~SVC*HC:99213*178.3*12.69**1~DTM*472*20201013~CAS*CO*45*165.61~REF*6R*CPCQAS7X6P9O~AMT*B6*12.69~LQ*HE*N45~LQ*HE*N381~LQ*HE*N381~CLP*000100041816*2*272.99*13.74**MC*2020326013446~NM1*QC*1*GARCIA*PAMELA****MR*P170101~NM1*82*1*CADDALI*ESTRELLA*A***XX*1164974580~REF*EA*7AD3BDB2E83749E5835CDA95500249C0~DTM*232*20201006~DTM*233*20201006~SVC*HC:99214*272.99*13.74**1~DTM*472*20201006~CAS*CO*45*259.25~REF*6R*CPCQXN6277E5~AMT*B6*13.74~LQ*HE*N45~LQ*HE*N381~LQ*HE*N381~CLP*000100041700*2*523.93*62.54**MC*2020326013414~NM1*QC*1*HAWTHORNE*ROBERT*J***MR*Y719251~NM1*82*1*SEARLES*DENISE*A***XX*1396971230~REF*EA*CBE1CA5FD2E44709889D8F7F0C3D9528~DTM*232*20201002~DTM*233*20201002~SVC*HC:99215:25*386.12*25.5**1~DTM*472*20201002~CAS*CO*45*360.62~REF*6R*CPCQCB7LDZOT~AMT*B6*25.5~LQ*HE*N45~LQ*HE*N381~LQ*HE*N381~SVC*HC:G0444*30.75*30.75**1~DTM*472*20201002~REF*6R*CPCQEMETEOY1~AMT*B6*30.75~SVC*HC:G0396*107.06*6.29**1~DTM*472*20201002~CAS*OA*P22*100.77~REF*6R*CPCQU1P1IGYA~AMT*B6*6.29~LQ*HE*MA125~CLP*000100041945*2*410.8*25.29**MC*2020326013441~NM1*QC*1*JOHNSON*JAIME*M***MR*M613609~NM1*82*1*CADDALI*ESTRELLA*A***XX*1164974580~REF*EA*961D61F6D5644D82B2344246D9B43798~DTM*232*20201007~DTM*233*20201007~SVC*HC:99214:25:95*272.99*19**1~DTM*472*20201007~CAS*CO*45*253.99~REF*6R*CPCQNBSM00KZ~AMT*B6*19~LQ*HE*N45~LQ*HE*N381~LQ*HE*N381~SVC*HC:G0396:95*107.06*6.29**1~DTM*472*20201007~CAS*OA*P22*100.77~REF*6R*CPCQC55DNGF5~AMT*B6*6.29~LQ*HE*MA125~LQ*HE*MA125~SVC*HC:G0444:95*30.75*0**1~DTM*472*20201007~CAS*CO*45*30.75~REF*6R*CPCQKHZEHD9K~CLP*000100042472*2*272.99*16.17**MC*2020326013392~NM1*QC*1*MARRONE*JOHN*H***MR*G491256~NM1*82*1*TSAMBIKOS*RICHARD****XX*1467985713~REF*EA*3A23992D0282419189BCB5974AE5CEE7~DTM*232*20201016~DTM*233*20201016~SVC*HC:99214*272.99*16.17**1~DTM*472*20201016~CAS*CO*45*256.82~REF*6R*CPCQEMTXM0CI~AMT*B6*16.17~LQ*HE*N59~LQ*HE*N45~LQ*HE*N381~LQ*HE*N381~CLP*000100041980*2*226.35*8.86**MC*2020326013431~NM1*QC*1*MARTINEZ*DAVID*J***MR*D899225~NM1*82*1*HOOSHMAND-PARSI*KAYHOSROW****XX*1447291851~REF*EA*612B6490F3EE4041B5C278A16A366EF5~DTM*232*20201008~DTM*233*20201008~SVC*HC:99212:25*88.54*1.46**1~DTM*472*20201008~CAS*CO*45*87.08~REF*6R*CPCQT3WBG8R8~AMT*B6*1.46~LQ*HE*N45~LQ*HE*N381~LQ*HE*N381~SVC*HC:G0444*30.75*0**1~DTM*472*20201008~CAS*CO*45*30.75~REF*6R*CPCQQK81Q4QC~SVC*HC:G0396*107.06*7.4**1~DTM*472*20201008~CAS*OA*P22*99.66~REF*6R*CPCQNLGA3EMX~AMT*B6*7.4~LQ*HE*MA125~LQ*HE*MA125~CLP*000100041850*2*178.3*8.93**MC*2020326013383~NM1*QC*1*SANBORN*SARAH*G***MR*G820718~NM1*74*1*SANBORNHARDEN~NM1*82*1*CADDALI*ESTRELLA*A***XX*1164974580~REF*EA*2FB64481CBD44FECB82E17AC7AAF1A32~DTM*232*20201006~DTM*233*20201006~SVC*HC:99213*178.3*8.93**1~DTM*472*20201006~CAS*CO*45*169.37~REF*6R*CPCQ93QROB7I~AMT*B6*8.93~LQ*HE*N45~LQ*HE*N381~LQ*HE*N381~CLP*34526*2*178.3*13.11**MC*2220328001696~NM1*QC*1*SANDOVAL*IRENE****MR*H227209~DTM*232*20200511~DTM*233*20200511~SVC*HC:99213*178.3*13.11**1~DTM*472*20200511~CAS*CO*45*165.19~REF*HPI*1659521045~AMT*B6*13.11~LQ*HE*N381~LQ*HE*N381~CLP*000100043071*2*272.99*95.01**MC*2020331036830~NM1*QC*1*TRUJILLO*NAOMI*Y***MR*J092674~NM1*82*1*WARE*SONDRA*E***XX*1386181444~REF*EA*7DBE797A92A64A98926F91C006D0BD66~DTM*232*20201027~DTM*233*20201027~SVC*HC:99214*272.99*95.01**1~DTM*472*20201027~CAS*CO*45*177.98~REF*6R*CPDUZC4GNQ4A~AMT*B6*95.01~LQ*HE*N45~LQ*HE*N381~LQ*HE*N381~CLP*000100041796*2*178.3*8.93**MC*2020326013423~NM1*QC*1*TURNER*JOSHUA****MR*P492172~NM1*82*1*CADDALI*ESTRELLA*A***XX*1164974580~REF*EA*E7C5DCD223FC4BBCBDCE75688169EB3A~DTM*232*20201006~DTM*233*20201006~SVC*HC:99213*178.3*8.93**1~DTM*472*20201006~CAS*CO*45*169.37~REF*6R*CPCQTOX14LU8~AMT*B6*8.93~LQ*HE*N45~LQ*HE*N381~LQ*HE*N381~CLP*000100041701*2*404.65*55.85**MC*2020326013438~NM1*QC*1*VIGIL*ERNESTINE****MR*C810355~NM1*82*1*WARE*SONDRA*E***XX*1386181444~REF*EA*73BF94D133654B2C841BD384A695D1D4~DTM*232*20201002~DTM*233*20201002~SVC*HC:99203:25*266.84*18.81**1~DTM*472*20201002~CAS*CO*45*248.03~REF*6R*CPCQZEK5WCQE~AMT*B6*18.81~LQ*HE*N45~LQ*HE*N381~LQ*HE*N381~SVC*HC:G0444*30.75*30.75**1~DTM*472*20201002~REF*6R*CPCQDLWZIU9S~AMT*B6*30.75~SVC*HC:G0396*107.06*6.29**1~DTM*472*20201002~CAS*OA*P22*100.77~REF*6R*CPCQW01TMCJZ~AMT*B6*6.29~LQ*HE*MA125~CLP*000100042493*2*178.3*8.93**MC*2020326013447~NM1*QC*1*WAGNER*DOROTHY*J***MR*P790476~NM1*82*1*CADDALI*ESTRELLA*A***XX*1164974580~REF*EA*FCB6E02AFC2C4B26B5DFA63C10527FF9~DTM*232*20201016~DTM*233*20201016~SVC*HC:99213*178.3*8.93**1~DTM*472*20201016~CAS*CO*45*169.37~REF*6R*CPCQDCDYF3L4~AMT*B6*8.93~LQ*HE*N45~LQ*HE*N381~LQ*HE*N381~CLP*000100041960*2*272.99*19**MC*2020326013424~NM1*QC*1*ZARATE*JOHN****MR*I805862~NM1*82*1*CADDALI*ESTRELLA*A***XX*1164974580~REF*EA*6A5EE7B295044E4B9C0D8D53E2D338EC~DTM*232*20201008~DTM*233*20201008~SVC*HC:99214:95*272.99*19**1~DTM*472*20201008~CAS*CO*45*253.99~REF*6R*CPCQ5ZSCO7P5~AMT*B6*19~LQ*HE*N45~LQ*HE*N381~LQ*HE*N381~CLP*000100040191*1*15*8.34**MC*2020332021041~NM1*QC*1*ARAGON*JAMIE*J***MR*P585812~NM1*82*1*GRONEMEYER*LEANNE*R***XX*1659521045~REF*EA*1E61ACAC61CC4CB191BD650202647E0C~DTM*232*20200908~DTM*233*20200908~SVC*HC:81025*15*8.34**1~DTM*472*20200908~CAS*CO*45*6.66~REF*6R*CPE61LFYM49L~AMT*B6*8.34~LQ*HE*N77~LQ*HE*N381~CLP*000100040562*1*15*8.34**MC*2020332021042~NM1*QC*1*ARAGON*JAMIE*J***MR*P585812~NM1*82*1*GRONEMEYER*LEANNE*R***XX*1659521045~REF*EA*04603FE6B1124FF5AD7E7045EFFC3DE4~DTM*232*20200915~DTM*233*20200915~SVC*HC:81025*15*8.34**1~DTM*472*20200915~CAS*CO*45*6.66~REF*6R*CPE6C2DFRCDR~AMT*B6*8.34~LQ*HE*N77~LQ*HE*N381~CLP*000100038933*1*15*8.34**MC*2020332021043~NM1*QC*1*ARAGON*JAMIE*J***MR*P585812~NM1*82*1*GRONEMEYER*LEANNE*R***XX*1659521045~REF*EA*771E23F79FAE48F4B3D1BE3CB1989BB7~DTM*232*20200811~DTM*233*20200811~SVC*HC:81025*15*8.34**1~DTM*472*20200811~CAS*CO*45*6.66~REF*6R*CPE6EG4F4ZOZ~AMT*B6*8.34~LQ*HE*N77~LQ*HE*N381~CLP*000100043457*1*178.3*65.15**MC*2020332021159~NM1*QC*1*ARAGON*LISA*A***MR*I950981~NM1*82*1*CADDALI*ESTRELLA*A***XX*1164974580~REF*EA*D11427A4E9BD47CDBCC084DCCA30886D~DTM*232*20201103~DTM*233*20201103~SVC*HC:99213*178.3*65.15**1~DTM*472*20201103~CAS*CO*45*113.15~REF*6R*CPEACXP8L34Y~AMT*B6*65.15~LQ*HE*N45~LQ*HE*N381~CLP*000100043414*1*217.66*54.8**MC*2020332020962~NM1*QC*1*ARRIAGA*KARI*E***MR*K928389~NM1*82*1*LEWIS*HOLLY*G***XX*1295234128~REF*EA*AE36FAA339EA4FEB948DEB58622AE439~DTM*232*20201103~DTM*233*20201103~SVC*HC:90832*217.66*54.8**1~DTM*472*20201103~CAS*CO*45*162.86~REF*6R*CPEAZJJNGE3M~AMT*B6*54.8~LQ*HE*N381~CLP*000100043401*1*655.93*235.29**MC*2020332021081~NM1*QC*1*ARRIAGA*KARI*E***MR*K928389~NM1*82*1*WARE*SONDRA*E***XX*1386181444~REF*EA*C4B7CDBB96F642D7BE974FDE355F7016~DTM*232*20201103~DTM*233*20201103~SVC*HC:99204:25*450.07*148.09**1~DTM*472*20201103~CAS*CO*45*301.98~REF*6R*CPEAVV94V1L1~AMT*B6*148.09~LQ*HE*N45~LQ*HE*N381~SVC*HC:90471*53.53*19.27**1~DTM*472*20201103~CAS*CO*45*34.26~REF*6R*CPEAFIX4WIZK~AMT*B6*19.27~LQ*HE*N45~LQ*HE*N381~SVC*HC:90756*35*20.31**1~DTM*472*20201103~CAS*CO*45*14.69~REF*6R*CPEAIAK2PXYD~AMT*B6*20.31~LQ*HE*N381~SVC*HC:H0049*50*10.81**1~DTM*472*20201103~CAS*CO*45*39.19~REF*6R*CPEA3XXTX00Q~AMT*B6*10.81~LQ*HE*N381~SVC*HC:G8431*40*30.21**1~DTM*472*20201103~CAS*CO*45*9.79~REF*6R*CPEAQ89MQB7C~AMT*B6*30.21~LQ*HE*N45~LQ*HE*N381~SVC*HC:86580*27.33*6.6**1~DTM*472*20201103~CAS*CO*45*20.73~REF*6R*CPEA8URM6QNI~AMT*B6*6.6~LQ*HE*N381~CLP*000100041939*1*4*3.37**MC*2020332021092~NM1*QC*1*AUGUSTINE*BRIAN*C***MR*O105761~NM1*82*1*GRONEMEYER*LEANNE*R***XX*1659521045~REF*EA*4F7CDEB612D14EA487842DEC6A7FFC9D~DTM*232*20201007~DTM*233*20201007~SVC*HC:81002*4*3.37**1~DTM*472*20201007~CAS*CO*45*.63~REF*6R*CPE6XIC7D6L8~AMT*B6*3.37~LQ*HE*N59~LQ*HE*N381~CLP*000100040211*1*15*8.34**MC*2020332021164~NM1*QC*1*AVILA*SHANNA****MR*K598901~NM1*82*1*GRONEMEYER*LEANNE*R***XX*1659521045~REF*EA*CBF423EBDCF343F28C699858DB0FF7C7~DTM*232*20200908~DTM*233*20200908~SVC*HC:81025*15*8.34**1~DTM*472*20200908~CAS*CO*45*6.66~REF*6R*CPE6GKZP6AI8~AMT*B6*8.34~LQ*HE*N77~LQ*HE*N381~CLP*000100042663*1*15*8.34**MC*2020332021165~NM1*QC*1*AVILA*SHANNA****MR*K598901~NM1*82*1*GRONEMEYER*LEANNE*R***XX*1659521045~REF*EA*83784AC30DFA461EA34ABC4426D7E76A~DTM*232*20201020~DTM*233*20201020~SVC*HC:81025*15*8.34**1~DTM*472*20201020~CAS*CO*45*6.66~REF*6R*CPE6ZKB6HU6K~AMT*B6*8.34~LQ*HE*N77~LQ*HE*N381~CLP*000100038924*1*15*7.34*1*MC*2020332021167~NM1*QC*1*AVILA*SHANNA****MR*K598901~NM1*82*1*GRONEMEYER*LEANNE*R***XX*1659521045~REF*EA*7D41915AD94F4E42B2644C329EBEEA61~DTM*232*20200811~DTM*233*20200811~SVC*HC:81025*15*7.34**1~DTM*472*20200811~CAS*PR*3*1~CAS*CO*45*6.66~REF*6R*CPE60UL2URN2~AMT*B6*8.34~LQ*HE*N77~LQ*HE*N381~LQ*HE*N381~CLP*000100044360*1*15*8.34**MC*2020332021168~NM1*QC*1*AVILA*SHANNA****MR*K598901~NM1*82*1*GRONEMEYER*LEANNE*R***XX*1659521045~REF*EA*140F8879E82E4B57AC4E022A3A43ED52~DTM*232*20201117~DTM*233*20201117~SVC*HC:81025*15*8.34**1~DTM*472*20201117~CAS*CO*45*6.66~REF*6R*CPE6S65Z9G26~AMT*B6*8.34~LQ*HE*N77~LQ*HE*N381~CLP*000100043892*1*15*8.34**MC*2020332021169~NM1*QC*1*AVILA*SHANNA****MR*K598901~NM1*82*1*GRONEMEYER*LEANNE*R***XX*1659521045~REF*EA*CD786BBCB0E84D80BE4622DE8D5DD084~DTM*232*20201110~DTM*233*20201110~SVC*HC:81025*15*8.34**1~DTM*472*20201110~CAS*CO*45*6.66~REF*6R*CPE6POLQ2ZJZ~AMT*B6*8.34~LQ*HE*N77~LQ*HE*N381~CLP*000100041436*1*15*8.34**MC*2020332021170~NM1*QC*1*AVILA*SHANNA****MR*K598901~NM1*82*1*GRONEMEYER*LEANNE*R***XX*1659521045~REF*EA*1AC098FB30ED4F628C335CAAF3146519~DTM*232*20200929~DTM*233*20200929~SVC*HC:81025*15*8.34**1~DTM*472*20200929~CAS*CO*45*6.66~REF*6R*CPE6OY72KSAZ~AMT*B6*8.34~LQ*HE*N77~LQ*HE*N381~CLP*000100043397*1*178.3*65.15**MC*2020332021267~NM1*QC*1*BACA*RUBEN*A***MR*Y047437~NM1*82*1*CADDALI*ESTRELLA*A***XX*1164974580~REF*EA*01161BB82CC344169C73DE7F96355FF3~DTM*232*20201103~DTM*233*20201103~SVC*HC:99213*178.3*65.15**1~DTM*472*20201103~CAS*CO*45*113.15~REF*6R*CPEAQD8RVONV~AMT*B6*65.15~LQ*HE*N45~LQ*HE*N381~CLP*000100041613*1*4*3.37**MC*2020332021147~NM1*QC*1*BEDNAREK*ASHLEY*D***MR*H319550~NM1*82*1*TSAMBIKOS*RICHARD****XX*1467985713~REF*EA*4E5176D0A938474AA34F1F541490F24E~DTM*232*20201001~DTM*233*20201001~SVC*HC:81002*4*3.37**1~DTM*472*20201001~CAS*CO*45*.63~REF*6R*CPE645S4KK8K~AMT*B6*3.37~LQ*HE*N59~LQ*HE*N381~CLP*000100042746*1*447.56*162.3*2*MC*2020332021218~NM1*QC*1*BENAVIDEZ*KHRISTEN*D***MR*Y418586~NM1*82*1*TSAMBIKOS*RICHARD****XX*1467985713~REF*EA*06FD34E4A3FF4E0A8EA903AE048470C6~DTM*232*20201021~DTM*233*20201021~SVC*HC:99214:25*272.99*94.14**1~DTM*472*20201021~CAS*PR*3*2~CAS*CO*45*176.85~REF*6R*CPEANMSDL0SR~AMT*B6*96.14~LQ*HE*N45~LQ*HE*N381~LQ*HE*N381~SVC*HC:98926*46.07*19.6**1~DTM*472*20201021~CAS*CO*45*26.47~REF*6R*CPEANY9WD9U5~AMT*B6*19.6~LQ*HE*N381~SVC*HC:20552*125*47.27**1~DTM*472*20201021~CAS*CO*45*77.73~REF*6R*CPEACUZC20QD~AMT*B6*47.27~LQ*HE*N381~LQ*HE*N381~SVC*HC:J3301*3.5*1.29**1~DTM*472*20201021~CAS*CO*45*2.21~REF*6R*CPEAJ1WIXTG1~AMT*B6*1.29~LQ*HE*N381~CLP*000100041384*1*15*7.34*1*MC*2020332021028~NM1*QC*1*BERRY*JENNIFER****MR*O283085~NM1*82*1*GRONEMEYER*LEANNE*R***XX*1659521045~REF*EA*ADA948DA18A447D4974693136A73EA7D~DTM*232*20200929~DTM*233*20200929~SVC*HC:81025*15*7.34**1~DTM*472*20200929~CAS*PR*3*1~CAS*CO*45*6.66~REF*6R*CPE6OQKO9EBN~AMT*B6*8.34~LQ*HE*N77~LQ*HE*N381~LQ*HE*N381~CLP*000100040248*1*15*7.34*1*MC*2020332021030~NM1*QC*1*BERRY*JENNIFER****MR*O283085~NM1*82*1*GRONEMEYER*LEANNE*R***XX*1659521045~REF*EA*3526D7191FAB4333B2F3F78046C8AD4E~DTM*232*20200908~DTM*233*20200908~SVC*HC:81025*15*7.34**1~DTM*472*20200908~CAS*PR*3*1~CAS*CO*45*6.66~REF*6R*CPE6K4L9C6WW~AMT*B6*8.34~LQ*HE*N77~LQ*HE*N381~LQ*HE*N381~CLP*000100039670*1*15*7.34*1*MC*2020332021031~NM1*QC*1*BERRY*JENNIFER****MR*O283085~NM1*82*1*GRONEMEYER*LEANNE*R***XX*1659521045~REF*EA*173C8464552E4F3CA101F3141514C2B0~DTM*232*20200825~DTM*233*20200825~SVC*HC:81025*15*7.34**1~DTM*472*20200825~CAS*PR*3*1~CAS*CO*45*6.66~REF*6R*CPE6H1WUL4XG~AMT*B6*8.34~LQ*HE*N77~LQ*HE*N381~LQ*HE*N381~CLP*000100038907*1*15*7.34*1*MC*2020332021033~NM1*QC*1*BERRY*JENNIFER****MR*O283085~NM1*82*1*GRONEMEYER*LEANNE*R***XX*1659521045~REF*EA*FAFBE74E72114D24838A4456819BF34C~DTM*232*20200811~DTM*233*20200811~SVC*HC:81025*15*7.34**1~DTM*472*20200811~CAS*PR*3*1~CAS*CO*45*6.66~REF*6R*CPE6PKDX44Y9~AMT*B6*8.34~LQ*HE*N77~LQ*HE*N381~LQ*HE*N381~CLP*000100039326*1*15*7.34*1*MC*2020332021034~NM1*QC*1*BERRY*JENNIFER****MR*O283085~NM1*82*1*GRONEMEYER*LEANNE*R***XX*1659521045~REF*EA*50513FB9BF0A427482706074A77EBB08~DTM*232*20200818~DTM*233*20200818~SVC*HC:81025*15*7.34**1~DTM*472*20200818~CAS*PR*3*1~CAS*CO*45*6.66~REF*6R*CPE64X6SUIKP~AMT*B6*8.34~LQ*HE*N77~LQ*HE*N381~LQ*HE*N381~CLP*000100043058*1*15*8.34**MC*2020332021045~NM1*QC*1*BOULIER*JEWEL*R***MR*W913486~NM1*82*1*SEARLES*DENISE*A***XX*1396971230~REF*EA*2179A9B60C604CC9816DCEEE0A66725F~DTM*232*20201027~DTM*233*20201027~SVC*HC:81025*15*8.34**1~DTM*472*20201027~CAS*CO*45*6.66~REF*6R*CPE6F8XHDR0T~AMT*B6*8.34~LQ*HE*N59~LQ*HE*N381~CLP*000100041693*1*15*8.34**MC*2020332021047~NM1*QC*1*BOULIER*JEWEL*R***MR*W913486~NM1*82*1*SEARLES*DENISE*A***XX*1396971230~REF*EA*2C712CE58611403988DD61612ADBAF55~DTM*232*20201002~DTM*233*20201002~SVC*HC:81025*15*8.34**1~DTM*472*20201002~CAS*CO*45*6.66~REF*6R*CPE6KJKAMZ5W~AMT*B6*8.34~LQ*HE*N59~LQ*HE*N381~CLP*000100042087*1*15*8.34**MC*2020332021048~NM1*QC*1*BOULIER*JEWEL*R***MR*W913486~NM1*82*1*SEARLES*DENISE*A***XX*1396971230~REF*EA*FE2E1B9E16EE4CDEBABB0B271414A7A6~DTM*232*20201009~DTM*233*20201009~SVC*HC:81025*15*8.34**1~DTM*472*20201009~CAS*CO*45*6.66~REF*6R*CPE6X8A1JFLN~AMT*B6*8.34~LQ*HE*N59~LQ*HE*N381~CLP*000100043491*1*437.77*108.61**MC*2020332020955~NM1*QC*1*BURKS*PATRICE*L***MR*R582437~NM1*82*1*LEWIS*HOLLY*G***XX*1295234128~REF*EA*59DB769F43884F75859548D992D5CDD1~DTM*232*20201104~DTM*233*20201104~SVC*HC:90791*437.77*108.61**1~DTM*472*20201104~CAS*CO*45*329.16~REF*6R*CPEA9QL1KRKZ~AMT*B6*108.61~LQ*HE*N381~CLP*000100043209*1*266.83*102.73*2*MC*2020332021044~NM1*QC*1*BURKS*PATRICE*L***MR*R582437~NM1*82*1*CADDALI*ESTRELLA*A***XX*1164974580~REF*EA*FDB38B75FE45418DB6DED4B8EFAF97C2~DTM*232*20201029~DTM*233*20201029~SVC*HC:99213:25*178.3*63.15**1~DTM*472*20201029~CAS*PR*3*2~CAS*CO*45*113.15~REF*6R*CPEACFGONIZ3~AMT*B6*65.15~LQ*HE*N45~LQ*HE*N381~LQ*HE*N381~SVC*HC:90471*53.53*19.27**1~DTM*472*20201029~CAS*CO*45*34.26~REF*6R*CPEAQF2J6YR6~AMT*B6*19.27~LQ*HE*N45~LQ*HE*N381~SVC*HC:90756*35*20.31**1~DTM*472*20201029~CAS*CO*45*14.69~REF*6R*CPEAF8Z0Z02Y~AMT*B6*20.31~LQ*HE*N381~CLP*000100041154*1*3.3*2.97**MC*2020332021253~NM1*QC*1*CASIAS*ROGER****MR*G275336~NM1*82*1*GRONEMEYER*LEANNE*R***XX*1659521045~REF*EA*CA190AC636AE4838B137A4E910E4B262~DTM*232*20200924~DTM*233*20200924~SVC*HC:36415*3.3*2.97**1~DTM*472*20200924~CAS*CO*45*.33~REF*6R*CPE6YV063M96~AMT*B6*2.97~LQ*HE*N59~LQ*HE*N45~LQ*HE*N381~CLP*000100041103*1*90*41.02**MC*2020332021255~NM1*QC*1*CASIAS*ROGER****MR*G275336~NM1*82*1*GRONEMEYER*LEANNE*R***XX*1659521045~REF*EA*511321A727164A0C9BF46F628144429E~DTM*232*20200923~DTM*233*20200923~SVC*HC:G8431*40*30.21**1~DTM*472*20200923~CAS*CO*45*9.79~REF*6R*CPE6LP0RORUY~AMT*B6*30.21~LQ*HE*N77~LQ*HE*N45~LQ*HE*N381~SVC*HC:H0049*50*10.81**1~DTM*472*20200923~CAS*CO*45*39.19~REF*6R*CPE6TR07N3PN~AMT*B6*10.81~LQ*HE*N77~LQ*HE*N381~CLP*000100043887*1*3.3*2.97**MC*2020332021066~NM1*QC*1*CERVO*LISA*A***MR*Q038811~NM1*82*1*GRONEMEYER*LEANNE*R***XX*1659521045~REF*EA*D9E11DBB9EBC4BABB534E477D5A89900~DTM*232*20201110~DTM*233*20201110~SVC*HC:36415*3.3*2.97**1~DTM*472*20201110~CAS*CO*45*.33~REF*6R*CPE68M6CTVHP~AMT*B6*2.97~LQ*HE*N77~LQ*HE*N45~LQ*HE*N381~CLP*000100043422*1*40*30.21**MC*2020332021067~NM1*QC*1*CERVO*LISA*A***MR*Q038811~NM1*82*1*GRONEMEYER*LEANNE*R***XX*1659521045~REF*EA*7AD17A3BD6F1477FBF79E537E86167B2~DTM*232*20201103~DTM*233*20201103~SVC*HC:G8431*40*30.21**1~DTM*472*20201103~CAS*CO*45*9.79~REF*6R*CPE6RI3H64HA~AMT*B6*30.21~LQ*HE*N77~LQ*HE*N45~LQ*HE*N381~CLP*000100043507*1*272.99*94.14*2*MC*2020332021116~NM1*QC*1*CHACON*ALISSA****MR*P951315~NM1*82*1*TSAMBIKOS*RICHARD****XX*1467985713~REF*EA*A01D37531D1E4F1592D694CD606F2380~DTM*232*20201104~DTM*233*20201104~SVC*HC:99214*272.99*94.14**1~DTM*472*20201104~CAS*PR*3*2~CAS*CO*45*176.85~REF*6R*CPEATSFJKAIU~AMT*B6*96.14~LQ*HE*N45~LQ*HE*N381~LQ*HE*N381~CLP*000100041934*1*290.21*70.54**MC*2020332021225~NM1*QC*1*CLAUSSEN*COREY****MR*Q548496~NM1*82*1*SANCHEZ*LEANN*V***XX*1508990961~REF*EA*A774B14F98C24427AC9E7CB1E170BEA0~DTM*232*20201007~DTM*233*20201007~SVC*HC:90834*290.21*70.54**1~DTM*472*20201007~CAS*CO*45*219.67~REF*6R*CPEAFJGC5QJK~AMT*B6*70.54~LQ*HE*N59~LQ*HE*N381~CLP*000100043240*1*272.99*96.14**MC*2020332021121~NM1*QC*1*COLEMAN*ZOEI*J***MR*P176370~NM1*82*1*GRONEMEYER*LEANNE*R***XX*1659521045~REF*EA*0D445A0F93114092929D950B9EA56EB0~DTM*232*20201029~DTM*233*20201029~SVC*HC:99214*272.99*96.14**1~DTM*472*20201029~CAS*CO*45*176.85~REF*6R*CPEAUO2TXSED~AMT*B6*96.14~LQ*HE*N45~LQ*HE*N381~CLP*000100042025*1*54.67*21.29**MC*2020332021258~NM1*QC*1*HIJAR CONVERSE*PATRICIA****MR*C886363~NM1*74*1*CONVERSE~NM1*82*1*HOOSHMAND-PARSI*KAYHOSROW****XX*1447291851~REF*EA*279F935E492A4051849C6AE83D65DFCE~DTM*232*20201008~DTM*233*20201008~SVC*HC:93000*54.67*21.29**1~DTM*472*20201008~CAS*CO*45*33.38~REF*6R*CPEA78FBF7OP~AMT*B6*21.29~LQ*HE*N381~CLP*000100043265*1*356.84*137.48**MC*2020332021122~NM1*QC*1*CRAGER*JACOB****MR*T540605~NM1*82*1*CADDALI*ESTRELLA*A***XX*1164974580~REF*EA*29791914430844258C6ADA0E57B331EF~DTM*232*20201030~DTM*233*20201030~SVC*HC:99203:25*266.84*96.46**1~DTM*472*20201030~CAS*CO*45*170.38~REF*6R*CPEAFTQHMEOP~AMT*B6*96.46~LQ*HE*N45~LQ*HE*N381~SVC*HC:H0049*50*10.81**1~DTM*472*20201030~CAS*CO*45*39.19~REF*6R*CPEAKZ66211K~AMT*B6*10.81~LQ*HE*N381~SVC*HC:G8431*40*30.21**1~DTM*472*20201030~CAS*CO*45*9.79~REF*6R*CPEA1BTXOLK0~AMT*B6*30.21~LQ*HE*N45~LQ*HE*N381~CLP*000100041807*1*15*8.34**MC*2020332021068~NM1*QC*1*CRUZ*MARIAH****MR*U875752~NM1*82*1*SEARLES*DENISE*A***XX*1396971230~REF*EA*6BEC6111440B406B958574213BB330BD~DTM*232*20201006~DTM*233*20201006~SVC*HC:81025*15*8.34**1~DTM*472*20201006~CAS*CO*45*6.66~REF*6R*CPE6WFUREZKZ~AMT*B6*8.34~LQ*HE*N59~LQ*HE*N381~CLP*000100042185*1*15*8.34**MC*2020332021072~NM1*QC*1*CRUZ*MARIAH****MR*U875752~NM1*82*1*HOOSHMAND-PARSI*KAYHOSROW****XX*1447291851~REF*EA*1C863F64181E407C86712D954683451A~DTM*232*20201013~DTM*233*20201013~SVC*HC:81025*15*8.34**1~DTM*472*20201013~CAS*CO*45*6.66~REF*6R*CPE6OEBIYM5J~AMT*B6*8.34~LQ*HE*N59~LQ*HE*N381~CLP*000100040991*1*4*2.37*1*MC*2020332021207~NM1*QC*1*CUCCIA*CONNIE****MR*G790954~NM1*82*1*GRONEMEYER*LEANNE*R***XX*1659521045~REF*EA*B6B60E6B3D544E02ACFE3F876B05DAEA~DTM*232*20200922~DTM*233*20200922~SVC*HC:81002*4*2.37**1~DTM*472*20200922~CAS*PR*3*1~CAS*CO*45*.63~REF*6R*CPE64GW4IPN7~AMT*B6*3.37~LQ*HE*N77~LQ*HE*N381~LQ*HE*N381~CLP*000100044365*1*4*3.37**MC*2020332021260~NM1*QC*1*DAY*DEAN****MR*T612537~NM1*82*1*GRONEMEYER*LEANNE*R***XX*1659521045~REF*EA*ACAF8FEBA66D42EFA9906CDDAEF479E5~DTM*232*20201117~DTM*233*20201117~SVC*HC:81002*4*3.37**1~DTM*472*20201117~CAS*CO*45*.63~REF*6R*CPE6DNU1EFS3~AMT*B6*3.37~LQ*HE*N77~LQ*HE*N381~CLP*000100043903*1*4*3.37**MC*2020332021261~NM1*QC*1*DAY*DEAN****MR*T612537~NM1*82*1*GRONEMEYER*LEANNE*R***XX*1659521045~REF*EA*3D8418EC0F8F43AE961460ABD82BCAFB~DTM*232*20201110~DTM*233*20201110~SVC*HC:81002*4*3.37**1~DTM*472*20201110~CAS*CO*45*.63~REF*6R*CPE6W8SLOOP0~AMT*B6*3.37~LQ*HE*N77~LQ*HE*N381~CLP*000100043450*1*4*3.37**MC*2020332021262~NM1*QC*1*DAY*DEAN****MR*T612537~NM1*82*1*GRONEMEYER*LEANNE*R***XX*1659521045~REF*EA*2C77172A809A41C293A1E58B5AFB2361~DTM*232*20201103~DTM*233*20201103~SVC*HC:81002*4*3.37**1~DTM*472*20201103~CAS*CO*45*.63~REF*6R*CPE6NWYVYACB~AMT*B6*3.37~LQ*HE*N77~LQ*HE*N381~CLP*000100043847*1*7.3*5.34*1*MC*2020332021151~NM1*QC*1*DAY*DUSTIN*E***MR*M608534~NM1*82*1*GRONEMEYER*LEANNE*R***XX*1659521045~REF*EA*B23DF5D02E2C4529B3C7D0A26BF3AE78~DTM*232*20201110~DTM*233*20201110~SVC*HC:36415*3.3*2.97**1~DTM*472*20201110~CAS*CO*45*.33~REF*6R*CPE6NRRYN7IB~AMT*B6*2.97~LQ*HE*N77~LQ*HE*N45~LQ*HE*N381~SVC*HC:81002*4*2.37**1~DTM*472*20201110~CAS*PR*3*1~CAS*CO*45*.63~REF*6R*CPE6Q5VT9JZF~AMT*B6*3.37~LQ*HE*N77~LQ*HE*N381~LQ*HE*N381~CLP*000100043068*1*557.14*144.26*2*MC*2020332021190~NM1*QC*1*DEVRIES*JORDAN****MR*Y354101~NM1*82*1*TSAMBIKOS*RICHARD****XX*1467985713~REF*EA*F92F9164B96748CCBD7AA18602E20010~DTM*232*20201027~DTM*233*20201027~SVC*HC:99395:25*288.14*104.74**1~DTM*472*20201027~CAS*PR*3*2~CAS*CO*45*181.4~REF*6R*CPEAOXUOFF5P~AMT*B6*106.74~LQ*HE*N45~LQ*HE*N381~LQ*HE*N381~SVC*HC:81002*4*3.37**1~DTM*472*20201027~CAS*CO*45*.63~REF*6R*CPEA1B4Y5DAO~AMT*B6*3.37~LQ*HE*N381~SVC*HC:81025*15*8.34**1~DTM*472*20201027~CAS*CO*45*6.66~REF*6R*CPEA4EDZK56Y~AMT*B6*8.34~LQ*HE*N381~SVC*HC:87590*35*0**0**1~DTM*472*20201027~CAS*PI*B7*35~REF*6R*CPEAAMJHI2UN~LQ*HE*MA120~LQ*HE*N381~SVC*HC:87490*35*0**0**1~DTM*472*20201027~CAS*PI*B7*35~REF*6R*CPEARALSNZ7G~LQ*HE*MA120~LQ*HE*N381~SVC*HC:87624*50*0**0**1~DTM*472*20201027~CAS*PI*B7*50~REF*6R*CPEASGF0CASH~LQ*HE*MA120~LQ*HE*N381~SVC*HC:88142*35*0**0**1~DTM*472*20201027~CAS*PI*4*35~REF*6R*CPEAPI7RQ93N~LQ*HE*N519~LQ*HE*N519~SVC*HC:58100*95*27.81**1~DTM*472*20201027~CAS*CO*45*67.19~REF*6R*CPEAZXCUDFQA~AMT*B6*27.81~LQ*HE*N381~LQ*HE*N381~CLP*000100041527*1*4*2.37*1*MC*2020332021245~NM1*QC*1*DIAZ*DOMINIC*M***MR*U857412~NM1*82*1*GRONEMEYER*LEANNE*R***XX*1659521045~REF*EA*A79ACC674B5848D582DF6EEDEF9B7CA6~DTM*232*20200930~DTM*233*20200930~SVC*HC:81002*4*2.37**1~DTM*472*20200930~CAS*PR*3*1~CAS*CO*45*.63~REF*6R*CPE6LACFPNCX~AMT*B6*3.37~LQ*HE*N59~LQ*HE*N381~LQ*HE*N381~CLP*000100041938*1*4*2.37*1*MC*2020332021246~NM1*QC*1*DIAZ*DOMINIC*M***MR*U857412~NM1*82*1*GRONEMEYER*LEANNE*R***XX*1659521045~REF*EA*12C4A7875DD141AB8EC168AC496B0D44~DTM*232*20201007~DTM*233*20201007~SVC*HC:81002*4*2.37**1~DTM*472*20201007~CAS*PR*3*1~CAS*CO*45*.63~REF*6R*CPE67D8MRTHI~AMT*B6*3.37~LQ*HE*N59~LQ*HE*N381~LQ*HE*N381~CLP*000100043481*1*178.3*63.15*2*MC*2020332020984~NM1*QC*1*DOMINGUEZ*MICHAEL****MR*Y391845~NM1*82*1*CADDALI*ESTRELLA*A***XX*1164974580~REF*EA*29512C611F6C4E56ACE7E89AD612E268~DTM*232*20201104~DTM*233*20201104~SVC*HC:99213*178.3*63.15**1~DTM*472*20201104~CAS*PR*3*2~CAS*CO*45*113.15~REF*6R*CPEA3USZLQ0P~AMT*B6*65.15~LQ*HE*N45~LQ*HE*N381~LQ*HE*N381~CLP*000100043427*1*4*3.37**MC*2020332021086~NM1*QC*1*DONOHUE*DENNIS****MR*I666454~NM1*82*1*GRONEMEYER*LEANNE*R***XX*1659521045~REF*EA*0271375B58A442959208EB4EDEF8359E~DTM*232*20201103~DTM*233*20201103~SVC*HC:81002*4*3.37**1~DTM*472*20201103~CAS*CO*45*.63~REF*6R*CPE67QVXT0GJ~AMT*B6*3.37~LQ*HE*N77~LQ*HE*N381~CLP*000100043900*1*4*3.37**MC*2020332021090~NM1*QC*1*DONOHUE*DENNIS****MR*I666454~NM1*82*1*GRONEMEYER*LEANNE*R***XX*1659521045~REF*EA*80107AABEF3447308CC7EBDEFA645104~DTM*232*20201110~DTM*233*20201110~SVC*HC:81002*4*3.37**1~DTM*472*20201110~CAS*CO*45*.63~REF*6R*CPE6Q86BSZMG~AMT*B6*3.37~LQ*HE*N77~LQ*HE*N381~CLP*000100042119*1*15*8.34**MC*2020332021005~NM1*QC*1*EHLERS*DESIREE*F***MR*P131523~NM1*82*1*HOOSHMAND-PARSI*KAYHOSROW****XX*1447291851~REF*EA*717B42E6D13F420B9AF67211DD3613EA~DTM*232*20201012~DTM*233*20201012~SVC*HC:81025*15*8.34**1~DTM*472*20201012~CAS*CO*45*6.66~REF*6R*CPE61E4VWGXN~AMT*B6*8.34~LQ*HE*N59~LQ*HE*N381~CLP*000100043354*1*178.3*65.15**MC*2020332021101~NM1*QC*1*ELLISON*CHASE*J***MR*G509814~NM1*82*1*GRONEMEYER*LEANNE*R***XX*1659521045~REF*EA*DA7FC25311384C98B6BA3A7A4FFE4A35~DTM*232*20201102~DTM*233*20201102~SVC*HC:99213*178.3*65.15**1~DTM*472*20201102~CAS*CO*45*113.15~REF*6R*CPEAR4DJD9AZ~AMT*B6*65.15~LQ*HE*N45~LQ*HE*N381~CLP*000100043384*1*15*8.34**MC*2020332021229~NM1*QC*1*ESPINOZA*BRITTANY*R***MR*K573276~NM1*82*1*HOOSHMAND-PARSI*KAYHOSROW****XX*1447291851~REF*EA*1C9ED946EFE6488280D98DA7D087D8BF~DTM*232*20201103~DTM*233*20201103~SVC*HC:81025*15*8.34**1~DTM*472*20201103~CAS*CO*45*6.66~REF*6R*CPEA5156MTUZ~AMT*B6*8.34~LQ*HE*N59~LQ*HE*N381~CLP*000100041909*1*4*3.37**MC*2020332021175~NM1*QC*1*FERRIS*JOSHUA*R***MR*U655766~NM1*82*1*GRONEMEYER*LEANNE*R***XX*1659521045~REF*EA*0C9A3B8D35F043C9A2C8065BDAA6E0FC~DTM*232*20201007~DTM*233*20201007~SVC*HC:81002*4*3.37**1~DTM*472*20201007~CAS*CO*45*.63~REF*6R*CPE66BB5DJIU~AMT*B6*3.37~LQ*HE*N59~LQ*HE*N381~CLP*000100041529*1*15*8.34**MC*2020332020974~NM1*QC*1*FIORINI*CHRISTENA*E***MR*Y109693~NM1*82*1*GRONEMEYER*LEANNE*R***XX*1659521045~REF*EA*EB85F2848AAA47EBA3CE772C242B13D5~DTM*232*20200930~DTM*233*20200930~SVC*HC:81025*15*8.34**1~DTM*472*20200930~CAS*CO*45*6.66~REF*6R*CPE6JY1V7XHD~AMT*B6*8.34~LQ*HE*N59~LQ*HE*N381~CLP*000100040977*1*15*8.34**MC*2020332020979~NM1*QC*1*FIORINI*CHRISTENA*E***MR*Y109693~NM1*82*1*GRONEMEYER*LEANNE*R***XX*1659521045~REF*EA*2DF3B3CEF7FF4BC295ECBCB3499C4E6B~DTM*232*20200922~DTM*233*20200922~SVC*HC:81025*15*8.34**1~DTM*472*20200922~CAS*CO*45*6.66~REF*6R*CPE65AWBG0CD~AMT*B6*8.34~LQ*HE*N59~LQ*HE*N381~CLP*000100043177*1*266.84*96.46**MC*2020332021240~NM1*QC*1*FREE WAY*RYLENN*A***MR*P812600~NM1*74*1*FREEWAY~NM1*82*1*WARE*SONDRA*E***XX*1386181444~REF*EA*07859203E46544C5A840E6B61A625A1D~DTM*232*20201029~DTM*233*20201029~SVC*HC:99203*266.84*96.46**1~DTM*472*20201029~CAS*CO*45*170.38~REF*6R*CPEA26ECQ5CT~AMT*B6*96.46~LQ*HE*N45~LQ*HE*N381~CLP*000100043364*1*247.14*95.5**MC*2020332021217~NM1*QC*1*GALLEGOS*LUCAS****MR*O358388~NM1*82*1*GRONEMEYER*LEANNE*R***XX*1659521045~REF*EA*BBCF46EB26884F6EB75FA6E1F470F175~DTM*232*20201102~DTM*233*20201102~SVC*HC:99393*247.14*95.5**1~DTM*472*20201102~CAS*CO*45*151.64~REF*6R*CPEAKO9C6IET~AMT*B6*95.5~LQ*HE*N45~LQ*HE*N381~CLP*000100043915*1*15*8.34**MC*2020332021001~NM1*QC*1*GAMBOA*NADINE****MR*Q771262~NM1*82*1*GRONEMEYER*LEANNE*R***XX*1659521045~REF*EA*A8D0F8643A6B42F1A6C95FE98B76103C~DTM*232*20201110~DTM*233*20201110~SVC*HC:81025*15*8.34**1~DTM*472*20201110~CAS*CO*45*6.66~REF*6R*CPE6IT3LEZ4O~AMT*B6*8.34~LQ*HE*N77~LQ*HE*N381~CLP*000100042684*1*1820*1273.74**MC*2020332021003~NM1*QC*1*GAMBOA*NADINE****MR*Q771262~NM1*82*1*GRONEMEYER*LEANNE*R***XX*1659521045~REF*EA*46FE8BFBAC7C4B5792965BAFEFD4443E~DTM*232*20201020~DTM*233*20201020~SVC*HC:J2315*1805*1265.4**380~DTM*472*20201020~CAS*CO*45*539.6~REF*6R*CPE603N7JY56~AMT*B6*1265.4~LQ*HE*N77~LQ*HE*N381~SVC*HC:81025*15*8.34**1~DTM*472*20201020~CAS*CO*45*6.66~REF*6R*CPE68CA89XL2~AMT*B6*8.34~LQ*HE*N77~LQ*HE*N381~CLP*000100043372*1*272.99*96.14**MC*2020332021026~NM1*QC*1*GARCIA*MARCO*A***MR*G636180~NM1*82*1*GRONEMEYER*LEANNE*R***XX*1659521045~REF*EA*BF92FA8729E54F0C96F499E1811D6B13~DTM*232*20201102~DTM*233*20201102~SVC*HC:99214*272.99*96.14**1~DTM*472*20201102~CAS*CO*45*176.85~REF*6R*CPEAJF6KQDPE~AMT*B6*96.14~LQ*HE*N45~LQ*HE*N381~CLP*000100043495*1*178.3*65.15**MC*2020332021131~NM1*QC*1*GEORGE*MARIE*A***MR*Y649179~NM1*82*1*TSAMBIKOS*RICHARD****XX*1467985713~REF*EA*88AA77016DC24192A136548D444C0BA5~DTM*232*20201104~DTM*233*20201104~SVC*HC:99213*178.3*65.15**1~DTM*472*20201104~CAS*CO*45*113.15~REF*6R*CPEA18ZKFCBM~AMT*B6*65.15~LQ*HE*N45~LQ*HE*N381~CLP*000100043835*1*4*3.37**MC*2020332021155~NM1*QC*1*GLASS*JANICE****MR*P811478~NM1*82*1*GRONEMEYER*LEANNE*R***XX*1659521045~REF*EA*62C718F984284ECB9F32929C33D1ADF8~DTM*232*20201110~DTM*233*20201110~SVC*HC:81002*4*3.37**1~DTM*472*20201110~CAS*CO*45*.63~REF*6R*CPE6QQP5GKMR~AMT*B6*3.37~LQ*HE*N77~LQ*HE*N381~CLP*000100042639*1*4*3.37**MC*2020332021156~NM1*QC*1*GLASS*JANICE****MR*P811478~NM1*82*1*GRONEMEYER*LEANNE*R***XX*1659521045~REF*EA*D20D34B5A979473FB33CC7A79DB475CE~DTM*232*20201020~DTM*233*20201020~SVC*HC:81002*4*3.37**1~DTM*472*20201020~CAS*CO*45*.63~REF*6R*CPE6VYU5PR5F~AMT*B6*3.37~LQ*HE*N77~LQ*HE*N381~CLP*000100042900*1*15*8.34**MC*2020332021157~NM1*QC*1*GONZALES*CRYSTAL*D***MR*M921754~NM1*82*1*SEARLES*DENISE*A***XX*1396971230~REF*EA*47F15CDC2DED4177A3BE00384C22EB83~DTM*232*20201023~DTM*233*20201023~SVC*HC:81025*15*8.34**1~DTM*472*20201023~CAS*CO*45*6.66~REF*6R*CPE6JOYWOBD5~AMT*B6*8.34~LQ*HE*N59~LQ*HE*N381~CLP*000100043468*1*272.99*96.14**MC*2020332021128~NM1*QC*1*GONZALEZ*GLORIA*K***MR*P854556~NM1*82*1*HOOSHMAND-PARSI*KAYHOSROW****XX*1447291851~REF*EA*F083C0664996419DB88B3AC7FED4C0C2~DTM*232*20201103~DTM*233*20201103~SVC*HC:99214*272.99*96.14**1~DTM*472*20201103~CAS*CO*45*176.85~REF*6R*CPEAJPWVF3HZ~AMT*B6*96.14~LQ*HE*N45~LQ*HE*N381~CLP*000100041016*1*15*8.34**MC*2020332021257~NM1*QC*1*GUERRA*CRYSTAL*A***MR*I200692~NM1*82*1*SEARLES*DENISE*A***XX*1396971230~REF*EA*3A8757FCF44B40A4993BF7E207B1932D~DTM*232*20200922~DTM*233*20200922~SVC*HC:81025*15*8.34**1~DTM*472*20200922~CAS*CO*45*6.66~REF*6R*CPE65P2O5UJF~AMT*B6*8.34~LQ*HE*N59~LQ*HE*N381~CLP*000100039570*1*15*8.34**MC*2020332021093~NM1*QC*1*GUERRA-DELACRUZ MARTINEZ*HERLINDA*M***MR*R965343~NM1*74*1*GUERRADELACRUZ~NM1*82*1*HOOSHMAND-PARSI*KAYHOSROW****XX*1447291851~REF*EA*275385BD87584B63A856862619382855~DTM*232*20200824~DTM*233*20200824~SVC*HC:81025*15*8.34**1~DTM*472*20200824~CAS*CO*45*6.66~REF*6R*CPE6ZH1X5JCQ~AMT*B6*8.34~LQ*HE*N59~LQ*HE*N381~CLP*000100042227*1*15*7.34*1*MC*2020332021201~NM1*QC*1*GUERRERO*SONYA*M***MR*S127505~NM1*82*1*HOOSHMAND-PARSI*KAYHOSROW****XX*1447291851~REF*EA*887A5198530A4C3AAEFB3F0A5237A0FB~DTM*232*20201013~DTM*233*20201013~SVC*HC:81025*15*7.34**1~DTM*472*20201013~CAS*PR*3*1~CAS*CO*45*6.66~REF*6R*CPE64VOEW7EB~AMT*B6*8.34~LQ*HE*N59~LQ*HE*N381~LQ*HE*N381~CLP*000100043371*1*362.99*135.16*2*MC*2020332021098~NM1*QC*1*HACKWORTH*ATLANTA*M***MR*P730697~NM1*82*1*GRONEMEYER*LEANNE*R***XX*1659521045~REF*EA*7776BBFDDEF94AE38C3C801A788981A8~DTM*232*20201102~DTM*233*20201102~SVC*HC:99214:25*272.99*94.14**1~DTM*472*20201102~CAS*PR*3*2~CAS*CO*45*176.85~REF*6R*CPEANCJTMIM1~AMT*B6*96.14~LQ*HE*N45~LQ*HE*N381~LQ*HE*N381~SVC*HC:H0049*50*10.81**1~DTM*472*20201102~CAS*CO*45*39.19~REF*6R*CPEAN5QZEIS4~AMT*B6*10.81~LQ*HE*N381~SVC*HC:G8431*40*30.21**1~DTM*472*20201102~CAS*CO*45*9.79~REF*6R*CPEAN1T3ZUXX~AMT*B6*30.21~LQ*HE*N45~LQ*HE*N381~CLP*000100041986*1*105*49.36**MC*2020332021106~NM1*QC*1*HAMMOND*KYLA****MR*U847512~NM1*82*1*TSAMBIKOS*RICHARD****XX*1467985713~REF*EA*09FF6070D42747A6B82DFC876B6DED71~DTM*232*20201008~DTM*233*20201008~SVC*HC:H0049*50*10.81**1~DTM*472*20201008~CAS*CO*45*39.19~REF*6R*CPE6RM5GTA5P~AMT*B6*10.81~LQ*HE*N59~LQ*HE*N381~SVC*HC:G8431*40*30.21**1~DTM*472*20201008~CAS*CO*45*9.79~REF*6R*CPE6RKXM3LY1~AMT*B6*30.21~LQ*HE*N59~LQ*HE*N45~LQ*HE*N381~SVC*HC:81025*15*8.34**1~DTM*472*20201008~CAS*CO*45*6.66~REF*6R*CPE6THAKLWG9~AMT*B6*8.34~LQ*HE*N59~LQ*HE*N381~CLP*000100042115*1*15*8.34**MC*2020332021009~NM1*QC*1*HEREDIA*NEISHA****MR*M350525~NM1*82*1*HOOSHMAND-PARSI*KAYHOSROW****XX*1447291851~REF*EA*8AB303EA83C74780A9D072FAEEEF2202~DTM*232*20201012~DTM*233*20201012~SVC*HC:81025*15*8.34**1~DTM*472*20201012~CAS*CO*45*6.66~REF*6R*CPE6XVASGHMI~AMT*B6*8.34~LQ*HE*N59~LQ*HE*N381~CLP*000100039179*1*15*8.34**MC*2020332021014~NM1*QC*1*HEREDIA*NEISHA****MR*M350525~NM1*82*1*HOOSHMAND-PARSI*KAYHOSROW****XX*1447291851~REF*EA*79B1B7DD1514417EB7E97729880113D9~DTM*232*20200817~DTM*233*20200817~SVC*HC:81025*15*8.34**1~DTM*472*20200817~CAS*CO*45*6.66~REF*6R*CPE63WL2XYM3~AMT*B6*8.34~LQ*HE*N59~LQ*HE*N381~CLP*000100043609*1*217.66*54.8**MC*2020332020946~NM1*QC*1*HERNANDEZ*ROBIN*L***MR*G490490~NM1*82*1*LEWIS*HOLLY*G***XX*1295234128~REF*EA*CF0DB1B7150446DC8C22E62067A351F2~DTM*232*20201105~DTM*233*20201105~SVC*HC:90832*217.66*54.8**1~DTM*472*20201105~CAS*CO*45*162.86~REF*6R*CPEAKT8P32YA~AMT*B6*54.8~LQ*HE*N381~CLP*000100042183*1*3.3*2.97**MC*2020332021220~NM1*QC*1*HICKS*ROBERT*R***MR*P180045~NM1*82*1*SEARLES*DENISE*A***XX*1396971230~REF*EA*02A55651E7BE485EAEDD6F8F1D2D9D23~DTM*232*20201013~DTM*233*20201013~SVC*HC:36415*3.3*2.97**1~DTM*472*20201013~CAS*CO*45*.33~REF*6R*CPE6IVG95WZE~AMT*B6*2.97~LQ*HE*N77~LQ*HE*N45~LQ*HE*N381~CLP*000100041018*1*4*3.37**MC*2020332021224~NM1*QC*1*HICKS*ROBERT*R***MR*P180045~NM1*82*1*GRONEMEYER*LEANNE*R***XX*1659521045~REF*EA*64872F79560246CCB7CDAAC8BE91B717~DTM*232*20200922~DTM*233*20200922~SVC*HC:81002*4*3.37**1~DTM*472*20200922~CAS*CO*45*.63~REF*6R*CPE6VXSCU0S9~AMT*B6*3.37~LQ*HE*N77~LQ*HE*N381~CLP*000100040566*1*90*21.7**MC*2020332021161~NM1*QC*1*HODGES*LEONARD*A***MR*O283818~NM1*82*1*GRONEMEYER*LEANNE*R***XX*1659521045~REF*EA*FB025B7153A64B7B9B27539A317996C5~DTM*232*20200915~DTM*233*20200915~SVC*HC:G8510*40*10.89**1~DTM*472*20200915~CAS*CO*45*29.11~REF*6R*CPE6BIHTMFMW~AMT*B6*10.89~LQ*HE*N59~LQ*HE*N45~LQ*HE*N381~SVC*HC:H0049*50*10.81**1~DTM*472*20200915~CAS*CO*45*39.19~REF*6R*CPE6UEVQ1N3Y~AMT*B6*10.81~LQ*HE*N59~LQ*HE*N381~CLP*000100041014*1*4*3.37**MC*2020332020981~NM1*QC*1*HOLMAN*FRANKLIN****MR*A897669~NM1*82*1*GRONEMEYER*LEANNE*R***XX*1659521045~REF*EA*7DB6BBFED9AF4FB2AB65878325B4900F~DTM*232*20200922~DTM*233*20200922~SVC*HC:81002*4*3.37**1~DTM*472*20200922~CAS*CO*45*.63~REF*6R*CPE6MAWDV013~AMT*B6*3.37~LQ*HE*N77~LQ*HE*N381~CLP*000100038913*1*90*41.02**MC*2020332020982~NM1*QC*1*HOLMAN*FRANKLIN****MR*A897669~NM1*82*1*GRONEMEYER*LEANNE*R***XX*1659521045~REF*EA*E0C40F6F57C848A28482B78B4F746620~DTM*232*20200811~DTM*233*20200811~SVC*HC:G8431*40*30.21**1~DTM*472*20200811~CAS*CO*45*9.79~REF*6R*CPE6D04ITU5P~AMT*B6*30.21~LQ*HE*N77~LQ*HE*N45~LQ*HE*N381~SVC*HC:H0049*50*10.81**1~DTM*472*20200811~CAS*CO*45*39.19~REF*6R*CPE61N4ZIMYT~AMT*B6*10.81~LQ*HE*N77~LQ*HE*N381~CLP*000100043400*1*178.3*65.15**MC*2020332021050~NM1*QC*1*INMAN*LUKE****MR*Y800076~NM1*82*1*WARE*SONDRA*E***XX*1386181444~REF*EA*6766B84B1EBA4CC184EEA2F645D00368~DTM*232*20201103~DTM*233*20201103~SVC*HC:99213*178.3*65.15**1~DTM*472*20201103~CAS*CO*45*113.15~REF*6R*CPEA2D2SDQD3~AMT*B6*65.15~LQ*HE*N45~LQ*HE*N381~CLP*000100042954*1*247.14*95.81**MC*2020332021007~NM1*QC*1*JACKSON*JULISSA*R***MR*P315853~NM1*82*1*CADDALI*ESTRELLA*A***XX*1164974580~REF*EA*17913D2C17124F3FAA33F033BB187FAF~DTM*232*20201023~DTM*233*20201023~SVC*HC:99392*247.14*95.81**1~DTM*472*20201023~CAS*CO*45*151.33~REF*6R*CPEA5C3LOYIG~AMT*B6*95.81~LQ*HE*N381~CLP*000100042956*1*280.17*104.49**MC*2020332021139~NM1*QC*1*JACKSON*TANESHUA****MR*G112920~NM1*82*1*CADDALI*ESTRELLA*A***XX*1164974580~REF*EA*4BA9A1C35D5E47A0975A45CDED6C2FF3~DTM*232*20201023~DTM*233*20201023~SVC*HC:99394*280.17*104.49**1~DTM*472*20201023~CAS*CO*45*175.68~REF*6R*CPEAC99D22FF~AMT*B6*104.49~LQ*HE*N45~LQ*HE*N381~CLP*000100041903*1*105*30.04**MC*2020332021133~NM1*QC*1*JAMES*AJA****MR*W421878~NM1*82*1*SEARLES*DENISE*A***XX*1396971230~REF*EA*81BBDD94B27241E19C1CF47D1E3C653D~DTM*232*20201007~DTM*233*20201007~SVC*HC:H0049*50*10.81**1~DTM*472*20201007~CAS*CO*45*39.19~REF*6R*CPE6UQ6LDWTG~AMT*B6*10.81~LQ*HE*N59~LQ*HE*N381~SVC*HC:G8510*40*10.89**1~DTM*472*20201007~CAS*CO*45*29.11~REF*6R*CPE6J3NMR7E5~AMT*B6*10.89~LQ*HE*N59~LQ*HE*N45~LQ*HE*N381~SVC*HC:81025*15*8.34**1~DTM*472*20201007~CAS*CO*45*6.66~REF*6R*CPE603BBLUTX~AMT*B6*8.34~LQ*HE*N59~LQ*HE*N381~CLP*000100042726*1*15*8.34**MC*2020332021107~NM1*QC*1*JARAMILLO*RACHEL*A***MR*Y000126~NM1*82*1*SEARLES*DENISE*A***XX*1396971230~REF*EA*1803C32FD1054F95B0A0B5672D79E443~DTM*232*20201021~DTM*233*20201021~SVC*HC:81025*15*8.34**1~DTM*472*20201021~CAS*CO*45*6.66~REF*6R*CPE6ZPYIT7DX~AMT*B6*8.34~LQ*HE*N59~LQ*HE*N381~CLP*000100042171*1*15*8.34**MC*2020332021110~NM1*QC*1*JARAMILLO*RACHEL*A***MR*Y000126~NM1*82*1*SEARLES*DENISE*A***XX*1396971230~REF*EA*32FD9DB9D8AF4C43A6D583A049CD8185~DTM*232*20201013~DTM*233*20201013~SVC*HC:81025*15*8.34**1~DTM*472*20201013~CAS*CO*45*6.66~REF*6R*CPE6HFS3WPCI~AMT*B6*8.34~LQ*HE*N59~LQ*HE*N381~CLP*000100043322*1*290.21*70.54**MC*2020332020969~NM1*QC*1*JOHNSON*ANTAINETTE*M***MR*Q049625~NM1*82*1*LEWIS*HOLLY*G***XX*1295234128~REF*EA*4A2BDC9790954B58BEB8A41CA068EA67~DTM*232*20201102~DTM*233*20201102~SVC*HC:90834*290.21*70.54**1~DTM*472*20201102~CAS*CO*45*219.67~REF*6R*CPEAA0EHVMZ0~AMT*B6*70.54~LQ*HE*N381~CLP*000100039244*1*15*8.34**MC*2020332021112~NM1*QC*1*JOHNSON*TIFFANY*S***MR*L497210~NM1*82*1*HOOSHMAND-PARSI*KAYHOSROW****XX*1447291851~REF*EA*446F35F0FD1C47E08F5A7E61A7402975~DTM*232*20200817~DTM*233*20200817~SVC*HC:81025*15*8.34**1~DTM*472*20200817~CAS*CO*45*6.66~REF*6R*CPE6XFJZEQ7D~AMT*B6*8.34~LQ*HE*N59~LQ*HE*N381~CLP*000100043416*1*178.3*65.15**MC*2020332021062~NM1*QC*1*KIMES*JEREMEY****MR*Y243724~NM1*82*1*CADDALI*ESTRELLA*A***XX*1164974580~REF*EA*B23AA81DEDF34B259719C9F0D4AAA83B~DTM*232*20201103~DTM*233*20201103~SVC*HC:99213*178.3*65.15**1~DTM*472*20201103~CAS*CO*45*113.15~REF*6R*CPEA9AVW9NVY~AMT*B6*65.15~LQ*HE*N45~LQ*HE*N381~CLP*000100043224*1*15*7.34*1*MC*2020332021233~NM1*QC*1*KINCAID*JANAY*L***MR*Y577521~NM1*82*1*SEARLES*DENISE*A***XX*1396971230~REF*EA*3A99B7345D31409D8CD93DAFCBE8AB6D~DTM*232*20201029~DTM*233*20201029~SVC*HC:81025*15*7.34**1~DTM*472*20201029~CAS*PR*3*1~CAS*CO*45*6.66~REF*6R*CPEA2HG4JTMN~AMT*B6*8.34~LQ*HE*N59~LQ*HE*N381~LQ*HE*N381~CLP*000100043292*1*272.99*96.14**MC*2020332021239~NM1*QC*1*LABOY*ELVIN****MR*I008020~NM1*82*1*TSAMBIKOS*RICHARD****XX*1467985713~REF*EA*F82EA1A37A4B46DD931BC415133E476B~DTM*232*20201030~DTM*233*20201030~SVC*HC:99214*272.99*96.14**1~DTM*472*20201030~CAS*CO*45*176.85~REF*6R*CPEAZ1QJYJBQ~AMT*B6*96.14~LQ*HE*N45~LQ*HE*N381~CLP*000100041187*1*110.4*56.42**MC*2020332020972~NM1*QC*1*LARA*CHRIS****MR*D777108~NM1*82*1*TSAMBIKOS*RICHARD****XX*1467985713~REF*EA*F4781BDB1BA64D33A5518BE208EE4CA0~DTM*232*20200924~DTM*233*20200924~SVC*HC:36415*3.3*2.97**1~DTM*472*20200924~CAS*CO*45*.33~REF*6R*CPE6SRK15WII~AMT*B6*2.97~LQ*HE*N77~LQ*HE*N45~LQ*HE*N381~SVC*HC:99406*17.1*12.43**1~DTM*472*20200924~CAS*CO*45*4.67~REF*6R*CPE6UC1K8T2Y~AMT*B6*12.43~LQ*HE*N77~LQ*HE*N45~LQ*HE*N381~SVC*HC:G8431*40*30.21**1~DTM*472*20200924~CAS*CO*45*9.79~REF*6R*CPE6QHTAPWJR~AMT*B6*30.21~LQ*HE*N77~LQ*HE*N45~LQ*HE*N381~SVC*HC:H0049*50*10.81**1~DTM*472*20200924~CAS*CO*45*39.19~REF*6R*CPE6G7NDLJTY~AMT*B6*10.81~LQ*HE*N77~LQ*HE*N381~CLP*000100041973*1*4*3.37**MC*2020332021038~NM1*QC*1*LORETO*JOSHUA*R***MR*E192810~NM1*82*1*HOOSHMAND-PARSI*KAYHOSROW****XX*1447291851~REF*EA*72372049AA7249F1936348E43F454AD8~DTM*232*20201008~DTM*233*20201008~SVC*HC:81002*4*3.37**1~DTM*472*20201008~CAS*CO*45*.63~REF*6R*CPE6H0UIZBS5~AMT*B6*3.37~LQ*HE*N59~LQ*HE*N381~CLP*000100043442*1*4*3.37**MC*2020332021230~NM1*QC*1*LOVATO*XAIVER*A***MR*Y643203~NM1*82*1*GRONEMEYER*LEANNE*R***XX*1659521045~REF*EA*B39165103DE9403B8A350A0515F0FA4D~DTM*232*20201103~DTM*233*20201103~SVC*HC:81002*4*3.37**1~DTM*472*20201103~CAS*CO*45*.63~REF*6R*CPE6BTZVHXMQ~AMT*B6*3.37~LQ*HE*N77~LQ*HE*N381~CLP*000100041818*1*90*41.02**MC*2020332021231~NM1*QC*1*LOVATO*XAIVER*A***MR*Y643203~NM1*82*1*GRONEMEYER*LEANNE*R***XX*1659521045~REF*EA*B6BA7307A1764D33970B31A1BF9CC456~DTM*232*20201006~DTM*233*20201006~SVC*HC:G8431*40*30.21**1~DTM*472*20201006~CAS*CO*45*9.79~REF*6R*CPE6OJWKBZL6~AMT*B6*30.21~LQ*HE*N77~LQ*HE*N45~LQ*HE*N381~SVC*HC:H0049*50*10.81**1~DTM*472*20201006~CAS*CO*45*39.19~REF*6R*CPE6L4AXUO03~AMT*B6*10.81~LQ*HE*N77~LQ*HE*N381~CLP*000100043229*1*272.99*96.14**MC*2020332021256~NM1*QC*1*LYNCH*ELIJAH****MR*G951908~NM1*82*1*CADDALI*ESTRELLA*A***XX*1164974580~REF*EA*1EDC33C1D4D84D4BA7BE098FD2DB8254~DTM*232*20201029~DTM*233*20201029~SVC*HC:99214*272.99*96.14**1~DTM*472*20201029~CAS*CO*45*176.85~REF*6R*CPEA1WGPUJVT~AMT*B6*96.14~LQ*HE*N45~LQ*HE*N381~CLP*000100043389*1*628.6*228.69**MC*2020332021100~NM1*QC*1*MARCUS*TIFFANY*R***MR*G116681~NM1*82*1*WARE*SONDRA*E***XX*1386181444~REF*EA*432DB18774D142299F90C0C39B9457B9~DTM*232*20201103~DTM*233*20201103~SVC*HC:99204:25*450.07*148.09**1~DTM*472*20201103~CAS*CO*45*301.98~REF*6R*CPEAYXD4TLDB~AMT*B6*148.09~LQ*HE*N45~LQ*HE*N381~SVC*HC:90471*53.53*19.27**1~DTM*472*20201103~CAS*CO*45*34.26~REF*6R*CPEAM9T9QPNW~AMT*B6*19.27~LQ*HE*N45~LQ*HE*N381~SVC*HC:90756*35*20.31**1~DTM*472*20201103~CAS*CO*45*14.69~REF*6R*CPEA33PLW5B6~AMT*B6*20.31~LQ*HE*N381~SVC*HC:H0049*50*10.81**1~DTM*472*20201103~CAS*CO*45*39.19~REF*6R*CPEAVWGMYLMF~AMT*B6*10.81~LQ*HE*N381~SVC*HC:G8431*40*30.21**1~DTM*472*20201103~CAS*CO*45*9.79~REF*6R*CPEAKVPDHFI8~AMT*B6*30.21~LQ*HE*N45~LQ*HE*N381~CLP*000100040588*1*4*3.37**MC*2020332021248~NM1*QC*1*MARTINEZ*ADAM****MR*D789467~NM1*82*1*GRONEMEYER*LEANNE*R***XX*1659521045~REF*EA*EA8D6F5429CA4DF0AC6B5217BD6762FF~DTM*232*20200915~DTM*233*20200915~SVC*HC:81002*4*3.37**1~DTM*472*20200915~CAS*CO*45*.63~REF*6R*CPE62QZ53XB7~AMT*B6*3.37~LQ*HE*N77~LQ*HE*N381~CLP*000100040140*1*107.1*53.45**MC*2020332021249~NM1*QC*1*MARTINEZ*ADAM****MR*D789467~NM1*82*1*TSAMBIKOS*RICHARD****XX*1467985713~REF*EA*6C0D3C02E0254C7085DE2927C51FB652~DTM*232*20200903~DTM*233*20200903~SVC*HC:99406*17.1*12.43**1~DTM*472*20200903~CAS*CO*45*4.67~REF*6R*CPE6KLP2337R~AMT*B6*12.43~LQ*HE*N77~LQ*HE*N45~LQ*HE*N381~SVC*HC:G8431*40*30.21**1~DTM*472*20200903~CAS*CO*45*9.79~REF*6R*CPE66V3LIWCQ~AMT*B6*30.21~LQ*HE*N77~LQ*HE*N45~LQ*HE*N381~SVC*HC:H0049*50*10.81**1~DTM*472*20200903~CAS*CO*45*39.19~REF*6R*CPE6EQO2S2C3~AMT*B6*10.81~LQ*HE*N77~LQ*HE*N381~CLP*000100040192*1*4*3.37**MC*2020332021250~NM1*QC*1*MARTINEZ*ADAM****MR*D789467~NM1*82*1*GRONEMEYER*LEANNE*R***XX*1659521045~REF*EA*C3079B404F0948AAA93596CA3C4F854F~DTM*232*20200908~DTM*233*20200908~SVC*HC:81002*4*3.37**1~DTM*472*20200908~CAS*CO*45*.63~REF*6R*CPE6W288MTFW~AMT*B6*3.37~LQ*HE*N77~LQ*HE*N381~CLP*000100041023*1*4*3.37**MC*2020332021252~NM1*QC*1*MARTINEZ*ADAM****MR*D789467~NM1*82*1*GRONEMEYER*LEANNE*R***XX*1659521045~REF*EA*1D3D6AD79CC24EE0BF399F5D619CAE14~DTM*232*20200922~DTM*233*20200922~SVC*HC:81002*4*3.37**1~DTM*472*20200922~CAS*CO*45*.63~REF*6R*CPE6QQXX0O6C~AMT*B6*3.37~LQ*HE*N77~LQ*HE*N381~CLP*000100043520*1*272.99*96.14**MC*2020332021213~NM1*QC*1*MARTINEZ*DEBRA*A***MR*D395711~NM1*82*1*HOOSHMAND-PARSI*KAYHOSROW****XX*1447291851~REF*EA*04D38128AD3C4858B8561BC48175B428~DTM*232*20201104~DTM*233*20201104~SVC*HC:99214*272.99*96.14**1~DTM*472*20201104~CAS*CO*45*176.85~REF*6R*CPEAOF7WXKFJ~AMT*B6*96.14~LQ*HE*N45~LQ*HE*N381~CLP*000100043291*1*232.97*86.44**MC*2020332021136~NM1*QC*1*MARTINEZ*DESIREE****MR*O277758~NM1*82*1*CADDALI*ESTRELLA*A***XX*1164974580~REF*EA*BC169B14CB5A44D99E6CD2EA947D1C79~DTM*232*20201030~DTM*233*20201030~SVC*HC:99213:25*178.3*65.15**1~DTM*472*20201030~CAS*CO*45*113.15~REF*6R*CPEA4RMLYCQR~AMT*B6*65.15~LQ*HE*N45~LQ*HE*N381~SVC*HC:93000*54.67*21.29**1~DTM*472*20201030~CAS*CO*45*33.38~REF*6R*CPEAUEEUHSQO~AMT*B6*21.29~LQ*HE*N381~CLP*000100043381*1*272.99*96.14**MC*2020332021035~NM1*QC*1*MARTINEZ*SHANE*P***MR*H153561~NM1*82*1*WARE*SONDRA*E***XX*1386181444~REF*EA*D81724760FE744A494DE64110AA6005E~DTM*232*20201103~DTM*233*20201103~SVC*HC:99214*272.99*96.14**1~DTM*472*20201103~CAS*CO*45*176.85~REF*6R*CPEA5WSE92PX~AMT*B6*96.14~LQ*HE*N45~LQ*HE*N381~CLP*000100043627*1*217.66*54.8**MC*2020332020959~NM1*QC*1*MAURO*DESTINY*L***MR*Y045097~NM1*82*1*LEWIS*HOLLY*G***XX*1295234128~REF*EA*3AB07F174D0A4A2B92B68BC1BAC14513~DTM*232*20201105~DTM*233*20201105~SVC*HC:90832*217.66*54.8**1~DTM*472*20201105~CAS*CO*45*162.86~REF*6R*CPEATF5YEXXS~AMT*B6*54.8~LQ*HE*N381~CLP*000100043623*1*178.54*78.02*2*MC*2020332021049~NM1*QC*1*MAURO*DESTINY*L***MR*Y045097~NM1*82*1*HOOSHMAND-PARSI*KAYHOSROW****XX*1447291851~REF*EA*E50925E0EC2B46AABEC468F479CD48E2~DTM*232*20201105~DTM*233*20201105~SVC*HC:99212:25*88.54*37**1~DTM*472*20201105~CAS*PR*3*2~CAS*CO*45*49.54~REF*6R*CPEANH3SY3VP~AMT*B6*39~LQ*HE*N45~LQ*HE*N381~LQ*HE*N381~SVC*HC:H0049*50*10.81**1~DTM*472*20201105~CAS*CO*45*39.19~REF*6R*CPEA4XZIWH0X~AMT*B6*10.81~LQ*HE*N381~SVC*HC:G8431*40*30.21**1~DTM*472*20201105~CAS*CO*45*9.79~REF*6R*CPEA4YSK0B25~AMT*B6*30.21~LQ*HE*N45~LQ*HE*N381~CLP*000100041641*1*15*8.34**MC*2020332021059~NM1*QC*1*MAXFIELD*KENDRA*M***MR*N150478~NM1*82*1*SEARLES*DENISE*A***XX*1396971230~REF*EA*D979C52648AC445DA469BA97B223C246~DTM*232*20201001~DTM*233*20201001~SVC*HC:81025*15*8.34**1~DTM*472*20201001~CAS*CO*45*6.66~REF*6R*CPE6QS79HKGI~AMT*B6*8.34~LQ*HE*N59~LQ*HE*N381~CLP*000100043465*1*178.3*65.15**MC*2020332021123~NM1*QC*1*MCCLURE*THOMAS*M***MR*K853447~NM1*82*1*CADDALI*ESTRELLA*A***XX*1164974580~REF*EA*9B3FEC9A66AF45159D76FD7C50B301B7~DTM*232*20201103~DTM*233*20201103~SVC*HC:99213*178.3*65.15**1~DTM*472*20201103~CAS*CO*45*113.15~REF*6R*CPEAXZ0UNRYR~AMT*B6*65.15~LQ*HE*N45~LQ*HE*N381~CLP*000100043235*1*361.52*135.72**MC*2020332021125~NM1*QC*1*MCCLURE*THOMAS*M***MR*K853447~NM1*82*1*CADDALI*ESTRELLA*A***XX*1164974580~REF*EA*42D73AD7364E4A3187336800DCDFF3F5~DTM*232*20201029~DTM*233*20201029~SVC*HC:99214:25*272.99*96.14**1~DTM*472*20201029~CAS*CO*45*176.85~REF*6R*CPEAZMJUY8DK~AMT*B6*96.14~LQ*HE*N45~LQ*HE*N381~SVC*HC:90471*53.53*19.27**1~DTM*472*20201029~CAS*CO*45*34.26~REF*6R*CPEAI4CMACRW~AMT*B6*19.27~LQ*HE*N45~LQ*HE*N381~SVC*HC:90756*35*20.31**1~DTM*472*20201029~CAS*CO*45*14.69~REF*6R*CPEAY4PUXHYH~AMT*B6*20.31~LQ*HE*N381~CLP*000100042043*1*1805*1265.4**MC*2020332021061~NM1*QC*1*MOORE*MELISSA****MR*O302777~NM1*82*1*SEARLES*DENISE*A***XX*1396971230~REF*EA*94E83C3BB00F47D39831F46D770B344C~DTM*232*20201009~DTM*233*20201009~SVC*HC:J2315*1805*1265.4**380~DTM*472*20201009~CAS*CO*45*539.6~REF*6R*CPE6NUU6DVY5~AMT*B6*1265.4~LQ*HE*N59~LQ*HE*N381~CLP*000100041663*1*90*21.7**MC*2020332021193~NM1*QC*1*MORA*MICHAEL*A***MR*Y853226~NM1*82*1*SEARLES*DENISE*A***XX*1396971230~REF*EA*CE8F08FE497E4102B8AC91443746DC5F~DTM*232*20201002~DTM*233*20201002~SVC*HC:G8510*40*10.89**1~DTM*472*20201002~CAS*CO*45*29.11~REF*6R*CPE61LVRWE74~AMT*B6*10.89~LQ*HE*N59~LQ*HE*N45~LQ*HE*N381~SVC*HC:H0049*50*10.81**1~DTM*472*20201002~CAS*CO*45*39.19~REF*6R*CPE6KAR63DQU~AMT*B6*10.81~LQ*HE*N59~LQ*HE*N381~CLP*000100043223*1*272.99*94.14*2*MC*2020332021097~NM1*QC*1*MORRIS*CASSANDRA****MR*O129192~NM1*82*1*WARE*SONDRA*E***XX*1386181444~REF*EA*5F356B697E8C4AC988E684A335EF0F52~DTM*232*20201029~DTM*233*20201029~SVC*HC:99214*272.99*94.14**1~DTM*472*20201029~CAS*PR*3*2~CAS*CO*45*176.85~REF*6R*CPEAD1XFE8DH~AMT*B6*96.14~LQ*HE*N45~LQ*HE*N381~LQ*HE*N381~CLP*000100040196*1*94*44.39**MC*2020332021053~NM1*QC*1*MUNGUIA*MARK*A***MR*Y102050~NM1*82*1*GRONEMEYER*LEANNE*R***XX*1659521045~REF*EA*38B64D2F85934BD89765D1543ECD2519~DTM*232*20200908~DTM*233*20200908~SVC*HC:G8431*40*30.21**1~DTM*472*20200908~CAS*CO*45*9.79~REF*6R*CPE6CY7VO9OV~AMT*B6*30.21~LQ*HE*N77~LQ*HE*N45~LQ*HE*N381~SVC*HC:H0049*50*10.81**1~DTM*472*20200908~CAS*CO*45*39.19~REF*6R*CPE6OXRZDSWZ~AMT*B6*10.81~LQ*HE*N77~LQ*HE*N381~SVC*HC:81002*4*3.37**1~DTM*472*20200908~CAS*CO*45*.63~REF*6R*CPE6EA99U25Y~AMT*B6*3.37~LQ*HE*N77~LQ*HE*N381~CLP*000100040995*1*55*38.55**MC*2020332021210~NM1*QC*1*NAVARETTE*BEV****MR*P850117~NM1*82*1*GRONEMEYER*LEANNE*R***XX*1659521045~REF*EA*2119751104EF494AAFD7ABDA4C82939A~DTM*232*20200922~DTM*233*20200922~SVC*HC:81025*15*8.34**1~DTM*472*20200922~CAS*CO*45*6.66~REF*6R*CPE6O8KXJ7LI~AMT*B6*8.34~LQ*HE*N77~LQ*HE*N381~SVC*HC:G8431*40*30.21**1~DTM*472*20200922~CAS*CO*45*9.79~REF*6R*CPE65E3FO2HC~AMT*B6*30.21~LQ*HE*N77~LQ*HE*N45~LQ*HE*N381~CLP*000100041784*1*4*3.37**MC*2020332021148~NM1*QC*1*PALMERI*MARCO*L***MR*K220548~NM1*82*1*SEARLES*DENISE*A***XX*1396971230~REF*EA*543C85893C96463995AE8DE1FB5158BF~DTM*232*20201006~DTM*233*20201006~SVC*HC:81002*4*3.37**1~DTM*472*20201006~CAS*CO*45*.63~REF*6R*CPE6949BJ0OT~AMT*B6*3.37~LQ*HE*N59~LQ*HE*N381~CLP*000100042610*1*1809*1267.77*1*MC*2020332021172~NM1*QC*1*PEREZ*DEAN*J***MR*Y959714~NM1*82*1*GRONEMEYER*LEANNE*R***XX*1659521045~REF*EA*3690B30066774175B75611A134D01CA9~DTM*232*20201020~DTM*233*20201020~SVC*HC:J2315*1805*1265.4**380~DTM*472*20201020~CAS*CO*45*539.6~REF*6R*CPE6XK44X19U~AMT*B6*1265.4~LQ*HE*N77~LQ*HE*N381~SVC*HC:81002*4*2.37**1~DTM*472*20201020~CAS*PR*3*1~CAS*CO*45*.63~REF*6R*CPE69KRIYGWR~AMT*B6*3.37~LQ*HE*N77~LQ*HE*N381~LQ*HE*N381~CLP*000100040958*1*1809*1260.17*1*MC*2020332021173~NM1*QC*1*PEREZ*DEAN*J***MR*Y959714~NM1*82*1*GRONEMEYER*LEANNE*R***XX*1659521045~REF*EA*A2F38B9BDF39415D9ED53F7EF57BE0EC~DTM*232*20200922~DTM*233*20200922~SVC*HC:J2315*1805*1257.8**380~DTM*472*20200922~CAS*CO*45*547.2~REF*6R*CPE68VXC8J4D~AMT*B6*1257.8~LQ*HE*N77~LQ*HE*N381~SVC*HC:81002*4*2.37**1~DTM*472*20200922~CAS*PR*3*1~CAS*CO*45*.63~REF*6R*CPE6LBJPZENG~AMT*B6*3.37~LQ*HE*N77~LQ*HE*N381~LQ*HE*N381~CLP*000100041172*1*90*21.7**MC*2020332021266~NM1*QC*1*RAEL*JOSEPH*S***MR*O012305~NM1*82*1*TSAMBIKOS*RICHARD****XX*1467985713~REF*EA*98E3DFEE994A44178938C93921515B4D~DTM*232*20200924~DTM*233*20200924~SVC*HC:G8510*40*10.89**1~DTM*472*20200924~CAS*CO*45*29.11~REF*6R*CPE6EXQ4EUQZ~AMT*B6*10.89~LQ*HE*N77~LQ*HE*N45~LQ*HE*N381~SVC*HC:H0049*50*10.81**1~DTM*472*20200924~CAS*CO*45*39.19~REF*6R*CPE6VNCIXCIF~AMT*B6*10.81~LQ*HE*N77~LQ*HE*N381~CLP*000100043009*1*332.99*94.14*2*MC*2020332021074~NM1*QC*1*RICH*ELECTRA*C***MR*P928666~NM1*82*1*WARE*SONDRA*E***XX*1386181444~REF*EA*491E40AD8EED46D79A990F4BFE7FE5EB~DTM*232*20201027~DTM*233*20201027~SVC*HC:99214:25*272.99*94.14**1~DTM*472*20201027~CAS*PR*3*2~CAS*CO*45*176.85~REF*6R*CPEAJ4YCTPV7~AMT*B6*96.14~LQ*HE*N45~LQ*HE*N381~LQ*HE*N381~SVC*HC:88142*60*0**0**1~DTM*472*20201027~CAS*PI*4*60~REF*6R*CPEATOMTJDJ6~LQ*HE*N519~LQ*HE*N519~CLP*000100043523*1*217.66*54.8**MC*2020332020965~NM1*QC*1*RINER*DIANE****MR*Q046265~NM1*82*1*LEWIS*HOLLY*G***XX*1295234128~REF*EA*DAB73887A14846F8A66C54C279497E14~DTM*232*20201104~DTM*233*20201104~SVC*HC:90832*217.66*54.8**1~DTM*472*20201104~CAS*CO*45*162.86~REF*6R*CPEARJZ7JJYC~AMT*B6*54.8~LQ*HE*N381~CLP*000100039680*1*94*44.39**MC*2020332021174~NM1*QC*1*RITZ*WESLEY****MR*Y492052~NM1*82*1*GRONEMEYER*LEANNE*R***XX*1659521045~REF*EA*DFE99C73E0904AF0AB3F365626220D0D~DTM*232*20200825~DTM*233*20200825~SVC*HC:H0049*50*10.81**1~DTM*472*20200825~CAS*CO*45*39.19~REF*6R*CPE6WAX5MLWB~AMT*B6*10.81~LQ*HE*N77~LQ*HE*N381~SVC*HC:G8431*40*30.21**1~DTM*472*20200825~CAS*CO*45*9.79~REF*6R*CPE6SFL30VZO~AMT*B6*30.21~LQ*HE*N77~LQ*HE*N45~LQ*HE*N381~SVC*HC:81002*4*3.37**1~DTM*472*20200825~CAS*CO*45*.63~REF*6R*CPE6268ZE3HC~AMT*B6*3.37~LQ*HE*N77~LQ*HE*N381~CLP*000100041910*1*4*3.37**MC*2020332021153~NM1*QC*1*SALAZAR*RICHARD*J***MR*K921442~NM1*82*1*SEARLES*DENISE*A***XX*1396971230~REF*EA*6E706CDB87B24334805D51BEB05B7152~DTM*232*20201007~DTM*233*20201007~SVC*HC:81002*4*3.37**1~DTM*472*20201007~CAS*CO*45*.63~REF*6R*CPE6K9Y6J2YV~AMT*B6*3.37~LQ*HE*N59~LQ*HE*N381~CLP*000100042305*1*1860*1303.95**MC*2020332021176~NM1*QC*1*SANCHEZ*BRENDA****MR*L364840~NM1*82*1*SEARLES*DENISE*A***XX*1396971230~REF*EA*48641568E12047DA85CC555FE395402D~DTM*232*20201014~DTM*233*20201014~SVC*HC:J2315*1805*1265.4**380~DTM*472*20201014~CAS*CO*45*539.6~REF*6R*CPE6J130366F~AMT*B6*1265.4~LQ*HE*N77~LQ*HE*N381~SVC*HC:81025*15*8.34**1~DTM*472*20201014~CAS*CO*45*6.66~REF*6R*CPE6JL79DVD4~AMT*B6*8.34~LQ*HE*N77~LQ*HE*N381~SVC*HC:G8431*40*30.21**1~DTM*472*20201014~CAS*CO*45*9.79~REF*6R*CPE6C190C3HT~AMT*B6*30.21~LQ*HE*N77~LQ*HE*N45~LQ*HE*N381~CLP*000100041419*1*4*3.37**MC*2020332021177~NM1*QC*1*SANCHEZ*BRENDA****MR*L364840~NM1*82*1*GRONEMEYER*LEANNE*R***XX*1659521045~REF*EA*0A7EAD33F31D4F5A81E9685EC48DA2C4~DTM*232*20200929~DTM*233*20200929~SVC*HC:81002*4*3.37**1~DTM*472*20200929~CAS*CO*45*.63~REF*6R*CPE6DHF5R8CY~AMT*B6*3.37~LQ*HE*N77~LQ*HE*N381~CLP*000100038967*1*15*8.34**MC*2020332021243~NM1*QC*1*SANCHEZ*LEANNA*A***MR*L179099~NM1*82*1*GRONEMEYER*LEANNE*R***XX*1659521045~REF*EA*DEA72E735E664019B72768B98CCC357E~DTM*232*20200812~DTM*233*20200812~SVC*HC:81025*15*8.34**1~DTM*472*20200812~CAS*CO*45*6.66~REF*6R*CPE6UOX75WPN~AMT*B6*8.34~LQ*HE*N59~LQ*HE*N381~CLP*000100042850*1*178.3*65.15**MC*2020332021160~NM1*QC*1*SANCHEZ*RANDY****MR*Y196130~NM1*82*1*GRONEMEYER*LEANNE*R***XX*1659521045~REF*EA*FE8CD743D8F54E7B8B1178A5E51E43F0~DTM*232*20201022~DTM*233*20201022~SVC*HC:99213*178.3*65.15**1~DTM*472*20201022~CAS*CO*45*113.15~REF*6R*CPEAQ9KM3KJO~AMT*B6*65.15~LQ*HE*N45~LQ*HE*N381~CLP*000100043351*1*276.99*99.51**MC*2020332021016~NM1*QC*1*SANCHEZ*YVONNE*A***MR*J289148~NM1*82*1*GRONEMEYER*LEANNE*R***XX*1659521045~REF*EA*6B9D29B70A9745619562F701426CE949~DTM*232*20201102~DTM*233*20201102~SVC*HC:99214:25*272.99*96.14**1~DTM*472*20201102~CAS*CO*45*176.85~REF*6R*CPEA9RCCLF7H~AMT*B6*96.14~LQ*HE*N45~LQ*HE*N381~SVC*HC:81002*4*3.37**1~DTM*472*20201102~CAS*CO*45*.63~REF*6R*CPEAQD1DK8WJ~AMT*B6*3.37~LQ*HE*N381~CLP*000100039238*1*15*8.34**MC*2020332021023~NM1*QC*1*SANCHEZ*YVONNE*A***MR*J289148~NM1*82*1*HOOSHMAND-PARSI*KAYHOSROW****XX*1447291851~REF*EA*96D3D2BE389D464485E3B2109A5CBA65~DTM*232*20200817~DTM*233*20200817~SVC*HC:81025*15*8.34**1~DTM*472*20200817~CAS*CO*45*6.66~REF*6R*CPE6RFL0OABJ~AMT*B6*8.34~LQ*HE*N59~LQ*HE*N381~CLP*000100041763*1*1805*1265.4**MC*2020332021111~NM1*QC*1*SANDOVAL*JULIA*L***MR*K495017~NM1*82*1*SEARLES*DENISE*A***XX*1396971230~REF*EA*22F418B580164CB5B9BD51F7D43E0A22~DTM*232*20201006~DTM*233*20201006~SVC*HC:J2315*1805*1265.4**380~DTM*472*20201006~CAS*CO*45*539.6~REF*6R*CPE6FPJFOXBC~AMT*B6*1265.4~LQ*HE*N59~LQ*HE*N381~CLP*000100043330*1*178.3*65.15**MC*2020332021264~NM1*QC*1*SANTIAGO*AMANDA*E***MR*O125804~NM1*82*1*GRONEMEYER*LEANNE*R***XX*1659521045~REF*EA*65A6E684B2D24EAAABCC4C2986ACC961~DTM*232*20201102~DTM*233*20201102~SVC*HC:99213*178.3*65.15**1~DTM*472*20201102~CAS*CO*45*113.15~REF*6R*CPEAGNDMZH59~AMT*B6*65.15~LQ*HE*N45~LQ*HE*N381~CLP*000100043085*1*15*8.34**MC*2020332021055~NM1*QC*1*SANTISTEVAN*CRYSTAL****MR*J216935~NM1*82*1*SEARLES*DENISE*A***XX*1396971230~REF*EA*235D3E9A1D7E4C0AB4A3D243C899102D~DTM*232*20201028~DTM*233*20201028~SVC*HC:81025*15*8.34**1~DTM*472*20201028~CAS*CO*45*6.66~REF*6R*CPE6LII0ZTKT~AMT*B6*8.34~LQ*HE*N59~LQ*HE*N381~CLP*000100041671*1*15*8.34**MC*2020332021057~NM1*QC*1*SANTISTEVAN*CRYSTAL****MR*J216935~NM1*82*1*SEARLES*DENISE*A***XX*1396971230~REF*EA*5C54961417CF4016999759110F77236A~DTM*232*20201002~DTM*233*20201002~SVC*HC:81025*15*8.34**1~DTM*472*20201002~CAS*CO*45*6.66~REF*6R*CPE6URSDNFBC~AMT*B6*8.34~LQ*HE*N59~LQ*HE*N381~CLP*000100043184*1*361.52*135.72**MC*2020332021196~NM1*QC*1*SANTISTEVAN*MARILYN****MR*J932671~NM1*82*1*GRONEMEYER*LEANNE*R***XX*1659521045~REF*EA*8F774FE6D2304F31B9A96DD6841C5636~DTM*232*20201029~DTM*233*20201029~SVC*HC:99214:25*272.99*96.14**1~DTM*472*20201029~CAS*CO*45*176.85~REF*6R*CPEA7WT04FIJ~AMT*B6*96.14~LQ*HE*N45~LQ*HE*N381~SVC*HC:90471*53.53*19.27**1~DTM*472*20201029~CAS*CO*45*34.26~REF*6R*CPEAQ5VN1Z5V~AMT*B6*19.27~LQ*HE*N45~LQ*HE*N381~SVC*HC:90756*35*20.31**1~DTM*472*20201029~CAS*CO*45*14.69~REF*6R*CPEAUCCJD65I~AMT*B6*20.31~LQ*HE*N381~CLP*000100040952*1*90*41.02**MC*2020332021180~NM1*QC*1*SANTISTEVAN*PHILIP****MR*I234576~NM1*82*1*GRONEMEYER*LEANNE*R***XX*1659521045~REF*EA*713BDE06AC974C99A2DD02447060C7D0~DTM*232*20200922~DTM*233*20200922~SVC*HC:G8431*40*30.21**1~DTM*472*20200922~CAS*CO*45*9.79~REF*6R*CPE6YR52NS3D~AMT*B6*30.21~LQ*HE*N59~LQ*HE*N45~LQ*HE*N381~SVC*HC:H0049*50*10.81**1~DTM*472*20200922~CAS*CO*45*39.19~REF*6R*CPE6EXMBEH70~AMT*B6*10.81~LQ*HE*N59~LQ*HE*N381~CLP*000100041533*1*4*3.37**MC*2020332021181~NM1*QC*1*SANTISTEVAN*PHILIP****MR*I234576~NM1*82*1*GRONEMEYER*LEANNE*R***XX*1659521045~REF*EA*C1388C53DA4440B58BDCA8D7E0960A47~DTM*232*20200930~DTM*233*20200930~SVC*HC:81002*4*3.37**1~DTM*472*20200930~CAS*CO*45*.63~REF*6R*CPE64M7IYPNW~AMT*B6*3.37~LQ*HE*N59~LQ*HE*N381~CLP*000100041941*1*4*3.37**MC*2020332021183~NM1*QC*1*SANTISTEVAN*PHILIP****MR*I234576~NM1*82*1*SEARLES*DENISE*A***XX*1396971230~REF*EA*CC822A8CA580418B8243E96DE67E043E~DTM*232*20201007~DTM*233*20201007~SVC*HC:81002*4*3.37**1~DTM*472*20201007~CAS*CO*45*.63~REF*6R*CPE6GHJCC83R~AMT*B6*3.37~LQ*HE*N59~LQ*HE*N381~CLP*000100043246*1*178.3*63.15*2*MC*2020332021064~NM1*QC*1*SMITH*DEBRA*J***MR*Y853821~NM1*82*1*CADDALI*ESTRELLA*A***XX*1164974580~REF*EA*19A0A74396CF4DE289B28AC0961C3905~DTM*232*20201030~DTM*233*20201030~SVC*HC:99213*178.3*63.15**1~DTM*472*20201030~CAS*PR*3*2~CAS*CO*45*113.15~REF*6R*CPEAEQMM10AA~AMT*B6*65.15~LQ*HE*N45~LQ*HE*N381~LQ*HE*N381~CLP*000100041426*1*94*44.39**MC*2020332021186~NM1*QC*1*SMITH*ERIK*K***MR*P962972~NM1*82*1*GRONEMEYER*LEANNE*R***XX*1659521045~REF*EA*C8131718AF544FC88351B668A90F824D~DTM*232*20200929~DTM*233*20200929~SVC*HC:81002*4*3.37**1~DTM*472*20200929~CAS*CO*45*.63~REF*6R*CPE63B1JYWOU~AMT*B6*3.37~LQ*HE*N77~LQ*HE*N381~SVC*HC:G8431*40*30.21**1~DTM*472*20200929~CAS*CO*45*9.79~REF*6R*CPE6NI9P5MB8~AMT*B6*30.21~LQ*HE*N77~LQ*HE*N45~LQ*HE*N381~SVC*HC:H0049*50*10.81**1~DTM*472*20200929~CAS*CO*45*39.19~REF*6R*CPE6FLTCQSGS~AMT*B6*10.81~LQ*HE*N77~LQ*HE*N381~CLP*000100041628*1*90*41.02**MC*2020332021138~NM1*QC*1*STAHURSKI*NOWELL****MR*G486575~NM1*82*1*SEARLES*DENISE*A***XX*1396971230~REF*EA*C51D267DB57F400FA4E7ACE496AB6B97~DTM*232*20201001~DTM*233*20201001~SVC*HC:G8431*40*30.21**1~DTM*472*20201001~CAS*CO*45*9.79~REF*6R*CPE637HTY2TT~AMT*B6*30.21~LQ*HE*N59~LQ*HE*N45~LQ*HE*N381~SVC*HC:H0049*50*10.81**1~DTM*472*20201001~CAS*CO*45*39.19~REF*6R*CPE6G7SOK8Z3~AMT*B6*10.81~LQ*HE*N59~LQ*HE*N381~CLP*000100041828*1*105*49.36**MC*2020332021145~NM1*QC*1*STEVES*ANDREA*S***MR*Y969576~NM1*82*1*SEARLES*DENISE*A***XX*1396971230~REF*EA*D1899863BFA8452C9C00C1B74486E57D~DTM*232*20201006~DTM*233*20201006~SVC*HC:H0049*50*10.81**1~DTM*472*20201006~CAS*CO*45*39.19~REF*6R*CPE6HY8BNEDJ~AMT*B6*10.81~LQ*HE*N59~LQ*HE*N381~SVC*HC:G8431*40*30.21**1~DTM*472*20201006~CAS*CO*45*9.79~REF*6R*CPE6TKFWJG4F~AMT*B6*30.21~LQ*HE*N59~LQ*HE*N45~LQ*HE*N381~SVC*HC:81025*15*8.34**1~DTM*472*20201006~CAS*CO*45*6.66~REF*6R*CPE6PTPBRVVY~AMT*B6*8.34~LQ*HE*N59~LQ*HE*N381~CLP*000100041608*1*90*41.02**MC*2020332021203~NM1*QC*1*STONEKING*DOUGLAS*E***MR*W057144~NM1*82*1*SEARLES*DENISE*A***XX*1396971230~REF*EA*309D97897B474282967793FF1C688898~DTM*232*20201001~DTM*233*20201001~SVC*HC:H0049*50*10.81**1~DTM*472*20201001~CAS*CO*45*39.19~REF*6R*CPE67W46TJ3M~AMT*B6*10.81~LQ*HE*N59~LQ*HE*N381~SVC*HC:G8431*40*30.21**1~DTM*472*20201001~CAS*CO*45*9.79~REF*6R*CPE66RC1WXFB~AMT*B6*30.21~LQ*HE*N59~LQ*HE*N45~LQ*HE*N381~CLP*000100043615*1*178.3*65.15**MC*2020332021024~NM1*QC*1*SUSANJ*PAMILA****MR*G602621~NM1*82*1*GRONEMEYER*LEANNE*R***XX*1659521045~REF*EA*02E86D07793543C2BB452691CAA25172~DTM*232*20201105~DTM*233*20201105~SVC*HC:99213*178.3*65.15**1~DTM*472*20201105~CAS*CO*45*113.15~REF*6R*CPEAAKMM2YK7~AMT*B6*65.15~LQ*HE*N45~LQ*HE*N381~CLP*000100043402*1*15*8.34**MC*2020332020990~NM1*QC*1*TABARES*ANGELA****MR*V900344~NM1*82*1*HOOSHMAND-PARSI*KAYHOSROW****XX*1447291851~REF*EA*857F1CD6EA0746CC83A4D676C58C68FC~DTM*232*20201103~DTM*233*20201103~SVC*HC:81025*15*8.34**1~DTM*472*20201103~CAS*CO*45*6.66~REF*6R*CPE6TMH8TT01~AMT*B6*8.34~LQ*HE*N59~LQ*HE*N381~CLP*000100041821*1*15*8.34**MC*2020332020993~NM1*QC*1*TABARES*ANGELA****MR*V900344~NM1*82*1*HOOSHMAND-PARSI*KAYHOSROW****XX*1447291851~REF*EA*5F5C21B085C84303BA4AB51B00928CFD~DTM*232*20201006~DTM*233*20201006~SVC*HC:81025*15*8.34**1~DTM*472*20201006~CAS*CO*45*6.66~REF*6R*CPE6O3KX8788~AMT*B6*8.34~LQ*HE*N59~LQ*HE*N381~CLP*000100042199*1*15*7.34*1*MC*2020332021117~NM1*QC*1*TANKSLEY*DAYSHA*A***MR*O203621~NM1*82*1*HOOSHMAND-PARSI*KAYHOSROW****XX*1447291851~REF*EA*C8BAFD53F2724B0793B7335001358889~DTM*232*20201013~DTM*233*20201013~SVC*HC:81025*15*7.34**1~DTM*472*20201013~CAS*PR*3*1~CAS*CO*45*6.66~REF*6R*CPE6G2OFVE77~AMT*B6*8.34~LQ*HE*N59~LQ*HE*N381~LQ*HE*N381~CLP*000100042487*1*774.06*308.73**MC*2020332021105~NM1*QC*1*TORRES*BERNADETTE*D***MR*G124708~NM1*82*1*TSAMBIKOS*RICHARD****XX*1467985713~REF*EA*17C468E24D2244868A2B19E99A650A85~DTM*232*20201016~DTM*233*20201016~SVC*HC:99204:25:FP*450.07*182.18**1~DTM*472*20201016~CAS*CO*45*267.89~REF*6R*CPEABZUHO9K4~AMT*B6*182.18~LQ*HE*N45~LQ*HE*N381~SVC*HC:96372:FP*83.99*15.51**1~DTM*472*20201016~CAS*CO*45*68.48~REF*6R*CPEANITAXCK5~AMT*B6*15.51~LQ*HE*N381~SVC*HC:J1050:FP*135*81**150~DTM*472*20201016~CAS*CO*45*54~REF*6R*CPEATOG2X23I~AMT*B6*81~LQ*HE*N381~SVC*HC:81025:FP*15*8.34**1~DTM*472*20201016~CAS*CO*45*6.66~REF*6R*CPEAZU1532F7~AMT*B6*8.34~LQ*HE*N381~SVC*HC:H0049*50*10.81**1~DTM*472*20201016~CAS*CO*45*39.19~REF*6R*CPEAU2YC1UKB~AMT*B6*10.81~LQ*HE*N381~SVC*HC:G8510*40*10.89**1~DTM*472*20201016~CAS*CO*45*29.11~REF*6R*CPEACE1GYOSP~AMT*B6*10.89~LQ*HE*N45~LQ*HE*N381~CLP*000100043461*1*178.3*65.15**MC*2020332021236~NM1*QC*1*TORRES*HAVEN*D***MR*L088241~NM1*82*1*CADDALI*ESTRELLA*A***XX*1164974580~REF*EA*BD98C78C09444EA5A957AC8EE6E5D542~DTM*232*20201103~DTM*233*20201103~SVC*HC:99213*178.3*65.15**1~DTM*472*20201103~CAS*CO*45*113.15~REF*6R*CPEAF4DJNEFP~AMT*B6*65.15~LQ*HE*N45~LQ*HE*N381~CLP*000100040497*1*90*21.7**MC*2020332021120~NM1*QC*1*TREFETHEN*TAD****MR*T840708~NM1*82*1*HOOSHMAND-PARSI*KAYHOSROW****XX*1447291851~REF*EA*D4F33CF0EF3641EBBFD5AE56009C2CE2~DTM*232*20200914~DTM*233*20200914~SVC*HC:G8510*40*10.89**1~DTM*472*20200914~CAS*CO*45*29.11~REF*6R*CPE6GWM1DF9L~AMT*B6*10.89~LQ*HE*N77~LQ*HE*N45~LQ*HE*N381~SVC*HC:H0049*50*10.81**1~DTM*472*20200914~CAS*CO*45*39.19~REF*6R*CPE6O63Z1VO0~AMT*B6*10.81~LQ*HE*N77~LQ*HE*N381~CLP*000100041260*1*105*49.36**MC*2020332021084~NM1*QC*1*TRUJILLO*KHELIE****MR*R898700~NM1*82*1*SEARLES*DENISE*A***XX*1396971230~REF*EA*5D458E7F17B842DDA77C87231021D74A~DTM*232*20200925~DTM*233*20200925~SVC*HC:81025*15*8.34**1~DTM*472*20200925~CAS*CO*45*6.66~REF*6R*CPE66EXGXHLI~AMT*B6*8.34~LQ*HE*N59~LQ*HE*N381~SVC*HC:H0049*50*10.81**1~DTM*472*20200925~CAS*CO*45*39.19~REF*6R*CPE6MIWEI5XU~AMT*B6*10.81~LQ*HE*N59~LQ*HE*N381~SVC*HC:G8431*40*30.21**1~DTM*472*20200925~CAS*CO*45*9.79~REF*6R*CPE64RWTWJF1~AMT*B6*30.21~LQ*HE*N59~LQ*HE*N45~LQ*HE*N381~CLP*000100042679*1*4*3.37**MC*2020332021141~NM1*QC*1*TRUJILLO*NATHAN*F***MR*N330377~NM1*82*1*GRONEMEYER*LEANNE*R***XX*1659521045~REF*EA*66D211A76B214400A6E168EB99E4C7A5~DTM*232*20201020~DTM*233*20201020~SVC*HC:81002*4*3.37**1~DTM*472*20201020~CAS*CO*45*.63~REF*6R*CPE6R5CH3GPN~AMT*B6*3.37~LQ*HE*N77~LQ*HE*N381~CLP*000100043454*1*4*2.37*1*MC*2020332021142~NM1*QC*1*TRUJILLO*NATHAN*F***MR*N330377~NM1*82*1*GRONEMEYER*LEANNE*R***XX*1659521045~REF*EA*E5B5DE6BEF0549D79E4EC85E668D2AF5~DTM*232*20201103~DTM*233*20201103~SVC*HC:81002*4*2.37**1~DTM*472*20201103~CAS*PR*3*1~CAS*CO*45*.63~REF*6R*CPE6UNM0BJZR~AMT*B6*3.37~LQ*HE*N77~LQ*HE*N381~LQ*HE*N381~CLP*000100044366*1*4*2.37*1*MC*2020332021143~NM1*QC*1*TRUJILLO*NATHAN*F***MR*N330377~NM1*82*1*GRONEMEYER*LEANNE*R***XX*1659521045~REF*EA*EECBB24130D94EE39F2298DDEC575D47~DTM*232*20201117~DTM*233*20201117~SVC*HC:81002*4*2.37**1~DTM*472*20201117~CAS*PR*3*1~CAS*CO*45*.63~REF*6R*CPE6VMZI9MDB~AMT*B6*3.37~LQ*HE*N77~LQ*HE*N381~LQ*HE*N381~CLP*000100043222*1*272.99*94.14*2*MC*2020332021039~NM1*QC*1*TRUJILLO*SEDARIA*C***MR*Y392563~NM1*82*1*GRONEMEYER*LEANNE*R***XX*1659521045~REF*EA*D120978D305949F490813BB115550D94~DTM*232*20201029~DTM*233*20201029~SVC*HC:99214*272.99*94.14**1~DTM*472*20201029~CAS*PR*3*2~CAS*CO*45*176.85~REF*6R*CPEAHBSM4N86~AMT*B6*96.14~LQ*HE*N45~LQ*HE*N381~LQ*HE*N381~CLP*000100043289*1*178.3*63.15*2*MC*2020332021162~NM1*QC*1*TURNER*DAVID*R***MR*P547112~NM1*82*1*CADDALI*ESTRELLA*A***XX*1164974580~REF*EA*09CB0330DA6B456D9553ABA892A74403~DTM*232*20201030~DTM*233*20201030~SVC*HC:99213*178.3*63.15**1~DTM*472*20201030~CAS*PR*3*2~CAS*CO*45*113.15~REF*6R*CPEAF7F9Y0R4~AMT*B6*65.15~LQ*HE*N45~LQ*HE*N381~LQ*HE*N381~CLP*000100039649*1*15*8.34**MC*2020332020997~NM1*QC*1*VARGAS*ERIKA*A***MR*L114609~NM1*82*1*GRONEMEYER*LEANNE*R***XX*1659521045~REF*EA*C4095DDA131648998E32997030CCB720~DTM*232*20200825~DTM*233*20200825~SVC*HC:81025*15*8.34**1~DTM*472*20200825~CAS*CO*45*6.66~REF*6R*CPE60QGE8SZ9~AMT*B6*8.34~LQ*HE*N77~LQ*HE*N381~CLP*000100041012*1*15*8.34**MC*2020332020998~NM1*QC*1*VARGAS*ERIKA*A***MR*L114609~NM1*82*1*GRONEMEYER*LEANNE*R***XX*1659521045~REF*EA*08EE85C8E0F94A81AD5580E57622D948~DTM*232*20200922~DTM*233*20200922~SVC*HC:81025*15*8.34**1~DTM*472*20200922~CAS*CO*45*6.66~REF*6R*CPE6F3KS7KGZ~AMT*B6*8.34~LQ*HE*N77~LQ*HE*N381~CLP*000100039324*1*15*8.34**MC*2020332020999~NM1*QC*1*VARGAS*ERIKA*A***MR*L114609~NM1*82*1*GRONEMEYER*LEANNE*R***XX*1659521045~REF*EA*338FF6B57E354D72BCA562656ADAC9B7~DTM*232*20200818~DTM*233*20200818~SVC*HC:81025*15*8.34**1~DTM*472*20200818~CAS*CO*45*6.66~REF*6R*CPE6LDIQ5CW6~AMT*B6*8.34~LQ*HE*N77~LQ*HE*N381~CLP*000100043398*1*178.3*65.15**MC*2020332021076~NM1*QC*1*VIGIL*JULIE*M***MR*D989489~NM1*82*1*CADDALI*ESTRELLA*A***XX*1164974580~REF*EA*D0FEF228E66C43DE98A478DB42F445BD~DTM*232*20201103~DTM*233*20201103~SVC*HC:99213*178.3*65.15**1~DTM*472*20201103~CAS*CO*45*113.15~REF*6R*CPEA3Y5PKD0M~AMT*B6*65.15~LQ*HE*N45~LQ*HE*N381~CLP*000100041769*1*15*8.34**MC*2020332021187~NM1*QC*1*VIGIL*TANESHA*M***MR*E303136~NM1*82*1*SEARLES*DENISE*A***XX*1396971230~REF*EA*55F215D5E6DE4C6BB0CB47EA7DFED15D~DTM*232*20201006~DTM*233*20201006~SVC*HC:81025*15*8.34**1~DTM*472*20201006~CAS*CO*45*6.66~REF*6R*CPE6TRG6IWQ0~AMT*B6*8.34~LQ*HE*N59~LQ*HE*N381~CLP*000100043306*1*397.99*143.41**MC*2020332021118~NM1*QC*1*WADE*ANDREA*M***MR*Q043001~NM1*82*1*TSAMBIKOS*RICHARD****XX*1467985713~REF*EA*A3EE152FB0E540AD8D1DC744BD6A53BB~DTM*232*20201030~DTM*233*20201030~SVC*HC:99214:25*272.99*96.14**1~DTM*472*20201030~CAS*CO*45*176.85~REF*6R*CPEA9RK6OPRV~AMT*B6*96.14~LQ*HE*N45~LQ*HE*N381~SVC*HC:20552*125*47.27**1~DTM*472*20201030~CAS*CO*45*77.73~REF*6R*CPEAGOBG03RF~AMT*B6*47.27~LQ*HE*N381~LQ*HE*N381~CLP*000100026875*1*178.3*65.81**MC*2020332021095~NM1*QC*1*WOELFLE*FRANK*J***MR*N903082~NM1*82*1*CADDALI*ESTRELLA*A***XX*1164974580~REF*EA*9A72167280C845E8A7AF4C534E4FF8B2~DTM*232*20191217~DTM*233*20191217~SVC*HC:99213*178.3*65.81**1~DTM*472*20191217~CAS*CO*45*112.49~REF*6R*CPEAUA481W6F~AMT*B6*65.81~LQ*HE*N381~CLP*000100043248*1*178.3*65.15**MC*2020332021096~NM1*QC*1*WOELFLE*FRANK*J***MR*N903082~NM1*82*1*CADDALI*ESTRELLA*A***XX*1164974580~REF*EA*DD47B735AEB34D0D881E50F0C052F3DD~DTM*232*20201030~DTM*233*20201030~SVC*HC:99213*178.3*65.15**1~DTM*472*20201030~CAS*CO*45*113.15~REF*6R*CPEA8QL6DK8D~AMT*B6*65.15~LQ*HE*N45~LQ*HE*N381~CLP*000100039604*1*15*8.34**MC*2020332021232~NM1*QC*1*WOODARD*LYDIA****MR*P869732~NM1*82*1*SEARLES*DENISE*A***XX*1396971230~REF*EA*475E6D6470C94F9E88E9C6D2F3C1EFFB~DTM*232*20200825~DTM*233*20200825~SVC*HC:81025*15*8.34**1~DTM*472*20200825~CAS*CO*45*6.66~REF*6R*CPE62K42Q8JV~AMT*B6*8.34~LQ*HE*N59~LQ*HE*N381~CLP*000100041794*4*217.66*0**MC*2020332020968~NM1*QC*1*BARNARD*DEBORAH****MR*O354989~NM1*82*1*LEWIS*HOLLY*G***XX*1295234128~REF*EA*3C671E92214E41EBA51B6397A7D50C6D~DTM*232*20201006~DTM*233*20201006~SVC*HC:90832*217.66*0**0**1~DTM*472*20201006~CAS*PI*16*217.66~REF*6R*CPEA9FOGWI20~LQ*HE*MA92~LQ*HE*MA92~LQ*HE*N56~CLP*000100043139*4*272.99*0**MC*2020332021154~NM1*QC*1*CHADDIC*KARINA*A***MR*Y573460~NM1*82*1*TSAMBIKOS*RICHARD****XX*1467985713~REF*EA*6134DD7C248845A48D59900F1BFA7C17~DTM*232*20201028~DTM*233*20201028~SVC*HC:99214*272.99*0**0**1~DTM*472*20201028~CAS*PI*16*272.99~REF*6R*CPEAQA8QYBVR~LQ*HE*N45~LQ*HE*N56~LQ*HE*N381~CLP*000100040198*4*15*0**MC*2020332021185~NM1*QC*1*COBERLY*DOUGLAS*D***MR*R899013~NM1*82*1*GRONEMEYER*LEANNE*R***XX*1659521045~REF*EA*81C6DBC231334178BA20B11F53AD5B43~DTM*232*20200908~DTM*233*20200908~SVC*HC:81025*15*0**0**1~DTM*472*20200908~CAS*PI*16*15~REF*6R*CPE6B3O5NJ93~LQ*HE*N77~LQ*HE*N56~CLP*000100041935*4*15*0**MC*2020332020978~NM1*QC*1*FIORINI*CHRISTENA*E***MR*Y109693~NM1*82*1*GRONEMEYER*LEANNE*R***XX*1659521045~REF*EA*BAAA50148F0C43E392D03572FEA18374~DTM*232*20201007~DTM*233*20201007~SVC*HC:81025*15*0**0**1~DTM*472*20201007~CAS*PI*5*15~REF*6R*CPE6WIBKDKYV~LQ*HE*N59~LQ*HE*M77~LQ*HE*M77~CLP*000100042763*4*15*0**MC*2020332021235~NM1*QC*1*GOW*LAYLA*A***MR*O314223~NM1*82*1*GRONEMEYER*LEANNE*R***XX*1659521045~REF*EA*ADF277969EE540259EBAA0ABB8414762~DTM*232*20201021~DTM*233*20201021~SVC*HC:81025*15*0**0**1~DTM*472*20201021~CAS*PI*5*15~REF*6R*CPE6MFR0DGVH~LQ*HE*N59~LQ*HE*M77~CLP*000100043126*4*178.3*0**MC*2020332021171~NM1*QC*1*MITCHELL*DEBORAH****MR*W309719~NM1*82*1*CADDALI*ESTRELLA*A***XX*1164974580~REF*EA*575B15C1649D4D6C9034C8916586166D~DTM*232*20201028~DTM*233*20201028~SVC*HC:99213*178.3*0**0**1~DTM*472*20201028~CAS*PI*16*178.3~REF*6R*CPEA8V5BA5X2~LQ*HE*N45~LQ*HE*N381~CLP*000100041907*4*15*0**MC*2020332021158~NM1*QC*1*MONSON*SAVANNAH*R***MR*U391305~NM1*82*1*GRONEMEYER*LEANNE*R***XX*1659521045~REF*EA*AE9FE6D4B8354C859CB356AB11EC2F59~DTM*232*20201007~DTM*233*20201007~SVC*HC:81025*15*0**0**1~DTM*472*20201007~CAS*PI*5*15~REF*6R*CPE62YYS9IK4~LQ*HE*N59~LQ*HE*M77~CLP*000100044330*4*40*0**MC*2020332021209~NM1*QC*1*NAVARETTE*BEV****MR*P850117~NM1*82*1*GRONEMEYER*LEANNE*R***XX*1659521045~REF*EA*503E17CD2FF44AE29E638C08B7303EAC~DTM*232*20201117~DTM*233*20201117~SVC*HC:G8510*40*0**0**1~DTM*472*20201117~CAS*PI*5*40~REF*6R*CPE6H63M3E61~LQ*HE*N77~LQ*HE*M77~LQ*HE*M77~CLP*000100040342*4*108.83*0**MC*2020332020964~NM1*QC*1*REINSMITH*GARY*L***MR*G105684~NM1*82*1*LEWIS*HOLLY*G***XX*1295234128~REF*EA*65F8BDA657084FA0B13AA7E7E4379CDA~DTM*232*20200909~DTM*233*20200909~SVC*HC:H0004*108.83*0**0**1~DTM*472*20200909~CAS*CO*109*108.83~REF*6R*CPEAVU8M93QW~LQ*HE*N381~CLP*000100042292*4*15*0**MC*2020332020980~NM1*QC*1*ROBIN*RONDI*L***MR*L564167~NM1*82*1*GRONEMEYER*LEANNE*R***XX*1659521045~REF*EA*F5039AC5289541F5AB432BE233621F85~DTM*232*20201014~DTM*233*20201014~SVC*HC:81025*15*0**0**1~DTM*472*20201014~CAS*PI*5*15~REF*6R*CPE6IKNSYFAG~LQ*HE*N59~LQ*HE*M77~LQ*HE*M77~CLP*000100042254*4*15*0**MC*2020332021242~NM1*QC*1*SANCHEZ*LEANNA*A***MR*L179099~NM1*82*1*GRONEMEYER*LEANNE*R***XX*1659521045~REF*EA*C3264F4FAEF0461B954A733476EDE81B~DTM*232*20201014~DTM*233*20201014~SVC*HC:81025*15*0**0**1~DTM*472*20201014~CAS*PI*5*15~REF*6R*CPE6P4T9XTCF~LQ*HE*N59~LQ*HE*M77~CLP*000100042884*4*88.54*0**MC*2020332020957~NM1*QC*1*STELLE*NANCY*B***MR*E258967~NM1*82*1*LEWIS*HOLLY*G***XX*1295234128~REF*EA*9EA7D58E132748CF914A07A338BCD2A4~DTM*232*20201022~DTM*233*20201022~SVC*HC:H0002*88.54*0**0**1~DTM*472*20201022~CAS*PI*5*88.54~REF*6R*CPEADLLQTP1V~LQ*HE*M77~LQ*HE*N519~SE*3077*000010013~GE*1*300013215~IEA*1*300013215~