ISA*00*          *00*          *ZZ*COMEDASSISTPROG*ZZ*6769489        *201109*0233*^*00501*200047349*0*P*:~GS*HP*COMEDASSISTPROG*6769489*20201109*023340*200047349*X*005010X221A1~ST*835*000010012~BPR*I*10194.25*C*ACH*CCP*01*075911603*DA*00000004556640373*1811725341**01*102106569*DA*2200002989138*20201109~TRN*1*001133628*1811725341~REF*EV*1508250911~DTM*405*20201106~N1*PR*CO_TXIX*XV*7912900843~N3*P.O. BOX 30~N4*DENVER*CO*80201~PER*CX*MEDICAID PROVIDER SERVICES*TE*8442352387~PER*BL*MEDICAID PROVIDER SERVICES*TE*8442352387~N1*PE*HEALTH SOLUTIONS MED CENTER*XX*1508250911~REF*TJ*841158933~LX*1~CLP*000100041500*2*178.3*3.44**MC*2020305001887~NM1*QC*1*ARAGON*DIANA*L***MR*T805149~NM1*82*1*HOOSHMAND-PARSI*KAYHOSROW****XX*1447291851~REF*EA*C61513E9AB52494D8D73B0132EF3FF67~DTM*232*20200930~DTM*233*20200930~SVC*HC:99213*178.3*3.44**1~DTM*472*20200930~CAS*CO*45*174.86~REF*6R*CP3QDMA1L5Z0~AMT*B6*3.44~LQ*HE*N45~LQ*HE*N381~LQ*HE*N381~CLP*39379*2*272.99*40**MC*2220311010387~NM1*QC*1*CORDOVAALMUINA*JUAN****MR*Y121841~DTM*232*20200819~DTM*233*20200819~SVC*HC:99214*272.99*40**1~DTM*472*20200819~CAS*CO*45*232.99~REF*HPI*1659521045~AMT*B6*40~LQ*HE*N45~LQ*HE*N381~LQ*HE*N381~CLP*31974*2*407.99*68.71**MC*2220308003475~NM1*QC*1*DICKERSON*RAUNITA*E***MR*G832391~DTM*232*20200323~DTM*233*20200323~SVC*HC:99214:25:FP*272.99*68.71**1~DTM*472*20200323~CAS*CO*45*204.28~REF*HPI*1659521045~AMT*B6*68.71~LQ*HE*N381~LQ*HE*N381~SVC*HC:J1050:FP*135*0**0**1~DTM*472*20200323~CAS*PI*16*135~REF*HPI*1659521045~LQ*HE*M119~LQ*HE*N381~CLP*000100041253*2*178.3*12.69**MC*2020305001883~NM1*QC*1*FENWICK*SUSAN****MR*I982356~NM1*82*1*CADDALI*ESTRELLA*A***XX*1164974580~REF*EA*6EAC5344A1AB4032A2EE4E0E3E8AE2E7~DTM*232*20200925~DTM*233*20200925~SVC*HC:99213*178.3*12.69**1~DTM*472*20200925~CAS*CO*45*165.61~REF*6R*CP3QBYZ8GPZX~AMT*B6*12.69~LQ*HE*N45~LQ*HE*N381~LQ*HE*N381~CLP*37094*2*178.3*65.15**MC*2220308004290~NM1*QC*1*GROVE*JOHNNY*W***MR*P705132~DTM*232*20200702~DTM*233*20200702~SVC*HC:99213*178.3*65.15**1~DTM*472*20200702~CAS*CO*45*113.15~REF*HPI*1447291851~AMT*B6*65.15~LQ*HE*N45~LQ*HE*N381~CLP*000100041627*2*272.99*19**MC*2020305001896~NM1*QC*1*GURGANUS*ANTHONY****MR*O603264~NM1*82*1*GRONEMEYER*LEANNE*R***XX*1659521045~REF*EA*5968CA797A9541118A2A5618AA671E5D~DTM*232*20201001~DTM*233*20201001~SVC*HC:99214*272.99*19**1~DTM*472*20201001~CAS*CO*45*253.99~REF*6R*CP3QHRYOFG3Q~AMT*B6*19~LQ*HE*N45~LQ*HE*N381~LQ*HE*N381~CLP*000100041161*2*316.11*18.98**MC*2020305001880~NM1*QC*1*LOPEZ*JOSE*T***MR*I605668~NM1*82*1*CADDALI*ESTRELLA*A***XX*1164974580~REF*EA*465DABACD84445A8BEF640BFED26486A~DTM*232*20200924~DTM*233*20200924~SVC*HC:99213:25*178.3*12.69**1~DTM*472*20200924~CAS*CO*45*165.61~REF*6R*CP3Q39I10JW7~AMT*B6*12.69~LQ*HE*N45~LQ*HE*N381~LQ*HE*N381~SVC*HC:G0444*30.75*0**1~DTM*472*20200924~CAS*CO*45*30.75~REF*6R*CP3Q0QLV4HRN~SVC*HC:G0396*107.06*6.29**1~DTM*472*20200924~CAS*OA*P22*100.77~REF*6R*CP3QC5H47WCA~AMT*B6*6.29~LQ*HE*MA125~CLP*000100041192*2*193.3*12.69**MC*2020305001893~NM1*QC*1*ROBINSON*JASMINE*G***MR*Y094819~NM1*82*1*SEARLES*DENISE*A***XX*1396971230~REF*EA*9A9B5892534F46629A2440A4E5207C2C~DTM*232*20200924~DTM*233*20200924~SVC*HC:99213:25*178.3*12.69**1~DTM*472*20200924~CAS*CO*45*165.61~REF*6R*CP3QY7KWD7XE~AMT*B6*12.69~LQ*HE*N45~LQ*HE*N381~LQ*HE*N381~SVC*HC:81025*15*0**1~DTM*472*20200924~CAS*CO*45*15~REF*6R*CP3Q9QNRD39N~LQ*HE*N381~CLP*000100041080*2*178.3*12.69**MC*2020305001889~NM1*QC*1*TRUJILLO*STEPHANIE*J***MR*H288367~NM1*82*1*SEARLES*DENISE*A***XX*1396971230~REF*EA*BDC254021B044032915DADD3B1BB04D5~DTM*232*20200923~DTM*233*20200923~SVC*HC:99213*178.3*12.69**1~DTM*472*20200923~CAS*CO*45*165.61~REF*6R*CP3QYJQ3I9SL~AMT*B6*12.69~LQ*HE*N45~LQ*HE*N381~LQ*HE*N381~CLP*000100041507*2*178.3*12.69**MC*2020305001895~NM1*QC*1*WAGNER*DOROTHY*J***MR*P790476~NM1*82*1*CADDALI*ESTRELLA*A***XX*1164974580~REF*EA*01FE4FF5B8914C98A657839EE499BBE3~DTM*232*20200930~DTM*233*20200930~SVC*HC:99213*178.3*12.69**1~DTM*472*20200930~CAS*CO*45*165.61~REF*6R*CP3QAMINC1XS~AMT*B6*12.69~LQ*HE*N45~LQ*HE*N381~LQ*HE*N381~CLP*000100036841*22*-313.3*-94.11**MC*2020238001801~NM1*QC*1*DICKERSON*RAUNITA****MR*G832391~NM1*82*1*GRONEMEYER*LEANNE*R***XX*1659521045~REF*EA*D15E2A7C75E746B1AEE3EF1EF1C99555~DTM*232*20200629~DTM*233*20200629~SVC*HC:99213:95:FP:25*-178.3*-13.11**1~DTM*472*20200629~CAS*CO*45*-165.19~REF*6R*CPIISA9H9SGL~AMT*B6*13.11~LQ*HE*N381~LQ*HE*N381~SVC*HC:J1050:FP*-135*-81**150~DTM*472*20200629~CAS*CO*45*-54~REF*6R*CPIIYNE21948~AMT*B6*81~LQ*HE*N381~CLP*000100036841*2*313.3*46.15**MC*5920308013036~NM1*QC*1*DICKERSON*RAUNITA*E***MR*G832391~NM1*82*1*GRONEMEYER*LEANNE*R***XX*1659521045~DTM*232*20200629~DTM*233*20200629~SVC*HC:99213:95:FP:25*178.3*13.11**1~DTM*472*20200629~CAS*CO*45*165.19~AMT*B6*13.11~LQ*HE*N381~LQ*HE*N381~SVC*HC:J1050:FP*135*33.04**150~DTM*472*20200629~CAS*CO*45*101.96~AMT*B6*33.04~LQ*HE*N381~LQ*HE*N381~CLP*000100041603*1*501.19*198.03**MC*2020310060536~NM1*QC*1*ABBOTT*SUMMER*S***MR*P163730~NM1*82*1*GRONEMEYER*LEANNE*R***XX*1659521045~REF*EA*33A101DD45C7446784BD751201914932~DTM*232*20201001~DTM*233*20201001~SVC*HC:99214:25*272.99*96.14**1~DTM*472*20201001~CAS*CO*45*176.85~REF*6R*CPCQE44RSPMM~AMT*B6*96.14~LQ*HE*N45~LQ*HE*N381~SVC*HC:90471*53.53*19.27**1~DTM*472*20201001~CAS*CO*45*34.26~REF*6R*CPCQJQ7GRELS~AMT*B6*19.27~LQ*HE*N45~LQ*HE*N381~SVC*HC:90756*30*20.31**1~DTM*472*20201001~CAS*CO*45*9.69~REF*6R*CPCQOUSC8THL~AMT*B6*20.31~LQ*HE*N381~SVC*HC:93000:76*54.67*21.29**1~DTM*472*20201001~CAS*CO*45*33.38~REF*6R*CPCQFRX0WVYT~AMT*B6*21.29~LQ*HE*N381~SVC*HC:H0049*50*10.81**1~DTM*472*20201001~CAS*CO*45*39.19~REF*6R*CPCQBL1S1V36~AMT*B6*10.81~LQ*HE*N381~SVC*HC:G8431*40*30.21**1~DTM*472*20201001~CAS*CO*45*9.79~REF*6R*CPCQZETMH0M4~AMT*B6*30.21~LQ*HE*N45~LQ*HE*N381~CLP*000100042441*1*356.83*124.43*2*MC*2020310060329~NM1*QC*1*ALEXANDER*ANTHONY*A***MR*L236477~NM1*82*1*CADDALI*ESTRELLA*A***XX*1164974580~REF*EA*D1ED283DA5324998848DDFFD10D78732~DTM*232*20201016~DTM*233*20201016~SVC*HC:99213:25*178.3*63.15**1~DTM*472*20201016~CAS*PR*3*2~CAS*CO*45*113.15~REF*6R*CPCQG9IXLTRD~AMT*B6*65.15~LQ*HE*N45~LQ*HE*N381~LQ*HE*N381~SVC*HC:90471*53.53*19.27**1~DTM*472*20201016~CAS*CO*45*34.26~REF*6R*CPCQTESVSYHL~AMT*B6*19.27~LQ*HE*N45~LQ*HE*N381~SVC*HC:90756*35*20.31**1~DTM*472*20201016~CAS*CO*45*14.69~REF*6R*CPCQSI2LREKY~AMT*B6*20.31~LQ*HE*N381~SVC*HC:H0049*50*10.81**1~DTM*472*20201016~CAS*CO*45*39.19~REF*6R*CPCQ2U63UTHP~AMT*B6*10.81~LQ*HE*N381~SVC*HC:G8510*40*10.89**1~DTM*472*20201016~CAS*CO*45*29.11~REF*6R*CPCQT4ZNSCMO~AMT*B6*10.89~LQ*HE*N45~LQ*HE*N381~CLP*000100041824*1*544.07*173.16**MC*2020310060145~NM1*QC*1*AMOS*JAMES*R***MR*O815925~NM1*82*1*WARE*SONDRA*E***XX*1386181444~REF*EA*0A7E993BF86E4B59AACB4B5427A28445~DTM*232*20201006~DTM*233*20201006~SVC*HC:99204:25*450.07*148.09**1~DTM*472*20201006~CAS*CO*45*301.98~REF*6R*CPCQ2EOKWBGT~AMT*B6*148.09~LQ*HE*N45~LQ*HE*N381~SVC*HC:81002*4*3.37**1~DTM*472*20201006~CAS*CO*45*.63~REF*6R*CPCQHDKGZ8JR~AMT*B6*3.37~LQ*HE*N381~SVC*HC:H0049*50*10.81**1~DTM*472*20201006~CAS*CO*45*39.19~REF*6R*CPCQH0C37ZBE~AMT*B6*10.81~LQ*HE*N381~SVC*HC:G8510*40*10.89**1~DTM*472*20201006~CAS*CO*45*29.11~REF*6R*CPCQF9M7B17Y~AMT*B6*10.89~LQ*HE*N45~LQ*HE*N381~CLP*000100041890*1*284.83*127.34**MC*2020310060103~NM1*QC*1*ARCHULETA*MATTHEW****MR*Y421943~NM1*82*1*TSAMBIKOS*RICHARD****XX*1467985713~REF*EA*E0B3CDE104114BEAA3146028BFE548E5~DTM*232*20201007~DTM*233*20201007~SVC*HC:99213:25*178.3*65.15**1~DTM*472*20201007~CAS*CO*45*113.15~REF*6R*CPCQ2BZU9PXK~AMT*B6*65.15~LQ*HE*N45~LQ*HE*N381~SVC*HC:90471*53.53*19.27**1~DTM*472*20201007~CAS*CO*45*34.26~REF*6R*CPCQPZ8X897P~AMT*B6*19.27~LQ*HE*N45~LQ*HE*N381~SVC*HC:90715*53*42.92**1~DTM*472*20201007~CAS*CO*45*10.08~REF*6R*CPCQWONOOEK2~AMT*B6*42.92~LQ*HE*N381~CLP*000100041868*1*178.3*63.15*2*MC*2020310060516~NM1*QC*1*BACA*JESSE****MR*Y236624~NM1*82*1*CADDALI*ESTRELLA*A***XX*1164974580~REF*EA*6B164A799DEA4F0B9FADE835010C3E49~DTM*232*20201007~DTM*233*20201007~SVC*HC:99213*178.3*63.15**1~DTM*472*20201007~CAS*PR*3*2~CAS*CO*45*113.15~REF*6R*CPCQDTJ0OW28~AMT*B6*65.15~LQ*HE*N45~LQ*HE*N381~LQ*HE*N381~CLP*000100038471*1*178.3*65.15**MC*2020310059892~NM1*QC*1*BAIRD*ODEN*M***MR*G327791~NM1*82*1*TSAMBIKOS*RICHARD****XX*1467985713~REF*EA*6F8525F9360B4FB9856335A8185F937E~DTM*232*20200731~DTM*233*20200731~SVC*HC:99213*178.3*65.15**1~DTM*472*20200731~CAS*CO*45*113.15~REF*6R*CPC6X4U62J3N~AMT*B6*65.15~LQ*HE*N45~LQ*HE*N381~CLP*000100041831*1*362.99*137.16**MC*2020310060584~NM1*QC*1*BIEKER*SUSAN****MR*D791521~NM1*82*1*CADDALI*ESTRELLA*A***XX*1164974580~REF*EA*DA084C2121734CCDAC55F00711738DD1~DTM*232*20201006~DTM*233*20201006~SVC*HC:99214:25*272.99*96.14**1~DTM*472*20201006~CAS*CO*45*176.85~REF*6R*CPCQFJSUMCJ3~AMT*B6*96.14~LQ*HE*N45~LQ*HE*N381~SVC*HC:H0049*50*10.81**1~DTM*472*20201006~CAS*CO*45*39.19~REF*6R*CPCQYMRDE27O~AMT*B6*10.81~LQ*HE*N381~SVC*HC:G8431*40*30.21**1~DTM*472*20201006~CAS*CO*45*9.79~REF*6R*CPCQ0OIV7K04~AMT*B6*30.21~LQ*HE*N45~LQ*HE*N381~CLP*000100042345*1*280.17*104.49**MC*2020310060419~NM1*QC*1*BILLINGS EMORY*TOBIAS****MR*G323122~NM1*74*1*BILLINGSEMORY**J~NM1*82*1*GRONEMEYER*LEANNE*R***XX*1659521045~REF*EA*68A5A0688DD0459098E19C514F6A65CC~DTM*232*20201015~DTM*233*20201015~SVC*HC:99394*280.17*104.49**1~DTM*472*20201015~CAS*CO*45*175.68~REF*6R*CPCQAR2QD35Q~AMT*B6*104.49~LQ*HE*N45~LQ*HE*N381~CLP*000100042592*1*177.07*76.58*2*MC*2020310060135~NM1*QC*1*BUTLER*BEATRICE****MR*I033994~NM1*82*1*GRONEMEYER*LEANNE*R***XX*1659521045~REF*EA*EBAF6FCBCBBF4002941DB72218861BD0~DTM*232*20201019~DTM*233*20201019~SVC*HC:99212:25*88.54*37**1~DTM*472*20201019~CAS*PR*3*2~CAS*CO*45*49.54~REF*6R*CPCQNB40L5YT~AMT*B6*39~LQ*HE*N45~LQ*HE*N381~LQ*HE*N381~SVC*HC:90471*53.53*19.27**1~DTM*472*20201019~CAS*CO*45*34.26~REF*6R*CPCQQ0191VH0~AMT*B6*19.27~LQ*HE*N45~LQ*HE*N381~SVC*HC:90756*35*20.31**1~DTM*472*20201019~CAS*CO*45*14.69~REF*6R*CPCQMCHYNNOJ~AMT*B6*20.31~LQ*HE*N381~CLP*000100038608*1*272.99*118.45**MC*2020310060253~NM1*QC*1*CRAMER*KYRSTEN*P***MR*P381262~NM1*82*1*CADDALI*ESTRELLA*A***XX*1164974580~REF*EA*D3294310D6C64A1CB570914537B5B139~DTM*232*20200804~DTM*233*20200804~SVC*HC:99214:FP*272.99*118.45**1~DTM*472*20200804~CAS*CO*45*154.54~REF*6R*CPC66XR8XCNC~AMT*B6*118.45~LQ*HE*N45~LQ*HE*N381~CLP*000100041849*1*628.6*207.37*2*MC*2020310060667~NM1*QC*1*DEVRIES*JORDAN****MR*Y354101~NM1*82*1*TSAMBIKOS*RICHARD****XX*1467985713~REF*EA*33B53C0913A24824A9647178D0F38C61~DTM*232*20201006~DTM*233*20201006~SVC*HC:99204:25*450.07*146.09**1~DTM*472*20201006~CAS*PR*3*2~CAS*CO*45*301.98~REF*6R*CPCQND0JGOKB~AMT*B6*148.09~LQ*HE*N45~LQ*HE*N381~LQ*HE*N381~SVC*HC:90471*53.53*19.27**1~DTM*472*20201006~CAS*CO*45*34.26~REF*6R*CPCQCAPE23X9~AMT*B6*19.27~LQ*HE*N45~LQ*HE*N381~SVC*HC:90756*35*20.31**1~DTM*472*20201006~CAS*CO*45*14.69~REF*6R*CPCQ97YGJ022~AMT*B6*20.31~LQ*HE*N381~SVC*HC:H0049*50*10.81**1~DTM*472*20201006~CAS*CO*45*39.19~REF*6R*CPCQ9MJ4H6A1~AMT*B6*10.81~LQ*HE*N381~SVC*HC:G8510*40*10.89**1~DTM*472*20201006~CAS*CO*45*29.11~REF*6R*CPCQFB1GG6EB~AMT*B6*10.89~LQ*HE*N45~LQ*HE*N381~CLP*000100042703*1*178.3*63.15*2*MC*2020310059798~NM1*QC*1*DOMINGUEZ*MICHAEL****MR*Y391845~NM1*82*1*CADDALI*ESTRELLA*A***XX*1164974580~REF*EA*C02860FCB02740B2A3217D08B4A3EC6C~DTM*232*20201021~DTM*233*20201021~SVC*HC:99213*178.3*63.15**1~DTM*472*20201021~CAS*PR*3*2~CAS*CO*45*113.15~REF*6R*CPCQ8M77TA1W~AMT*B6*65.15~LQ*HE*N45~LQ*HE*N381~LQ*HE*N381~CLP*000100041873*1*272.99*94.14*2*MC*2020310059814~NM1*QC*1*DOMINGUEZ*MICHAEL****MR*Y391845~NM1*82*1*CADDALI*ESTRELLA*A***XX*1164974580~REF*EA*1F52B954E1EB45ECBE0575CE45B4499C~DTM*232*20201007~DTM*233*20201007~SVC*HC:99214*272.99*94.14**1~DTM*472*20201007~CAS*PR*3*2~CAS*CO*45*176.85~REF*6R*CPCQVPMX2SQ1~AMT*B6*96.14~LQ*HE*N45~LQ*HE*N381~LQ*HE*N381~CLP*000100042695*1*272.99*96.14**MC*2020310060445~NM1*QC*1*ELLISON*TRACY****MR*Y263234~NM1*82*1*HOOSHMAND-PARSI*KAYHOSROW****XX*1447291851~REF*EA*0CC64FA50BE4444F885CA2EC802AFE66~DTM*232*20201020~DTM*233*20201020~SVC*HC:99214*272.99*96.14**1~DTM*472*20201020~CAS*CO*45*176.85~REF*6R*CPCQ1NUI5T86~AMT*B6*96.14~LQ*HE*N45~LQ*HE*N381~CLP*000100042370*1*268.3*84.85*2*MC*2020310059834~NM1*QC*1*ESCOBEDO*TIFFANY*M***MR*R311720~NM1*82*1*CADDALI*ESTRELLA*A***XX*1164974580~REF*EA*CBC4198712E740A6AF3E9856216A5CD8~DTM*232*20201015~DTM*233*20201015~SVC*HC:99213:25*178.3*63.15**1~DTM*472*20201015~CAS*PR*3*2~CAS*CO*45*113.15~REF*6R*CPCQ5EWSTDST~AMT*B6*65.15~LQ*HE*N45~LQ*HE*N381~LQ*HE*N381~SVC*HC:H0049*50*10.81**1~DTM*472*20201015~CAS*CO*45*39.19~REF*6R*CPCQ0SIEPXXM~AMT*B6*10.81~LQ*HE*N381~SVC*HC:G8510*40*10.89**1~DTM*472*20201015~CAS*CO*45*29.11~REF*6R*CPCQ1SN4N9AU~AMT*B6*10.89~LQ*HE*N45~LQ*HE*N381~CLP*000100042128*1*15*8.34**MC*2020310060768~NM1*QC*1*ESPINOZA*BRITTANY*R***MR*K573276~NM1*82*1*HOOSHMAND-PARSI*KAYHOSROW****XX*1447291851~REF*EA*8C92B133771143CBBA375262BC6CBCC2~DTM*232*20201012~DTM*233*20201012~SVC*HC:81025*15*8.34**1~DTM*472*20201012~CAS*CO*45*6.66~REF*6R*CPCQ8DZ8GFIW~AMT*B6*8.34~LQ*HE*N59~LQ*HE*N381~CLP*000100042647*1*15*8.34**MC*2020310060773~NM1*QC*1*ESPINOZA*BRITTANY*R***MR*K573276~NM1*82*1*HOOSHMAND-PARSI*KAYHOSROW****XX*1447291851~REF*EA*33FA8CD0E1FB4590BD07F13CB33595AB~DTM*232*20201020~DTM*233*20201020~SVC*HC:81025*15*8.34**1~DTM*472*20201020~CAS*CO*45*6.66~REF*6R*CPCQFCL6TQWO~AMT*B6*8.34~LQ*HE*N59~LQ*HE*N381~CLP*000100041782*1*15*8.34**MC*2020310060781~NM1*QC*1*ESPINOZA*BRITTANY*R***MR*K573276~NM1*82*1*SEARLES*DENISE*A***XX*1396971230~REF*EA*43A35B1BD7ED4DD494DCE0736545B346~DTM*232*20201006~DTM*233*20201006~SVC*HC:81025*15*8.34**1~DTM*472*20201006~CAS*CO*45*6.66~REF*6R*CPCQV51JGL3Y~AMT*B6*8.34~LQ*HE*N59~LQ*HE*N381~CLP*39414*1*603.24*199.82*2*MC*2220308004158~NM1*QC*1*FIENE*ALAURA*C***MR*G541414~DTM*232*20200819~DTM*233*20200819~SVC*HC:99204:25*450.07*146.09**1~DTM*472*20200819~CAS*PR*3*2~CAS*CO*45*301.98~REF*HPI*1467985713~AMT*B6*148.09~LQ*HE*N45~LQ*HE*N381~LQ*HE*N381~SVC*HC:98926:51*46.07*19.6**1~DTM*472*20200819~CAS*CO*45*26.47~REF*HPI*1467985713~AMT*B6*19.6~LQ*HE*N381~SVC*HC:H0049*50*10.81**1~DTM*472*20200819~CAS*CO*45*39.19~REF*HPI*1467985713~AMT*B6*10.81~LQ*HE*N381~SVC*HC:G8510*40*10.89**1~DTM*472*20200819~CAS*CO*45*29.11~REF*HPI*1467985713~AMT*B6*10.89~LQ*HE*N45~LQ*HE*N381~SVC*HC:99406*17.1*12.43**1~DTM*472*20200819~CAS*CO*45*4.67~REF*HPI*1467985713~AMT*B6*12.43~LQ*HE*N45~LQ*HE*N381~CLP*000100042603*1*272.99*96.14**MC*2020310060803~NM1*QC*1*FLORES*JOE*F***MR*P507699~NM1*82*1*CADDALI*ESTRELLA*A***XX*1164974580~REF*EA*4A5F61683D144AA88636D12B4D1DAB9B~DTM*232*20201020~DTM*233*20201020~SVC*HC:99214*272.99*96.14**1~DTM*472*20201020~CAS*CO*45*176.85~REF*6R*CPCQKWJX4CTC~AMT*B6*96.14~LQ*HE*N45~LQ*HE*N381~CLP*000100042547*1*178.3*65.15**MC*2020310059821~NM1*QC*1*FOX*KERRY****MR*Y600007~NM1*82*1*GRONEMEYER*LEANNE*R***XX*1659521045~REF*EA*6E6ED5D8421B49E5AD0D10C371A5CF9A~DTM*232*20201019~DTM*233*20201019~SVC*HC:99213*178.3*65.15**1~DTM*472*20201019~CAS*CO*45*113.15~REF*6R*CPCQVUC76BLR~AMT*B6*65.15~LQ*HE*N45~LQ*HE*N381~CLP*000100041810*1*178.3*65.15**MC*2020310060831~NM1*QC*1*FUTAMATA*MELISSA*L***MR*Q294000~NM1*82*1*CADDALI*ESTRELLA*A***XX*1164974580~REF*EA*E5EAE43834D64C9AB3B1AEE32E723976~DTM*232*20201006~DTM*233*20201006~SVC*HC:99213*178.3*65.15**1~DTM*472*20201006~CAS*CO*45*113.15~REF*6R*CPCQCPH1ER28~AMT*B6*65.15~LQ*HE*N45~LQ*HE*N381~CLP*000100041970*1*361.52*135.72**MC*2020310060752~NM1*QC*1*GARCIA*MARYJANE*L***MR*D481727~NM1*82*1*TSAMBIKOS*RICHARD****XX*1467985713~REF*EA*EB6BC344966843468A4D191021D4CE76~DTM*232*20201008~DTM*233*20201008~SVC*HC:99214:25*272.99*96.14**1~DTM*472*20201008~CAS*CO*45*176.85~REF*6R*CPCQ65PJ887A~AMT*B6*96.14~LQ*HE*N45~LQ*HE*N381~SVC*HC:90471*53.53*19.27**1~DTM*472*20201008~CAS*CO*45*34.26~REF*6R*CPCQ4WA72P3A~AMT*B6*19.27~LQ*HE*N45~LQ*HE*N381~SVC*HC:90756*35*20.31**1~DTM*472*20201008~CAS*CO*45*14.69~REF*6R*CPCQJHHW7828~AMT*B6*20.31~LQ*HE*N381~CLP*000100041878*1*312.06*113.79**MC*2020310060220~NM1*QC*1*GEORGE*MARIE*A***MR*Y649179~NM1*82*1*WARE*SONDRA*E***XX*1386181444~REF*EA*2BBA9331790F40DCAFD2B685D6EF4944~DTM*232*20201007~DTM*233*20201007~SVC*HC:99396*312.06*113.79**1~DTM*472*20201007~CAS*CO*45*198.27~REF*6R*CPCQ9AOAU8PT~AMT*B6*113.79~LQ*HE*N45~LQ*HE*N381~CLP*000100038561*1*272.99*94.14*2*MC*2020310060287~NM1*QC*1*GERMAN*NEAL*D***MR*P523767~NM1*82*1*TSAMBIKOS*RICHARD****XX*1467985713~REF*EA*EDEDE941E19442439668A0CB80F35FCE~DTM*232*20200804~DTM*233*20200804~SVC*HC:99214*272.99*94.14**1~DTM*472*20200804~CAS*PR*3*2~CAS*CO*45*176.85~REF*6R*CPC6PYIAA81O~AMT*B6*96.14~LQ*HE*N45~LQ*HE*N381~LQ*HE*N381~CLP*000100036980*1*1820*1266.14**MC*2020310060344~NM1*QC*1*GONZALES*CRYSTAL*D***MR*M921754~NM1*82*1*SEARLES*DENISE*A***XX*1396971230~REF*EA*F15565FA9AA7434F97940ED76EFF7FF9~DTM*232*20200701~DTM*233*20200701~SVC*HC:J2315*1805*1257.8**380~DTM*472*20200701~CAS*CO*45*547.2~REF*6R*CPC6JBK3AV1L~AMT*B6*1257.8~LQ*HE*N59~LQ*HE*N381~SVC*HC:81025*15*8.34**1~DTM*472*20200701~CAS*CO*45*6.66~REF*6R*CPC6RJ5VBQES~AMT*B6*8.34~LQ*HE*N59~LQ*HE*N381~CLP*000100038030*1*382.33*138.72**MC*2020310060156~NM1*QC*1*SANDOVAL*THERESA*M***MR*D398624~NM1*74*1*GONZALES*THERE~NM1*82*1*GRONEMEYER*LEANNE*R***XX*1659521045~REF*EA*A331A47CB727456DBEF797CE66C1C8D2~DTM*232*20200723~DTM*233*20200723~SVC*HC:99214:25*272.99*96.14**1~DTM*472*20200723~CAS*CO*45*176.85~REF*6R*CPC6CZOWYS97~AMT*B6*96.14~LQ*HE*N45~LQ*HE*N381~SVC*HC:93000*54.67*21.29**1~DTM*472*20200723~CAS*CO*45*33.38~REF*6R*CPC6WHW1L4VE~AMT*B6*21.29~LQ*HE*N381~SVC*HC:93000:76*54.67*21.29**1~DTM*472*20200723~CAS*CO*45*33.38~REF*6R*CPC60ZKS4ZSO~AMT*B6*21.29~LQ*HE*N381~CLP*000100042589*1*177.07*78.58**MC*2020310060720~NM1*QC*1*HADDAN*SHAWNA****MR*V379838~NM1*82*1*GRONEMEYER*LEANNE*R***XX*1659521045~REF*EA*656B042C87374273B3FB77ED2EC30C5A~DTM*232*20201019~DTM*233*20201019~SVC*HC:99212:25*88.54*39**1~DTM*472*20201019~CAS*CO*45*49.54~REF*6R*CPCQVSPDZ3EI~AMT*B6*39~LQ*HE*N45~LQ*HE*N381~SVC*HC:90471*53.53*19.27**1~DTM*472*20201019~CAS*CO*45*34.26~REF*6R*CPCQBL8Y7J1I~AMT*B6*19.27~LQ*HE*N45~LQ*HE*N381~SVC*HC:90756*35*20.31**1~DTM*472*20201019~CAS*CO*45*14.69~REF*6R*CPCQJH19F9IE~AMT*B6*20.31~LQ*HE*N381~CLP*000100041870*1*178.3*80.73**MC*2020310060001~NM1*QC*1*HELM*KARA*A***MR*O558457~NM1*82*1*CADDALI*ESTRELLA*A***XX*1164974580~REF*EA*940AEA28C86941CE9FE682790DE02FB3~DTM*232*20201007~DTM*233*20201007~SVC*HC:99213:FP*178.3*80.73**1~DTM*472*20201007~CAS*CO*45*97.57~REF*6R*CPCQEL0KRXBQ~AMT*B6*80.73~LQ*HE*N45~LQ*HE*N381~CLP*000100042516*1*178.3*63.15*2*MC*2020310060026~NM1*QC*1*HELM*KARA*A***MR*O558457~NM1*82*1*CADDALI*ESTRELLA*A***XX*1164974580~REF*EA*24AE0D6172AB449CB547FABA896DCD6C~DTM*232*20201016~DTM*233*20201016~SVC*HC:99213*178.3*63.15**1~DTM*472*20201016~CAS*PR*3*2~CAS*CO*45*113.15~REF*6R*CPCQWSYH9LQR~AMT*B6*65.15~LQ*HE*N45~LQ*HE*N381~LQ*HE*N381~CLP*000100038617*1*272.99*96.14**MC*2020310060197~NM1*QC*1*HERNANDEZ*ERIC*J***MR*Y215424~NM1*82*1*TSAMBIKOS*RICHARD****XX*1467985713~REF*EA*3DAEDC51AAB9447EAD9EB743C64343E9~DTM*232*20200804~DTM*233*20200804~SVC*HC:99214*272.99*96.14**1~DTM*472*20200804~CAS*CO*45*176.85~REF*6R*CPC6TDVPZCS9~AMT*B6*96.14~LQ*HE*N45~LQ*HE*N381~CLP*000100041888*1*178.3*65.15**MC*2020310060530~NM1*QC*1*HILER*GIOVANNI****MR*G602173~NM1*82*1*CADDALI*ESTRELLA*A***XX*1164974580~REF*EA*A082E9A07DDD4757A94E8A9239CDEAC4~DTM*232*20201007~DTM*233*20201007~SVC*HC:99213*178.3*65.15**1~DTM*472*20201007~CAS*CO*45*113.15~REF*6R*CPCQKDK6Q1U5~AMT*B6*65.15~LQ*HE*N45~LQ*HE*N381~CLP*000100041728*1*361.52*135.72**MC*2020310059872~NM1*QC*1*JOHNSON*MARK*A***MR*P242576~NM1*82*1*GRONEMEYER*LEANNE*R***XX*1659521045~REF*EA*E0E40045175B4461A69FE52EAE564B56~DTM*232*20201005~DTM*233*20201005~SVC*HC:99214:25*272.99*96.14**1~DTM*472*20201005~CAS*CO*45*176.85~REF*6R*CPCQPBEG5A8A~AMT*B6*96.14~LQ*HE*N45~LQ*HE*N381~SVC*HC:90471*53.53*19.27**1~DTM*472*20201005~CAS*CO*45*34.26~REF*6R*CPCQ0JN9JXAV~AMT*B6*19.27~LQ*HE*N45~LQ*HE*N381~SVC*HC:90756*35*20.31**1~DTM*472*20201005~CAS*CO*45*14.69~REF*6R*CPCQXXE66U4L~AMT*B6*20.31~LQ*HE*N381~CLP*000100041746*1*361.52*135.72**MC*2020310060468~NM1*QC*1*JOHNSON*NORA****MR*J694925~NM1*82*1*GRONEMEYER*LEANNE*R***XX*1659521045~REF*EA*00231056E36F410A8BF2DD7CD5BCCEBE~DTM*232*20201005~DTM*233*20201005~SVC*HC:99214:25*272.99*96.14**1~DTM*472*20201005~CAS*CO*45*176.85~REF*6R*CPCQ568Y5U5O~AMT*B6*96.14~LQ*HE*N45~LQ*HE*N381~SVC*HC:90471*53.53*19.27**1~DTM*472*20201005~CAS*CO*45*34.26~REF*6R*CPCQD54YJF77~AMT*B6*19.27~LQ*HE*N45~LQ*HE*N381~SVC*HC:90756*35*20.31**1~DTM*472*20201005~CAS*CO*45*14.69~REF*6R*CPCQZ56TWAPY~AMT*B6*20.31~LQ*HE*N381~CLP*000100042593*1*35*20.31**MC*2020310060553~NM1*QC*1*KEAR*FRANSCHELIZ****MR*O377422~NM1*82*1*GRONEMEYER*LEANNE*R***XX*1659521045~REF*EA*9BE3D46ABB4849D1B42CC87385191A0F~DTM*232*20201019~DTM*233*20201019~SVC*HC:90756*35*20.31**1~DTM*472*20201019~CAS*CO*45*14.69~REF*6R*CPCQ9VOEQ8JF~AMT*B6*20.31~LQ*HE*N77~LQ*HE*N381~CLP*000100042593*1*326.52*115.41**MC*2020310060566~NM1*QC*1*KEAR*FRANSCHELIZ****MR*O377422~NM1*82*1*GRONEMEYER*LEANNE*R***XX*1659521045~REF*EA*9562F1E22EBB4702BD4A3AAD7A91B1DA~DTM*232*20201019~DTM*233*20201019~SVC*HC:99214:25*272.99*96.14**1~DTM*472*20201019~CAS*CO*45*176.85~REF*6R*CPCQ5KCXVQNE~AMT*B6*96.14~LQ*HE*N45~LQ*HE*N381~SVC*HC:90471*53.53*19.27**1~DTM*472*20201019~CAS*CO*45*34.26~REF*6R*CPCQHDSN1323~AMT*B6*19.27~LQ*HE*N45~LQ*HE*N381~CLP*000100041906*1*178.3*65.15**MC*2020310060296~NM1*QC*1*KEENEY*AMBER*D***MR*G217802~NM1*82*1*CADDALI*ESTRELLA*A***XX*1164974580~REF*EA*E9BCA871D29C4F4A89C53CC7E7619098~DTM*232*20201007~DTM*233*20201007~SVC*HC:99213*178.3*65.15**1~DTM*472*20201007~CAS*CO*45*113.15~REF*6R*CPCQ8YFICVLR~AMT*B6*65.15~LQ*HE*N45~LQ*HE*N381~CLP*000100042626*1*466.67*168.02**MC*2020310060082~NM1*QC*1*KIMES*JEREMEY****MR*Y243724~NM1*82*1*CADDALI*ESTRELLA*A***XX*1164974580~REF*EA*195012C0965E42DD8C74F3042E36C22B~DTM*232*20201020~DTM*233*20201020~SVC*HC:99395:25*288.14*106.74**1~DTM*472*20201020~CAS*CO*45*181.4~REF*6R*CPCQCP7TUG07~AMT*B6*106.74~LQ*HE*N45~LQ*HE*N381~SVC*HC:90471*53.53*19.27**1~DTM*472*20201020~CAS*CO*45*34.26~REF*6R*CPCQZYCU7DC0~AMT*B6*19.27~LQ*HE*N45~LQ*HE*N381~SVC*HC:90756*35*20.31**1~DTM*472*20201020~CAS*CO*45*14.69~REF*6R*CPCQFMRQVGZQ~AMT*B6*20.31~LQ*HE*N381~SVC*HC:H0049*50*10.81**1~DTM*472*20201020~CAS*CO*45*39.19~REF*6R*CPCQPP4KOIFM~AMT*B6*10.81~LQ*HE*N381~SVC*HC:G8510*40*10.89**1~DTM*472*20201020~CAS*CO*45*29.11~REF*6R*CPCQOSSGLLHT~AMT*B6*10.89~LQ*HE*N45~LQ*HE*N381~CLP*000100041937*1*178.3*65.15**MC*2020310059929~NM1*QC*1*LANE*CHARLES*J***MR*I606849~NM1*82*1*CADDALI*ESTRELLA*A***XX*1164974580~REF*EA*6D4F8F5D9999455DB1B3AE1C2A591804~DTM*232*20201007~DTM*233*20201007~SVC*HC:99213*178.3*65.15**1~DTM*472*20201007~CAS*CO*45*113.15~REF*6R*CPCQVKBM7QSO~AMT*B6*65.15~LQ*HE*N45~LQ*HE*N381~CLP*000100042585*1*272.99*96.14**MC*2020310060816~NM1*QC*1*LERMA*CRISTIANO*P***MR*P252933~NM1*82*1*GRONEMEYER*LEANNE*R***XX*1659521045~REF*EA*9E047971421F464B8ECE9D5207C02A20~DTM*232*20201019~DTM*233*20201019~SVC*HC:99214*272.99*96.14**1~DTM*472*20201019~CAS*CO*45*176.85~REF*6R*CPCQOTV0I06R~AMT*B6*96.14~LQ*HE*N45~LQ*HE*N381~CLP*000100041773*1*178.3*65.15**MC*2020310060374~NM1*QC*1*LOBATO*DAVINA*D***MR*H882144~NM1*82*1*CADDALI*ESTRELLA*A***XX*1164974580~REF*EA*F54D8FBD99C6443A80A9D4A3A8C66921~DTM*232*20201006~DTM*233*20201006~SVC*HC:99213*178.3*65.15**1~DTM*472*20201006~CAS*CO*45*113.15~REF*6R*CPCQS49ONKS3~AMT*B6*65.15~LQ*HE*N45~LQ*HE*N381~CLP*000100035286*1*362.06*125.86**MC*2020310059884~NM1*QC*1*LUND*ROSELLA*E***MR*P292373~NM1*82*1*HOOSHMAND-PARSI*KAYHOSROW****XX*1447291851~REF*EA*0124ABAB1A4F4B2389E93FB4D887F25B~DTM*232*20200526~DTM*233*20200526~SVC*HC:99396:25*312.06*114.94**1~DTM*472*20200526~CAS*CO*45*197.12~REF*6R*CPC6KA21HQPG~AMT*B6*114.94~LQ*HE*N381~SVC*HC:H0049*50*10.92**1~DTM*472*20200526~CAS*CO*45*39.08~REF*6R*CPC6MASTAR06~AMT*B6*10.92~LQ*HE*N381~CLP*000100042583*1*272.99*96.14**MC*2020310060682~NM1*QC*1*MARQUEZ*ANTONIO*J***MR*Y743964~NM1*74*1*MARGUEZ~NM1*82*1*GRONEMEYER*LEANNE*R***XX*1659521045~REF*EA*DA3910C3649C47BF97D209527E685415~DTM*232*20201019~DTM*233*20201019~SVC*HC:99214*272.99*96.14**1~DTM*472*20201019~CAS*CO*45*176.85~REF*6R*CPCQWEN7RF4Y~AMT*B6*96.14~LQ*HE*N45~LQ*HE*N381~CLP*000100038595*1*999.77*231.98**MC*2020310060207~NM1*QC*1*MARSH*SHANE*D***MR*P470829~NM1*82*1*TSAMBIKOS*RICHARD****XX*1467985713~REF*EA*BD413DAEF2D0485C931215F8569DB32E~DTM*232*20200804~DTM*233*20200804~SVC*HC:99204:25*450.07*148.09**1~DTM*472*20200804~CAS*CO*45*301.98~REF*6R*CPC6NBIPEVLF~AMT*B6*148.09~LQ*HE*N45~LQ*HE*N381~SVC*HC:90471*53.53*19.27**1~DTM*472*20200804~CAS*CO*45*34.26~REF*6R*CPC6YJ5G1XHW~AMT*B6*19.27~LQ*HE*N45~LQ*HE*N381~SVC*HC:90715*53*42.92**1~DTM*472*20200804~CAS*CO*45*10.08~REF*6R*CPC6HRKWMR8T~AMT*B6*42.92~LQ*HE*N381~SVC*HC:H0049*403.17*10.81**1~DTM*472*20200804~CAS*CO*45*392.36~REF*6R*CPC6RC5MGICC~AMT*B6*10.81~LQ*HE*N381~SVC*HC:G8510*40*10.89**1~DTM*472*20200804~CAS*CO*45*29.11~REF*6R*CPC6LJ5IZCRU~AMT*B6*10.89~LQ*HE*N45~LQ*HE*N381~CLP*000100042233*1*314.2*151.98**MC*2020310060738~NM1*QC*1*MARTINEZ*DEBRA*A***MR*D395711~NM1*82*1*HOOSHMAND-PARSI*KAYHOSROW****XX*1447291851~REF*EA*181943CCA2DE4FAB8B55B4B0FF177281~DTM*232*20201013~DTM*233*20201013~SVC*HC:93000*54.67*21.29**1~DTM*472*20201013~CAS*CO*45*33.38~REF*6R*CPCQ471R7PZ5~AMT*B6*21.29~LQ*HE*N381~SVC*HC:90471*53.53*0**0**1~DTM*472*20201013~CAS*CO*132*53.53~REF*6R*CPCQ9XKTVV6C~LQ*HE*N45~LQ*HE*N59~LQ*HE*N381~SVC*HC:90732*130*99.19**1~DTM*472*20201013~CAS*CO*45*30.81~REF*6R*CPCQ54MCGGXU~AMT*B6*99.19~LQ*HE*N381~SVC*HC:90472*41*11.19**1~DTM*472*20201013~CAS*CO*45*29.81~REF*6R*CPCQW20OSICT~AMT*B6*11.19~LQ*HE*N45~LQ*HE*N381~SVC*HC:90756*35*20.31**1~DTM*472*20201013~CAS*CO*45*14.69~REF*6R*CPCQNR5194UT~AMT*B6*20.31~LQ*HE*N381~CLP*000100042615*1*628.6*209.37**MC*2020310059946~NM1*QC*1*MARTINEZ*SHANE*P***MR*H153561~NM1*82*1*WARE*SONDRA*E***XX*1386181444~REF*EA*2AB9FCC45FB74764B764999B3418D88E~DTM*232*20201020~DTM*233*20201020~SVC*HC:99204:25*450.07*148.09**1~DTM*472*20201020~CAS*CO*45*301.98~REF*6R*CPCQ439326JJ~AMT*B6*148.09~LQ*HE*N45~LQ*HE*N381~SVC*HC:90471*53.53*19.27**1~DTM*472*20201020~CAS*CO*45*34.26~REF*6R*CPCQNILR0MIB~AMT*B6*19.27~LQ*HE*N45~LQ*HE*N381~SVC*HC:90756*35*20.31**1~DTM*472*20201020~CAS*CO*45*14.69~REF*6R*CPCQDF95OKNQ~AMT*B6*20.31~LQ*HE*N381~SVC*HC:H0049*50*10.81**1~DTM*472*20201020~CAS*CO*45*39.19~REF*6R*CPCQGJ8NHS2Y~AMT*B6*10.81~LQ*HE*N381~SVC*HC:G8510*40*10.89**1~DTM*472*20201020~CAS*CO*45*29.11~REF*6R*CPCQEC46BRSI~AMT*B6*10.89~LQ*HE*N45~LQ*HE*N381~CLP*000100038047*1*272.99*96.14**MC*2020310060093~NM1*QC*1*MATHIASEN*RICHARD*L***MR*P087968~NM1*82*1*TSAMBIKOS*RICHARD****XX*1467985713~REF*EA*19119515406C467791FF9B12AD496E67~DTM*232*20200723~DTM*233*20200723~SVC*HC:99214*272.99*96.14**1~DTM*472*20200723~CAS*CO*45*176.85~REF*6R*CPC6ZQO4Y363~AMT*B6*96.14~LQ*HE*N45~LQ*HE*N381~CLP*000100042594*1*272.99*94.14*2*MC*2020310060713~NM1*QC*1*MUNIZ*SHARON*M***MR*J463636~NM1*82*1*GRONEMEYER*LEANNE*R***XX*1659521045~REF*EA*E4721A3993AC407DACAD1CCCB3FC9E85~DTM*232*20201019~DTM*233*20201019~SVC*HC:99214*272.99*94.14**1~DTM*472*20201019~CAS*PR*3*2~CAS*CO*45*176.85~REF*6R*CPCQ84K1M1NP~AMT*B6*96.14~LQ*HE*N45~LQ*HE*N381~LQ*HE*N381~CLP*000100042499*1*266.83*104.73**MC*2020310060266~NM1*QC*1*MYERS*SCOTT*A***MR*P255708~NM1*82*1*CADDALI*ESTRELLA*A***XX*1164974580~REF*EA*95E482B23004465E93F26BFE50A2CB87~DTM*232*20201016~DTM*233*20201016~SVC*HC:99213:25*178.3*65.15**1~DTM*472*20201016~CAS*CO*45*113.15~REF*6R*CPCQD1E0RKN8~AMT*B6*65.15~LQ*HE*N45~LQ*HE*N381~SVC*HC:90471*53.53*19.27**1~DTM*472*20201016~CAS*CO*45*34.26~REF*6R*CPCQF25JMLH3~AMT*B6*19.27~LQ*HE*N45~LQ*HE*N381~SVC*HC:90756*35*20.31**1~DTM*472*20201016~CAS*CO*45*14.69~REF*6R*CPCQDIN60Z7V~AMT*B6*20.31~LQ*HE*N381~CLP*000100042512*1*272.99*96.14**MC*2020310059955~NM1*QC*1*NAVA*IZZABELA*S***MR*G505042~NM1*82*1*TSAMBIKOS*RICHARD****XX*1467985713~REF*EA*ECFB73DE41094CD7A0BFCEE424116F66~DTM*232*20201016~DTM*233*20201016~SVC*HC:99214*272.99*96.14**1~DTM*472*20201016~CAS*CO*45*176.85~REF*6R*CPCQFF49KBAE~AMT*B6*96.14~LQ*HE*N45~LQ*HE*N381~CLP*000100042566*1*178.3*63.15*2*MC*2020310060426~NM1*QC*1*NELSON*WILLIAM*L***MR*C654639~NM1*82*1*GRONEMEYER*LEANNE*R***XX*1659521045~REF*EA*F3104130331842FF94A2D24C919738A6~DTM*232*20201019~DTM*233*20201019~SVC*HC:99213*178.3*63.15**1~DTM*472*20201019~CAS*PR*3*2~CAS*CO*45*113.15~REF*6R*CPCQ76MJY2OY~AMT*B6*65.15~LQ*HE*N45~LQ*HE*N381~LQ*HE*N381~CLP*000100038570*1*947.91*225.17**MC*2020310060115~NM1*QC*1*NIETO*RACHEL*S***MR*Q743790~NM1*82*1*TSAMBIKOS*RICHARD****XX*1467985713~REF*EA*992E97D1013247FFAB569C217862D8B3~DTM*232*20200804~DTM*233*20200804~SVC*HC:99204:FP:25*450.07*182.18**1~DTM*472*20200804~CAS*CO*45*267.89~REF*6R*CPC6P3LO652Z~AMT*B6*182.18~LQ*HE*N45~LQ*HE*N381~SVC*HC:93000:FP*54.67*21.29**1~DTM*472*20200804~CAS*CO*45*33.38~REF*6R*CPC6PEIC711I~AMT*B6*21.29~LQ*HE*N381~SVC*HC:H0049:FP*403.17*10.81**1~DTM*472*20200804~CAS*CO*45*392.36~REF*6R*CPC6PK18N0DY~AMT*B6*10.81~LQ*HE*N381~SVC*HC:G8510:FP*40*10.89**1~DTM*472*20200804~CAS*CO*45*29.11~REF*6R*CPC6G45W4C8B~AMT*B6*10.89~LQ*HE*N45~LQ*HE*N381~CLP*000100040206*1*1366.33*1091.5**MC*2020310060125~NM1*QC*1*NIETO*RACHEL*S***MR*Q743790~NM1*82*1*TSAMBIKOS*RICHARD****XX*1467985713~REF*EA*AC2A110C52A1405E9BB090E6E831E2D9~DTM*232*20200908~DTM*233*20200908~SVC*HC:99214:25:FP*272.99*118.45**1~DTM*472*20200908~CAS*CO*45*154.54~REF*6R*CPC6JVA87N9L~AMT*B6*118.45~LQ*HE*N45~LQ*HE*N381~SVC*HC:11981:FP*273.34*153.05**1~DTM*472*20200908~CAS*CO*45*120.29~REF*6R*CPC6TIBEAG3K~AMT*B6*153.05~LQ*HE*N45~LQ*HE*N381~LQ*HE*N381~SVC*HC:J7307:FP*820*820**1~DTM*472*20200908~REF*6R*CPC6RZTWP2IQ~AMT*B6*820~CLP*000100041997*1*217.66*54.8**MC*2020310059774~NM1*QC*1*ORTEGA*PHILLIP*T***MR*B479228~NM1*82*1*LEWIS*HOLLY*G***XX*1295234128~REF*EA*40BAD3516072485B9E896B2393061718~DTM*232*20201008~DTM*233*20201008~SVC*HC:90832*217.66*54.8**1~DTM*472*20201008~CAS*CO*45*162.86~REF*6R*CPCQQPNAERK9~AMT*B6*54.8~LQ*HE*N381~CLP*000100041984*1*445.37*177.06**MC*2020310060175~NM1*QC*1*ORTEGA*PHILLIP*T***MR*B479228~NM1*82*1*WARE*SONDRA*E***XX*1386181444~REF*EA*FC82A9421D1B47DE90EB4B41752C4A01~DTM*232*20201008~DTM*233*20201008~SVC*HC:99203:25*266.84*96.46**1~DTM*472*20201008~CAS*CO*45*170.38~REF*6R*CPCQBMDAFHMB~AMT*B6*96.46~LQ*HE*N45~LQ*HE*N381~SVC*HC:90471*53.53*19.27**1~DTM*472*20201008~CAS*CO*45*34.26~REF*6R*CPCQAX8AEEGK~AMT*B6*19.27~LQ*HE*N45~LQ*HE*N381~SVC*HC:90756*35*20.31**1~DTM*472*20201008~CAS*CO*45*14.69~REF*6R*CPCQRKA7DAWX~AMT*B6*20.31~LQ*HE*N381~SVC*HC:H0049*50*10.81**1~DTM*472*20201008~CAS*CO*45*39.19~REF*6R*CPCQWRIFUHK6~AMT*B6*10.81~LQ*HE*N381~SVC*HC:G8431*40*30.21**1~DTM*472*20201008~CAS*CO*45*9.79~REF*6R*CPCQE7P6CS7N~AMT*B6*30.21~LQ*HE*N45~LQ*HE*N381~CLP*000100041755*1*362.99*137.16**MC*2020310060353~NM1*QC*1*PACHECO*MABEL****MR*K341781~NM1*82*1*WARE*SONDRA*E***XX*1386181444~REF*EA*E5AC76E171CD403EAF27B420B97894E5~DTM*232*20201005~DTM*233*20201005~SVC*HC:99214:25*272.99*96.14**1~DTM*472*20201005~CAS*CO*45*176.85~REF*6R*CPCQ8S5FBO93~AMT*B6*96.14~LQ*HE*N45~LQ*HE*N381~SVC*HC:H0049*50*10.81**1~DTM*472*20201005~CAS*CO*45*39.19~REF*6R*CPCQN0XDRSQH~AMT*B6*10.81~LQ*HE*N381~SVC*HC:G8431*40*30.21**1~DTM*472*20201005~CAS*CO*45*9.79~REF*6R*CPCQJKKFEGO9~AMT*B6*30.21~LQ*HE*N45~LQ*HE*N381~CLP*000100041799*1*550.67*261.87**MC*2020310059855~NM1*QC*1*PALUMBO*MICHAELA*S***MR*S474311~NM1*82*1*TSAMBIKOS*RICHARD****XX*1467985713~REF*EA*4DF6C4B2D6AC41B8B79A14217EF2257E~DTM*232*20201006~DTM*233*20201006~SVC*HC:99214:25*272.99*96.14**1~DTM*472*20201006~CAS*CO*45*176.85~REF*6R*CPCQFO3G9EZP~AMT*B6*96.14~LQ*HE*N45~LQ*HE*N381~SVC*HC:20553*120*47.27**1~DTM*472*20201006~CAS*CO*45*72.73~REF*6R*CPCQTJ7GPBYB~AMT*B6*47.27~LQ*HE*N381~LQ*HE*N381~SVC*HC:90471*53.53*19.27**1~DTM*472*20201006~CAS*CO*45*34.26~REF*6R*CPCQHVKMK51R~AMT*B6*19.27~LQ*HE*N45~LQ*HE*N381~SVC*HC:90732*104.15*99.19**1~DTM*472*20201006~CAS*CO*45*4.96~REF*6R*CPCQ8Q1DMWAK~AMT*B6*99.19~LQ*HE*N381~CLP*000100042670*1*272.99*96.14**MC*2020310060820~NM1*QC*1*POPE*YVETTE*M***MR*Q003915~NM1*82*1*TSAMBIKOS*RICHARD****XX*1467985713~REF*EA*00FB72689CAE42FB89382BBD5C587C24~DTM*232*20201020~DTM*233*20201020~SVC*HC:99214*272.99*96.14**1~DTM*472*20201020~CAS*CO*45*176.85~REF*6R*CPCQYYUU9RTX~AMT*B6*96.14~LQ*HE*N45~LQ*HE*N381~CLP*000100041985*1*178.3*65.15**MC*2020310060789~NM1*QC*1*PRICE*TREVOR****MR*T075263~NM1*82*1*CADDALI*ESTRELLA*A***XX*1164974580~REF*EA*458001FA269645119C2B7180C56AB93F~DTM*232*20201008~DTM*233*20201008~SVC*HC:99213*178.3*65.15**1~DTM*472*20201008~CAS*CO*45*113.15~REF*6R*CPCQ9F3ZZW2H~AMT*B6*65.15~LQ*HE*N45~LQ*HE*N381~CLP*000100038707*1*272.99*96.14**MC*2020310060260~NM1*QC*1*RAMOS*RICHARD*V***MR*E181441~NM1*82*1*TSAMBIKOS*RICHARD****XX*1467985713~REF*EA*D092BD2FA29C404684CCEDFE0677B9D5~DTM*232*20200806~DTM*233*20200806~SVC*HC:99214*272.99*96.14**1~DTM*472*20200806~CAS*CO*45*176.85~REF*6R*CPC68L1CHTSX~AMT*B6*96.14~LQ*HE*N45~LQ*HE*N381~CLP*000100039994*1*272.99*96.14**MC*2020310060044~NM1*QC*1*RODRIGUEZ*CAROLINA*M***MR*Y641512~NM1*82*1*HOOSHMAND-PARSI*KAYHOSROW****XX*1447291851~REF*EA*7E059B3F24964D4B8A7705FEAAC7F0DA~DTM*232*20200901~DTM*233*20200901~SVC*HC:99214*272.99*96.14**1~DTM*472*20200901~CAS*CO*45*176.85~REF*6R*CPC6BUDIV95Z~AMT*B6*96.14~LQ*HE*N45~LQ*HE*N381~CLP*000100042340*1*617.17*235.96**MC*2020310059963~NM1*QC*1*ROMERO*RICHARD****MR*H789836~NM1*82*1*TSAMBIKOS*RICHARD****XX*1467985713~REF*EA*938B9767DA4D402495E600A98D1603A4~DTM*232*20201015~DTM*233*20201015~SVC*HC:99204:25*450.07*148.09**1~DTM*472*20201015~CAS*CO*45*301.98~REF*6R*CPCQOM4AEGRZ~AMT*B6*148.09~LQ*HE*N45~LQ*HE*N381~SVC*HC:87426*60*45.23**1~DTM*472*20201015~CAS*CO*45*14.77~REF*6R*CPCQJ169BYFL~AMT*B6*45.23~LQ*HE*N381~SVC*HC:H0049*50*0**0**1~DTM*472*20201015~CAS*PI*97*50~REF*6R*CPCQCF6YCIRO~LQ*HE*N20~LQ*HE*N381~SVC*HC:G8431*40*30.21**1~DTM*472*20201015~CAS*CO*45*9.79~REF*6R*CPCQAU3LAX7P~AMT*B6*30.21~LQ*HE*N45~LQ*HE*N381~SVC*HC:99406*17.1*12.43**1~DTM*472*20201015~CAS*CO*45*4.67~REF*6R*CPCQADCD4NBL~AMT*B6*12.43~LQ*HE*N45~LQ*HE*N381~CLP*000100042502*1*178.3*63.15*2*MC*2020310060626~NM1*QC*1*SALAZAR*DANIELLE*C***MR*W076573~NM1*82*1*CADDALI*ESTRELLA*A***XX*1164974580~REF*EA*10A2837C78AD4374BA8764717E1DA3A8~DTM*232*20201016~DTM*233*20201016~SVC*HC:99213*178.3*63.15**1~DTM*472*20201016~CAS*PR*3*2~CAS*CO*45*113.15~REF*6R*CPCQQPZT8AZC~AMT*B6*65.15~LQ*HE*N45~LQ*HE*N381~LQ*HE*N381~CLP*000100040210*1*397.99*144.53**MC*2020310060601~NM1*QC*1*SALAZAR*TAZIO*M***MR*N789226~NM1*82*1*TSAMBIKOS*RICHARD****XX*1467985713~REF*EA*769DA7695A224724AC1B8A8088C52F2D~DTM*232*20200908~DTM*233*20200908~SVC*HC:99214:25*272.99*96.14**1~DTM*472*20200908~CAS*CO*45*176.85~REF*6R*CPCQXODU5G0C~AMT*B6*96.14~LQ*HE*N45~LQ*HE*N381~SVC*HC:J1885*5*1.12**2~DTM*472*20200908~CAS*CO*45*3.88~REF*6R*CPCQ2X9POWRC~AMT*B6*1.12~LQ*HE*N381~SVC*HC:20553:51*120*47.27**1~DTM*472*20200908~CAS*CO*45*72.73~REF*6R*CPCQC36NYPC9~AMT*B6*47.27~LQ*HE*N381~LQ*HE*N381~CLP*000100042505*1*272.99*96.14**MC*2020310060614~NM1*QC*1*SALAZAR*TAZIO*M***MR*N789226~NM1*82*1*TSAMBIKOS*RICHARD****XX*1467985713~REF*EA*3F7BA9D0A9E64002BE4807D2CE2A3E2C~DTM*232*20201016~DTM*233*20201016~SVC*HC:99214*272.99*96.14**1~DTM*472*20201016~CAS*CO*45*176.85~REF*6R*CPCQZSNBZFF2~AMT*B6*96.14~LQ*HE*N45~LQ*HE*N381~CLP*000100038244*1*276.99*99.51**MC*2020310059983~NM1*QC*1*SAMSON*CARA*M***MR*Y649542~NM1*82*1*TSAMBIKOS*RICHARD****XX*1467985713~REF*EA*6E2B4455187D4EB88731047E832E5EDC~DTM*232*20200728~DTM*233*20200728~SVC*HC:99214:25*272.99*96.14**1~DTM*472*20200728~CAS*CO*45*176.85~REF*6R*CPC6KT50PH9B~AMT*B6*96.14~LQ*HE*N45~LQ*HE*N381~SVC*HC:81002*4*3.37**1~DTM*472*20200728~CAS*CO*45*.63~REF*6R*CPC6YLJQJMOK~AMT*B6*3.37~LQ*HE*N381~CLP*000100041737*1*361.52*135.72**MC*2020310059912~NM1*QC*1*SANCHEZ*YVONNE*A***MR*J289148~NM1*82*1*GRONEMEYER*LEANNE*R***XX*1659521045~REF*EA*B05B3F784F84470580AFE26F0AA11C0A~DTM*232*20201005~DTM*233*20201005~SVC*HC:99214:25*272.99*96.14**1~DTM*472*20201005~CAS*CO*45*176.85~REF*6R*CPCQO27P9JH5~AMT*B6*96.14~LQ*HE*N45~LQ*HE*N381~SVC*HC:90471*53.53*19.27**1~DTM*472*20201005~CAS*CO*45*34.26~REF*6R*CPCQCK3YIT8G~AMT*B6*19.27~LQ*HE*N45~LQ*HE*N381~SVC*HC:90756*35*20.31**1~DTM*472*20201005~CAS*CO*45*14.69~REF*6R*CPCQ4IMB9QAF~AMT*B6*20.31~LQ*HE*N381~CLP*000100042552*1*362.99*117.84**MC*2020310060853~NM1*QC*1*SANTIAGO*AMANDA*E***MR*O125804~NM1*82*1*GRONEMEYER*LEANNE*R***XX*1659521045~REF*EA*B9F21B06546A40689F2EC1DE175E6762~DTM*232*20201019~DTM*233*20201019~SVC*HC:99214:25*272.99*96.14**1~DTM*472*20201019~CAS*CO*45*176.85~REF*6R*CPCQOHV1DTR7~AMT*B6*96.14~LQ*HE*N45~LQ*HE*N381~SVC*HC:H0049*50*10.81**1~DTM*472*20201019~CAS*CO*45*39.19~REF*6R*CPCQEULOOTDR~AMT*B6*10.81~LQ*HE*N381~SVC*HC:G8510*40*10.89**1~DTM*472*20201019~CAS*CO*45*29.11~REF*6R*CPCQOONYE72H~AMT*B6*10.89~LQ*HE*N45~LQ*HE*N381~CLP*000100042238*1*88.54*39**MC*2020310060693~NM1*QC*1*SANTISTEVAN*MARILYN****MR*J932671~NM1*82*1*HOOSHMAND-PARSI*KAYHOSROW****XX*1447291851~REF*EA*19EB504DCD82435EA43EFD9E29BF60DC~DTM*232*20201013~DTM*233*20201013~SVC*HC:99212*88.54*39**1~DTM*472*20201013~CAS*CO*45*49.54~REF*6R*CPCQGCAWSIYG~AMT*B6*39~LQ*HE*N45~LQ*HE*N381~CLP*000100042533*1*178.3*65.15**MC*2020310060653~NM1*QC*1*STRAIT*LORRAINE*A***MR*Y360507~NM1*82*1*GRONEMEYER*LEANNE*R***XX*1659521045~REF*EA*03B9419B36F640A2A85A4DA3E3B091D8~DTM*232*20201019~DTM*233*20201019~SVC*HC:99213*178.3*65.15**1~DTM*472*20201019~CAS*CO*45*113.15~REF*6R*CPCQIVTZVTPO~AMT*B6*65.15~LQ*HE*N45~LQ*HE*N381~CLP*000100041968*1*416.19*157.01**MC*2020310060389~NM1*QC*1*VALDEZ MARTINEZ*SONIA****MR*F174874~NM1*74*1*VALDEZ**A~NM1*82*1*TSAMBIKOS*RICHARD****XX*1467985713~REF*EA*64A069819C644F9D9BDF03935309D2B2~DTM*232*20201008~DTM*233*20201008~SVC*HC:99214:25*272.99*96.14**1~DTM*472*20201008~CAS*CO*45*176.85~REF*6R*CPCQRUTTJ1DZ~AMT*B6*96.14~LQ*HE*N45~LQ*HE*N381~SVC*HC:93000*54.67*21.29**1~DTM*472*20201008~CAS*CO*45*33.38~REF*6R*CPCQ798S9DOF~AMT*B6*21.29~LQ*HE*N381~SVC*HC:90471*53.53*19.27**1~DTM*472*20201008~CAS*CO*45*34.26~REF*6R*CPCQVLBUUYU2~AMT*B6*19.27~LQ*HE*N45~LQ*HE*N381~SVC*HC:90756*35*20.31**1~DTM*472*20201008~CAS*CO*45*14.69~REF*6R*CPCQ38GK4N4Q~AMT*B6*20.31~LQ*HE*N381~CLP*000100041797*1*272.99*96.14**MC*2020310060489~NM1*QC*1*VALLES*SANDRA****MR*K193489~NM1*82*1*CADDALI*ESTRELLA*A***XX*1164974580~REF*EA*828B728833FC4654A6F4C52C20D98F0B~DTM*232*20201006~DTM*233*20201006~SVC*HC:99214*272.99*96.14**1~DTM*472*20201006~CAS*CO*45*176.85~REF*6R*CPCQU53BL7DL~AMT*B6*96.14~LQ*HE*N45~LQ*HE*N381~CLP*000100042471*1*272.99*96.14**MC*2020310059973~NM1*QC*1*VELARDE*JUSTIN*R***MR*Y451369~NM1*82*1*WARE*SONDRA*E***XX*1386181444~REF*EA*306B93FC7532401193FE664C0EDDFD62~DTM*232*20201016~DTM*233*20201016~SVC*HC:99214*272.99*96.14**1~DTM*472*20201016~CAS*CO*45*176.85~REF*6R*CPCQ6Y8IZ2UB~AMT*B6*96.14~LQ*HE*N59~LQ*HE*N45~LQ*HE*N381~CLP*000100042681*1*178.3*65.15**MC*2020310060319~NM1*QC*1*WAL*ARRI*L***MR*P498566~NM1*82*1*CADDALI*ESTRELLA*A***XX*1164974580~REF*EA*0B034AEF28834CBBAB135A80F87B30F0~DTM*232*20201020~DTM*233*20201020~SVC*HC:99213*178.3*65.15**1~DTM*472*20201020~CAS*CO*45*113.15~REF*6R*CPCQ8V7UOA0Q~AMT*B6*65.15~LQ*HE*N45~LQ*HE*N381~CLP*000100041742*1*272.99*118.45**MC*2020310060576~NM1*QC*1*WINSTON*LATORIA*T***MR*P274606~NM1*82*1*GRONEMEYER*LEANNE*R***XX*1659521045~REF*EA*F3B0E309F6B54C00BAA7B60410BB1ADF~DTM*232*20201005~DTM*233*20201005~SVC*HC:99214:FP*272.99*118.45**1~DTM*472*20201005~CAS*CO*45*154.54~REF*6R*CPCQU14PK5E1~AMT*B6*118.45~LQ*HE*N45~LQ*HE*N381~CLP*000100042021*1*266.83*104.73**MC*2020310059901~NM1*QC*1*WYATT*MARK*A***MR*O690192~NM1*82*1*HOOSHMAND-PARSI*KAYHOSROW****XX*1447291851~REF*EA*C59147C6E5E34B688AB73E6ECE9881F9~DTM*232*20201008~DTM*233*20201008~SVC*HC:99213:25*178.3*65.15**1~DTM*472*20201008~CAS*CO*45*113.15~REF*6R*CPCQHSF6553A~AMT*B6*65.15~LQ*HE*N45~LQ*HE*N381~SVC*HC:90471*53.53*19.27**1~DTM*472*20201008~CAS*CO*45*34.26~REF*6R*CPCQQSCG2YMS~AMT*B6*19.27~LQ*HE*N45~LQ*HE*N381~SVC*HC:90756*35*20.31**1~DTM*472*20201008~CAS*CO*45*14.69~REF*6R*CPCQFUCOTQBG~AMT*B6*20.31~LQ*HE*N381~CLP*38992*4*384.99*0**MC*2220308001995~NM1*QC*1*BOONE*SONYA*S***MR*O219451~DTM*232*20200812~DTM*233*20200812~SVC*HC:99214:25*272.99*0**0**1~DTM*472*20200812~CAS*PI*16*272.99~REF*HPI*1467985713~LQ*HE*N45~LQ*HE*N381~SVC*HC:20526:50*105*0**0**1~DTM*472*20200812~CAS*OA*18*105~REF*HPI*1467985713~LQ*HE*N381~SVC*HC:J3301*7*0**0**1~DTM*472*20200812~CAS*PI*16*7~REF*HPI*1467985713~LQ*HE*M119~LQ*HE*N381~CLP*000100039598*4*54.67*0**MC*2020310060710~NM1*QC*1*COOK*DAVID*T***MR*M267307~NM1*82*1*CADDALI*ESTRELLA*A***XX*1164974580~REF*EA*9FCABD95D9524148977D882343583B83~DTM*232*20200825~DTM*233*20200825~SVC*HC:93000*54.67*0**0**1~DTM*472*20200825~CAS*PI*16*54.67~REF*6R*CPCQUTAG6WJ5~LQ*HE*N30~LQ*HE*MA92~LQ*HE*MA92~LQ*HE*MA92~LQ*HE*N56~CLP*000100028287*4*90*0**MC*2020310060314~NM1*QC*1*GURULE*ANITA*I***MR*H663445~NM1*82*1*HOOSHMAND-PARSI*KAYHOSROW****XX*1447291851~REF*EA*6DB3B644283443E0A6312F1EA98C2C64~DTM*232*20200115~DTM*233*20200115~SVC*HC:99213*90*0**0**1~DTM*472*20200115~CAS*PI*96*90~REF*6R*CPCQ4VYDHW4E~LQ*HE*N30~LQ*HE*MA92~CLP*000100041897*4*178.3*0**MC*2020310060250~NM1*QC*1*JOHNSON*LASHAWN*J***MR*J148245~NM1*82*1*CADDALI*ESTRELLA*A***XX*1164974580~REF*EA*817A81132E9B4F90B2F2CB6CCC232608~DTM*232*20201007~DTM*233*20201007~SVC*HC:99213*178.3*0**0**1~DTM*472*20201007~CAS*PI*16*178.3~REF*6R*CPCQ49C4CC9Q~LQ*HE*MA92~LQ*HE*MA92~LQ*HE*N56~CLP*000100042439*4*217.66*0**MC*2020310059719~NM1*QC*1*LEFFEL*AMY*N***MR*O980464~NM1*82*1*LEWIS*HOLLY*G***XX*1295234128~REF*EA*21023482D99249ADB21428306F60DF70~DTM*232*20201016~DTM*233*20201016~SVC*HC:90832*217.66*0**0**1~DTM*472*20201016~CAS*PI*16*217.66~REF*6R*CPCQCDSZLY93~LQ*HE*N56~LQ*HE*N381~CLP*000100042582*4*272.99*0**MC*2020310060873~NM1*QC*1*LOVESEE*GEORGE*W***MR*I775339~NM1*82*1*GRONEMEYER*LEANNE*R***XX*1659521045~REF*EA*3F0D07A01278403CACF8B8334E429C8F~DTM*232*20201019~DTM*233*20201019~SVC*HC:99214*272.99*0**0**1~DTM*472*20201019~CAS*PI*16*272.99~REF*6R*CPCQI9UHWUEE~LQ*HE*N30~LQ*HE*MA92~LQ*HE*MA92~CLP*000100037990*4*288.14*0**MC*2020310060173~NM1*QC*1*MOLZOW*THOMAS*P***MR*O956576~NM1*82*1*TSAMBIKOS*RICHARD****XX*1467985713~REF*EA*EA0B222CB0B143888A4FE4C83C13134D~DTM*232*20200722~DTM*233*20200722~SVC*HC:99395:25*288.14*0**0**1~DTM*472*20200722~CAS*PI*5*288.14~REF*6R*CPC6EUQQB8KS~LQ*HE*M77~LQ*HE*M77~CLP*000100041817*4*272.99*0**MC*2020310060638~NM1*QC*1*PAULSEN*STACY*C***MR*W216187~NM1*82*1*CADDALI*ESTRELLA*A***XX*1164974580~REF*EA*CD7979801E964B23AC67CA0103010194~DTM*232*20201006~DTM*233*20201006~SVC*HC:99214*272.99*0**0**1~DTM*472*20201006~CAS*PI*97*272.99~REF*6R*CPCQ79KLW3TZ~LQ*HE*N45~LQ*HE*M15~LQ*HE*N381~CLP*000100037960*4*362.99*0**MC*2020310060041~NM1*QC*1*RASMUSSEN*KATHERINE*J***MR*K431756~NM1*82*1*TSAMBIKOS*RICHARD****XX*1467985713~REF*EA*4FD50BB218BA4D9890FC0757358E1112~DTM*232*20200722~DTM*233*20200722~SVC*HC:99214:25*272.99*0**0**1~DTM*472*20200722~CAS*PI*16*272.99~REF*6R*CPC6COOJ9C8N~LQ*HE*N554~SVC*HC:H0049*50*0**0**1~DTM*472*20200722~CAS*PI*16*50~REF*6R*CPC6QLVSTPD9~LQ*HE*N554~SVC*HC:G8431*40*0**0**1~DTM*472*20200722~CAS*PI*16*40~REF*6R*CPC6SPEEHUHB~LQ*HE*N554~CLP*000100041989*4*217.66*0**MC*2020310059787~NM1*QC*1*SALAZAR*TAZIO*M***MR*N789226~NM1*82*1*LEWIS*HOLLY*G***XX*1295234128~REF*EA*B0E149ABBDBB40EE85364E9EA244CC4E~DTM*232*20201008~DTM*233*20201008~SVC*HC:90832*217.66*0**0**1~DTM*472*20201008~CAS*PI*97*217.66~REF*6R*CPCQYS9VF5TD~LQ*HE*M15~LQ*HE*N381~CLP*000100040074*4*107.06*0**MC*2020310060417~NM1*QC*1*SMITH*CHRISTOPHER*T***MR*G720616~NM1*82*1*HOOSHMAND-PARSI*KAYHOSROW****XX*1447291851~REF*EA*6D48464267CA4793A5F1D8A86F8B8245~DTM*232*20200902~DTM*233*20200902~SVC*HC:G0396*107.06*0**0**1~DTM*472*20200902~CAS*CO*56*107.06~REF*6R*CPCQIHIAETRR~LQ*HE*N130~LQ*HE*N130~CLP*000100040289*22*-90*-41.02**MC*2020296125994~NM1*QC*1*CHURCHFIELD*WHITNEY****MR*V281356~NM1*82*1*SANCHEZ*LEANN*V***XX*1508990961~REF*EA*5BE12D13494C4FB7A89F01531B3793AC~DTM*232*20200909~DTM*233*20200909~SVC*HC:H0049*-50*-10.81**1~DTM*472*20200909~CAS*CO*45*-39.19~REF*6R*CP4UF8LZOJQE~AMT*B6*10.81~LQ*HE*N59~LQ*HE*N381~SVC*HC:G8431*-40*-30.21**1~DTM*472*20200909~CAS*CO*45*-9.79~REF*6R*CP4U7TBVFGE5~AMT*B6*30.21~LQ*HE*N59~LQ*HE*N45~LQ*HE*N381~CLP*000100040289*4*90*0**MC*5920307005293~NM1*QC*1*CHURCHFIELD*WHITNEY****MR*V281356~NM1*82*1*SANCHEZ*LEANN*V***XX*1508990961~REF*EA*5BE12D13494C4FB7A89F01531B3793AC~DTM*232*20200909~DTM*233*20200909~SVC*HC:H0049*50*0**1~DTM*472*20200909~CAS*CO*129*50~REF*6R*CP4UF8LZOJQE~LQ*HE*N59~SVC*HC:G8431*40*0**1~DTM*472*20200909~CAS*CO*129*40~REF*6R*CP4U7TBVFGE5~LQ*HE*N59~CLP*000100039598*22*-327.66*-94.14**MC*2020283043461~NM1*QC*1*COOK*DAVID*T***MR*M267307~NM1*82*1*CADDALI*ESTRELLA*A***XX*1164974580~REF*EA*BBB0B288D22B4ED8B4BE44F58B7A4053~DTM*232*20200825~DTM*233*20200825~SVC*HC:99214:25*-272.99*-94.14**1~DTM*472*20200825~CAS*PR*3*-2~CAS*CO*45*-176.85~REF*6R*CP2UAS446GSH~AMT*B6*96.14~LQ*HE*N45~LQ*HE*N381~LQ*HE*N381~SVC*HC:93000*-54.67*0**0**1~DTM*472*20200825~CAS*PI*16*-54.67~REF*6R*CP2UJ3B3G70Y~LQ*HE*N30~LQ*HE*MA92~LQ*HE*MA92~LQ*HE*MA92~LQ*HE*N56~CLP*000100039598*4*327.66*0**MC*5920308012812~NM1*QC*1*COOK*DAVID*T***MR*M267307~NM1*82*1*CADDALI*ESTRELLA*A***XX*1164974580~REF*EA*BBB0B288D22B4ED8B4BE44F58B7A4053~DTM*232*20200825~DTM*233*20200825~SVC*HC:99214:25*272.99*0**1~DTM*472*20200825~CAS*CO*129*272.99~REF*6R*CP2UAS446GSH~LQ*HE*N59~SVC*HC:93000*54.67*0**0**1~DTM*472*20200825~CAS*CO*129*54.67~REF*6R*CP2UJ3B3G70Y~LQ*HE*N59~CLP*000100039472*22*-327.66*-117.43**MC*2020283043439~NM1*QC*1*DUGGAN*KACI****MR*P931699~NM1*82*1*CADDALI*ESTRELLA*A***XX*1164974580~REF*EA*542225AB682E4DE28FE6EA6EBB3AD699~DTM*232*20200820~DTM*233*20200820~SVC*HC:99214:25*-272.99*-96.14**1~DTM*472*20200820~CAS*CO*45*-176.85~REF*6R*CP2UASUN4AUC~AMT*B6*96.14~LQ*HE*N45~LQ*HE*N381~SVC*HC:93000*-54.67*-21.29**1~DTM*472*20200820~CAS*CO*45*-33.38~REF*6R*CP2UIPL952LW~AMT*B6*21.29~LQ*HE*N381~CLP*000100039472*4*327.66*0**MC*5920308012825~NM1*QC*1*DUGGAN*KACI****MR*P931699~NM1*82*1*CADDALI*ESTRELLA*A***XX*1164974580~REF*EA*542225AB682E4DE28FE6EA6EBB3AD699~DTM*232*20200820~DTM*233*20200820~SVC*HC:99214:25*272.99*0**1~DTM*472*20200820~CAS*CO*129*272.99~REF*6R*CP2UASUN4AUC~LQ*HE*N59~SVC*HC:93000*54.67*0**1~DTM*472*20200820~CAS*CO*129*54.67~REF*6R*CP2UIPL952LW~LQ*HE*N59~CLP*000100040358*22*-90*-41.02**MC*2020296126272~NM1*QC*1*GARCIA*MARYJANE*L***MR*D481727~NM1*82*1*SANCHEZ*LEANN*V***XX*1508990961~REF*EA*DBC764615AE444CF80F6126FACE13680~DTM*232*20200910~DTM*233*20200910~SVC*HC:H0049*-50*-10.81**1~DTM*472*20200910~CAS*CO*45*-39.19~REF*6R*CP4UN1Q1RUMB~AMT*B6*10.81~LQ*HE*N59~LQ*HE*N381~SVC*HC:G8431*-40*-30.21**1~DTM*472*20200910~CAS*CO*45*-9.79~REF*6R*CP4U6WALAGES~AMT*B6*30.21~LQ*HE*N59~LQ*HE*N45~LQ*HE*N381~CLP*000100040358*4*90*0**MC*5920307005233~NM1*QC*1*GARCIA*MARYJANE*L***MR*D481727~NM1*82*1*SANCHEZ*LEANN*V***XX*1508990961~REF*EA*DBC764615AE444CF80F6126FACE13680~DTM*232*20200910~DTM*233*20200910~SVC*HC:H0049*50*0**1~DTM*472*20200910~CAS*CO*129*50~REF*6R*CP4UN1Q1RUMB~LQ*HE*N59~SVC*HC:G8431*40*0**1~DTM*472*20200910~CAS*CO*129*40~REF*6R*CP4U6WALAGES~LQ*HE*N59~CLP*000100039938*22*-437.77*-108.61**MC*2020283043434~NM1*QC*1*ORTEGA*STYLES****MR*Y046561~NM1*82*1*SANCHEZ*LEANN*V***XX*1508990961~REF*EA*C96313A5288D46E1AC88EFD48055FDE4~DTM*232*20200901~DTM*233*20200901~SVC*HC:90791*-437.77*-108.61**1~DTM*472*20200901~CAS*CO*45*-329.16~REF*6R*CP2UO3H8MDW9~AMT*B6*108.61~LQ*HE*N59~LQ*HE*N381~CLP*000100039938*4*437.77*0**MC*5920308012910~NM1*QC*1*ORTEGA*STYLES****MR*Y046561~NM1*82*1*SANCHEZ*LEANN*V***XX*1508990961~REF*EA*C96313A5288D46E1AC88EFD48055FDE4~DTM*232*20200901~DTM*233*20200901~SVC*HC:90791*437.77*0**1~DTM*472*20200901~CAS*CO*129*437.77~REF*6R*CP2UO3H8MDW9~LQ*HE*N59~CLP*000100040131*22*-40*-10.89**MC*2020296126667~NM1*QC*1*YENGICH*CARA*A***MR*O767371~NM1*82*1*SANCHEZ*LEANN*V***XX*1508990961~REF*EA*B2852E3F01024FF1B252E08DDF3BBD9B~DTM*232*20200903~DTM*233*20200903~SVC*HC:G8510*-40*-10.89**1~DTM*472*20200903~CAS*CO*45*-29.11~REF*6R*CP3UN51XZSX1~AMT*B6*10.89~LQ*HE*N59~LQ*HE*N45~LQ*HE*N381~CLP*000100040131*4*40*0**MC*5920307005262~NM1*QC*1*YENGICH*CARA*A***MR*O767371~NM1*82*1*SANCHEZ*LEANN*V***XX*1508990961~REF*EA*B2852E3F01024FF1B252E08DDF3BBD9B~DTM*232*20200903~DTM*233*20200903~SVC*HC:G8510*40*0**1~DTM*472*20200903~CAS*CO*129*40~REF*6R*CP3UN51XZSX1~LQ*HE*N59~PLB*1508250911*20201231*CS:0000376863455*-41.02*CS:0000376863455*41.02*CS:0000376863479*-10.89*CS:0000376863479*10.89*CS:0000376863493*-41.02*CS:0000376863493*41.02~PLB*1508250911*20201231*CS:0000376864159*-94.14*CS:0000376864159*94.14*CS:0000376864168*-117.43*CS:0000376864168*117.43*CS:0000376864236*-108.61*CS:0000376864236*108.61~PLB*1508250911*20201231*CS:0000376864301*-94.11*CS:0000376864301*94.11~SE*2149*000010012~GE*1*200047349~IEA*1*200047349~