ISA*00*          *00*          *ZZ*COMEDASSISTPROG*ZZ*6769489        *201005*0235*^*00501*300013939*0*P*:~GS*HP*COMEDASSISTPROG*6769489*20201005*023510*300013939*X*005010X221A1~ST*835*000010012~BPR*I*8823.03*C*ACH*CCP*01*075911603*DA*00000004556640373*1811725341**01*102106569*DA*2200002989138*20201005~TRN*1*001102634*1811725341~REF*EV*1508250911~DTM*405*20201002~N1*PR*CO_TXIX*XV*7912900843~N3*P.O. BOX 30~N4*DENVER*CO*80201~PER*CX*MEDICAID PROVIDER SERVICES*TE*8442352387~PER*BL*MEDICAID PROVIDER SERVICES*TE*8442352387~N1*PE*HEALTH SOLUTIONS MED CENTER*XX*1508250911~REF*TJ*841158933~LX*1~CLP*000100039447*2*272.99*19**MC*2020273001975~NM1*QC*1*CANNON*RICHARD****MR*D825410~NM1*82*1*GRONEMEYER*LEANNE*R***XX*1659521045~REF*EA*C67192AEC0404381BE1468449BC8AB72~DTM*232*20200820~DTM*233*20200820~SVC*HC:99214*272.99*19**1~DTM*472*20200820~CAS*CO*45*253.99~REF*6R*CPTM25J3EXM3~AMT*B6*19~LQ*HE*N45~LQ*HE*N381~LQ*HE*N381~CLP*000100039712*2*316.11*18.98**MC*2020273001976~NM1*QC*1*GARCIA*PAMELA****MR*P170101~NM1*82*1*CADDALI*ESTRELLA*A***XX*1164974580~REF*EA*DE7F9AEA2CE041A5B2A885EC7CA46A0F~DTM*232*20200826~DTM*233*20200826~SVC*HC:99213:25*178.3*12.69**1~DTM*472*20200826~CAS*CO*45*165.61~REF*6R*CPTMQUSOKQTU~AMT*B6*12.69~LQ*HE*N45~LQ*HE*N381~LQ*HE*N381~SVC*HC:G0444*30.75*0**1~DTM*472*20200826~CAS*CO*45*30.75~REF*6R*CPTMLH5FS9IP~SVC*HC:G0396*107.06*6.29**1~DTM*472*20200826~CAS*OA*P22*100.77~REF*6R*CPTMHABJ6J77~AMT*B6*6.29~LQ*HE*MA125~LQ*HE*MA125~CLP*000100039666*2*404.65*25.1**MC*2020273001963~NM1*QC*1*HILBURN*AMANDA*M***MR*O080436~NM1*82*1*CADDALI*ESTRELLA*A***XX*1164974580~REF*EA*A973951B30DB4D1B9903BB44C42D1002~DTM*232*20200825~DTM*233*20200825~SVC*HC:99203:25*266.84*18.81**1~DTM*472*20200825~CAS*CO*45*248.03~REF*6R*CPTMHLRJ5K08~AMT*B6*18.81~LQ*HE*N45~LQ*HE*N381~LQ*HE*N381~SVC*HC:G0444*30.75*0**1~DTM*472*20200825~CAS*CO*45*30.75~REF*6R*CPTMT926PJEA~SVC*HC:G0396*107.06*6.29**1~DTM*472*20200825~CAS*OA*P22*100.77~REF*6R*CPTM1NORQABN~AMT*B6*6.29~LQ*HE*MA125~LQ*HE*MA125~CLP*000100037168*2*178.3*2.4**MC*2020273001961~NM1*QC*1*MARRONE*JOHN*H***MR*G491256~NM1*82*1*ROBERTS*BRAD*A***XX*1538435698~REF*EA*FC619E1917A64B69B945C5D2DB06BFC5~DTM*232*20200707~DTM*233*20200707~SVC*HC:99213*178.3*2.4**1~DTM*472*20200707~CAS*CO*45*175.9~REF*6R*CPTMCVJR1TM4~AMT*B6*2.4~LQ*HE*N45~LQ*HE*N381~LQ*HE*N381~CLP*35115*2*178.3*4.1**MC*2220276004206~NM1*QC*1*MURPHY*JAMES*P***MR*O503555~DTM*232*20200521~DTM*233*20200521~SVC*HC:99213*178.3*4.1**1~DTM*472*20200521~CAS*CO*45*174.2~REF*HPI*1447291851~AMT*B6*4.1~LQ*HE*N381~LQ*HE*N381~CLP*000100039816*2*137.81*7.4**MC*2020273001967~NM1*QC*1*TOMINELLO*DONALD****MR*T626420~NM1*82*1*HOOSHMAND-PARSI*KAYHOSROW****XX*1447291851~REF*EA*B98BEC4F50C249B7AADA1825D22C812C~DTM*232*20200827~DTM*233*20200827~SVC*HC:G0444*30.75*0**1~DTM*472*20200827~CAS*CO*45*30.75~REF*6R*CPTMJOJJE56C~SVC*HC:G0396*107.06*7.4**1~DTM*472*20200827~CAS*OA*P22*99.66~REF*6R*CPTMNCM1F1K6~AMT*B6*7.4~LQ*HE*MA125~CLP*000100039845*2*178.3*12.69**MC*2020273001973~NM1*QC*1*TREVINO CRUZ*ELVA*A***MR*N194567~NM1*74*1*TREVINOCRUZ~NM1*82*1*CADDALI*ESTRELLA*A***XX*1164974580~REF*EA*3259185995DD47BBB33C204BD41A31F9~DTM*232*20200828~DTM*233*20200828~SVC*HC:99213*178.3*12.69**1~DTM*472*20200828~CAS*CO*45*165.61~REF*6R*CPTMPL8DWVNE~AMT*B6*12.69~LQ*HE*N45~LQ*HE*N381~LQ*HE*N381~CLP*000100039752*2*178.3*8.93**MC*2020273001970~NM1*QC*1*WILLIS*RALPH*E***MR*Q267311~NM1*82*1*CADDALI*ESTRELLA*A***XX*1164974580~REF*EA*B8E2DC5203BB41B2A2C12D2B112BC454~DTM*232*20200826~DTM*233*20200826~SVC*HC:99213*178.3*8.93**1~DTM*472*20200826~CAS*CO*45*169.37~REF*6R*CPTMDNI7BNZJ~AMT*B6*8.93~LQ*HE*N45~LQ*HE*N381~LQ*HE*N381~CLP*000100038613*1*15*8.34**MC*2020275060378~NM1*QC*1*ARAGON*JAMIE*J***MR*P585812~NM1*82*1*GRONEMEYER*LEANNE*R***XX*1659521045~REF*EA*F86F96E860414104A27200A9508C5882~DTM*232*20200804~DTM*233*20200804~SVC*HC:81025*15*8.34**1~DTM*472*20200804~CAS*CO*45*6.66~REF*6R*CPUYXTM8URSC~AMT*B6*8.34~LQ*HE*N77~LQ*HE*N381~CLP*000100040786*1*510.98*226.67**MC*2020275061199~NM1*QC*1*ARPAN*AZELIA*T***MR*Y992951~NM1*82*1*GRONEMEYER*LEANNE*R***XX*1659521045~REF*EA*A8A4AEDD93C244CC8CF11AEF6E16FFE8~DTM*232*20200917~DTM*233*20200917~SVC*HC:99214:25:FP*272.99*118.45**1~DTM*472*20200917~CAS*CO*45*154.54~REF*6R*CP2M6DCJ8I3N~AMT*B6*118.45~LQ*HE*N45~LQ*HE*N381~SVC*HC:96372:FP*83.99*15.51**1~DTM*472*20200917~CAS*CO*45*68.48~REF*6R*CP2MKLAKYQGH~AMT*B6*15.51~LQ*HE*N381~SVC*HC:J1050:FP*135*81**150~DTM*472*20200917~CAS*CO*45*54~REF*6R*CP2MNK593A2E~AMT*B6*81~LQ*HE*N381~SVC*HC:81025:FP*15*8.34**1~DTM*472*20200917~CAS*CO*45*6.66~REF*6R*CP2M43X88EX2~AMT*B6*8.34~LQ*HE*N381~SVC*HC:81002*4*3.37**1~DTM*472*20200917~CAS*CO*45*.63~REF*6R*CP2MJKBPOM5N~AMT*B6*3.37~LQ*HE*N381~CLP*000100040787*1*272.99*96.14**MC*2020275060735~NM1*QC*1*ARPAN*JERIQAH****MR*G223525~NM1*82*1*GRONEMEYER*LEANNE*R***XX*1659521045~REF*EA*D27FC971B040468CAD55E593268C864C~DTM*232*20200917~DTM*233*20200917~SVC*HC:99214*272.99*96.14**1~DTM*472*20200917~CAS*CO*45*176.85~REF*6R*CP2M18TJ5EXI~AMT*B6*96.14~LQ*HE*N45~LQ*HE*N381~CLP*000100036758*1*19*3.4**MC*2020275060527~NM1*QC*1*AVILA*KRISTA*M***MR*K943511~NM1*82*1*SEARLES*DENISE*A***XX*1396971230~REF*EA*666121F8A9234526B52E3C7DB44F6FBC~DTM*232*20200625~DTM*233*20200625~SVC*HC:81025*15*0**0**1~DTM*472*20200625~CAS*PI*16*15~REF*6R*CPUYLV7V9BUM~LQ*HE*N59~LQ*HE*N381~SVC*HC:81002*4*3.4**1~DTM*472*20200625~CAS*CO*45*.6~REF*6R*CPUYGTP6B9A1~AMT*B6*3.4~LQ*HE*N59~LQ*HE*N381~CLP*000100038239*1*15*7.34*1*MC*2020275060830~NM1*QC*1*AVILA*SHANNA****MR*K598901~NM1*82*1*GRONEMEYER*LEANNE*R***XX*1659521045~REF*EA*7B4A73439DEF454ABC89ACBAAF27D655~DTM*232*20200728~DTM*233*20200728~SVC*HC:81025*15*7.34**1~DTM*472*20200728~CAS*PR*3*1~CAS*CO*45*6.66~REF*6R*CPUY75BCWEJH~AMT*B6*8.34~LQ*HE*N77~LQ*HE*N381~LQ*HE*N381~CLP*000100040759*1*292.14*110.11**MC*2020275060787~NM1*QC*1*BACKUSH*SUMAYAH*H***MR*Y862562~NM1*82*1*GRONEMEYER*LEANNE*R***XX*1659521045~REF*EA*90884C4790B149D487907E8D7643BCB9~DTM*232*20200917~DTM*233*20200917~SVC*HC:99395:25*288.14*106.74**1~DTM*472*20200917~CAS*CO*45*181.4~REF*6R*CP2MZEQMKBZG~AMT*B6*106.74~LQ*HE*N45~LQ*HE*N381~SVC*HC:81002*4*3.37**1~DTM*472*20200917~CAS*CO*45*.63~REF*6R*CP2MKDSRWN4E~AMT*B6*3.37~LQ*HE*N381~CLP*000100038609*1*15*7.34*1*MC*2020275060369~NM1*QC*1*BERRY*JENNIFER****MR*O283085~NM1*82*1*GRONEMEYER*LEANNE*R***XX*1659521045~REF*EA*EF03096F8D32437FAD4C723D9A1FECD5~DTM*232*20200804~DTM*233*20200804~SVC*HC:81025*15*7.34**1~DTM*472*20200804~CAS*PR*3*1~CAS*CO*45*6.66~REF*6R*CPUYH3Q470HY~AMT*B6*8.34~LQ*HE*N77~LQ*HE*N381~LQ*HE*N381~CLP*000100038584*1*15*8.34**MC*2020275060245~NM1*QC*1*BUSTILLOS*DESIREE****MR*Y193127~NM1*82*1*SEARLES*DENISE*A***XX*1396971230~REF*EA*483133CE457C44CEB7559A813F8D8AED~DTM*232*20200804~DTM*233*20200804~SVC*HC:81025*15*8.34**1~DTM*472*20200804~CAS*CO*45*6.66~REF*6R*CPVU6PKWMZLG~AMT*B6*8.34~LQ*HE*N59~LQ*HE*N381~CLP*000100040676*1*272.99*96.14**MC*2020275060717~NM1*QC*1*CHADDIC*KARINA*A***MR*Y573460~NM1*82*1*TSAMBIKOS*RICHARD****XX*1467985713~REF*EA*640B27E49CE64695BAD211E53689A93E~DTM*232*20200916~DTM*233*20200916~SVC*HC:99214*272.99*96.14**1~DTM*472*20200916~CAS*CO*45*176.85~REF*6R*CP2MJXHXN6K5~AMT*B6*96.14~LQ*HE*N45~LQ*HE*N381~CLP*000100040813*1*272.99*96.14**MC*2020275061084~NM1*QC*1*CLAUSSEN*COREY****MR*Q548496~NM1*82*1*TSAMBIKOS*RICHARD****XX*1467985713~REF*EA*93CE7EDE818E46FF90EC69B002C0DC3C~DTM*232*20200917~DTM*233*20200917~SVC*HC:99214*272.99*96.14**1~DTM*472*20200917~CAS*CO*45*176.85~REF*6R*CP2MR7E910D3~AMT*B6*96.14~LQ*HE*N45~LQ*HE*N381~CLP*000100038510*1*437.77*108.61**MC*2020275061097~NM1*QC*1*CLAUSSEN*COREY****MR*Q548496~NM1*82*1*SANCHEZ*LEANN*V***XX*1508990961~REF*EA*6AA5FE51189A4DBDB0467409F7ED9872~DTM*232*20200803~DTM*233*20200803~SVC*HC:90791*437.77*108.61**1~DTM*472*20200803~CAS*CO*45*329.16~REF*6R*CP2MJCVRLQA6~AMT*B6*108.61~LQ*HE*N59~LQ*HE*N381~CLP*000100039976*1*290.21*70.54**MC*2020275061106~NM1*QC*1*CLAUSSEN*COREY****MR*Q548496~NM1*82*1*SANCHEZ*LEANN*V***XX*1508990961~REF*EA*AB8EF745C1F341658AE81E4050805391~DTM*232*20200901~DTM*233*20200901~SVC*HC:90834*290.21*70.54**1~DTM*472*20200901~CAS*CO*45*219.67~REF*6R*CP2MMLU6LN5S~AMT*B6*70.54~LQ*HE*N59~LQ*HE*N381~CLP*000100037903*1*4*3.37**MC*2020275060947~NM1*QC*1*COBERLY*DOUGLAS*D***MR*R899013~NM1*82*1*GRONEMEYER*LEANNE*R***XX*1659521045~REF*EA*52555BB726E9413DADEA13EE356514EA~DTM*232*20200721~DTM*233*20200721~SVC*HC:81002*4*3.37**1~DTM*472*20200721~CAS*CO*45*.63~REF*6R*CPUYG4K9OT1Y~AMT*B6*3.37~LQ*HE*N77~LQ*HE*N381~CLP*000100036969*1*272.99*97.11**MC*2020275060312~NM1*QC*1*CRESPIN*GILBERT****MR*M707740~NM1*82*1*HOOSHMAND-PARSI*KAYHOSROW****XX*1447291851~REF*EA*4B21F57A4BDA405093A6F5FC0B2EC30F~DTM*232*20200630~DTM*233*20200630~SVC*HC:99214*272.99*97.11**1~DTM*472*20200630~CAS*CO*45*175.88~REF*6R*CP2M4OBL345R~AMT*B6*97.11~LQ*HE*N381~CLP*000100040814*1*272.99*96.14**MC*2020275060682~NM1*QC*1*CRUZ*RICARDO****MR*O537368~NM1*82*1*TSAMBIKOS*RICHARD****XX*1467985713~REF*EA*D1A6062693154724951A3A36ED2D3998~DTM*232*20200917~DTM*233*20200917~SVC*HC:99214*272.99*96.14**1~DTM*472*20200917~CAS*CO*45*176.85~REF*6R*CP2MMD5X4TAR~AMT*B6*96.14~LQ*HE*N45~LQ*HE*N381~CLP*000100040810*1*178.3*63.15*2*MC*2020275060453~NM1*QC*1*DORLAND*JAMES*C***MR*P429967~NM1*82*1*HOOSHMAND-PARSI*KAYHOSROW****XX*1447291851~REF*EA*6D9E8228E1F14300B0F6246A159460F4~DTM*232*20200917~DTM*233*20200917~SVC*HC:99213*178.3*63.15**1~DTM*472*20200917~CAS*PR*3*2~CAS*CO*45*113.15~REF*6R*CP2MM92Z6LGN~AMT*B6*65.15~LQ*HE*N45~LQ*HE*N381~LQ*HE*N381~CLP*000100037887*1*15*8.34**MC*2020275060222~NM1*QC*1*EHLERS*DESIREE*F***MR*P131523~NM1*82*1*HOOSHMAND-PARSI*KAYHOSROW****XX*1447291851~REF*EA*9DD3865A30D1489DA1F7E20FBD00EF0C~DTM*232*20200721~DTM*233*20200721~SVC*HC:81025*15*8.34**1~DTM*472*20200721~CAS*CO*45*6.66~REF*6R*CPU2DJSHK2Z9~AMT*B6*8.34~LQ*HE*N59~LQ*HE*N381~CLP*000100035738*1*178.3*65.81**MC*2020275060886~NM1*QC*1*ENRIQUEZ*GEORGE****MR*G592135~NM1*82*1*HOOSHMAND-PARSI*KAYHOSROW****XX*1447291851~REF*EA*558B2AA526E045819FF3769ECB47B6FA~DTM*232*20200603~DTM*233*20200603~SVC*HC:99213*178.3*65.81**1~DTM*472*20200603~CAS*CO*45*112.49~REF*6R*CP2M045I9161~AMT*B6*65.81~LQ*HE*N381~CLP*000100039660*1*217.66*54.8**MC*2020275060093~NM1*QC*1*FIERRO*VIRGINIA****MR*B600385~NM1*82*1*LEWIS*HOLLY*G***XX*1295234128~REF*EA*B6CE1137DE044A268AF78B7D2193A860~DTM*232*20200825~DTM*233*20200825~SVC*HC:90832*217.66*54.8**1~DTM*472*20200825~CAS*CO*45*162.86~REF*6R*CP2MRFV5AITN~AMT*B6*54.8~LQ*HE*N381~CLP*000100038284*1*15*8.34**MC*2020275060117~NM1*QC*1*FIORINI*CHRISTENA*E***MR*Y109693~NM1*82*1*GRONEMEYER*LEANNE*R***XX*1659521045~REF*EA*20FC470456DB4B6AA8CE435912A3B7BA~DTM*232*20200729~DTM*233*20200729~SVC*HC:81025*15*8.34**1~DTM*472*20200729~CAS*CO*45*6.66~REF*6R*CPUUVQBZ2ZI8~AMT*B6*8.34~LQ*HE*N59~LQ*HE*N381~CLP*000100037979*1*15*8.34**MC*2020275060130~NM1*QC*1*FIORINI*CHRISTENA*E***MR*Y109693~NM1*82*1*GRONEMEYER*LEANNE*R***XX*1659521045~REF*EA*04C128FE121847F2A1051D1C29A68178~DTM*232*20200722~DTM*233*20200722~SVC*HC:81025*15*8.34**1~DTM*472*20200722~CAS*CO*45*6.66~REF*6R*CPUUIDEJHY96~AMT*B6*8.34~LQ*HE*N59~LQ*HE*N381~CLP*000100040655*1*378.62*148.15**MC*2020275060182~NM1*QC*1*FREIDENBERGER*JOANN****MR*D982237~NM1*82*1*TSAMBIKOS*RICHARD****XX*1467985713~REF*EA*55CB8201663F4B60A0DB97FB21FC14CC~DTM*232*20200916~DTM*233*20200916~SVC*HC:99214:25*272.99*96.14**1~DTM*472*20200916~CAS*CO*45*176.85~REF*6R*CP2M7VSP19LO~AMT*B6*96.14~LQ*HE*N45~LQ*HE*N381~SVC*HC:99406*17.1*12.43**1~DTM*472*20200916~CAS*CO*45*4.67~REF*6R*CP2MZU2AD13W~AMT*B6*12.43~LQ*HE*N45~LQ*HE*N381~SVC*HC:90471*53.53*19.27**1~DTM*472*20200916~CAS*CO*45*34.26~REF*6R*CP2MZS6YDTMB~AMT*B6*19.27~LQ*HE*N45~LQ*HE*N381~SVC*HC:90756*35*20.31**1~DTM*472*20200916~CAS*CO*45*14.69~REF*6R*CP2MZ8IQRVFN~AMT*B6*20.31~LQ*HE*N381~CLP*000100038676*1*1808.3*2.97**MC*2020275061115~NM1*QC*1*GARCIA*JEREMY*D***MR*F687719~NM1*82*1*SEARLES*DENISE*A***XX*1396971230~REF*EA*BB87039D2DF64B9E951A6132C243E4DB~DTM*232*20200805~DTM*233*20200805~SVC*HC:J2315*1805*0**0**380~DTM*472*20200805~CAS*PI*16*1805~REF*6R*CPU2RRRS8MBX~LQ*HE*N77~LQ*HE*N56~LQ*HE*N381~SVC*HC:36415*3.3*2.97**1~DTM*472*20200805~CAS*CO*45*.33~REF*6R*CPU2SUNQWBVS~AMT*B6*2.97~LQ*HE*N77~LQ*HE*N45~LQ*HE*N381~CLP*000100037925*1*40*30.21**MC*2020275061123~NM1*QC*1*GARCIA*JEREMY*D***MR*F687719~NM1*82*1*GRONEMEYER*LEANNE*R***XX*1659521045~REF*EA*28B254B904F440AE89F4C4D5BABB678F~DTM*232*20200722~DTM*233*20200722~SVC*HC:G8431*40*30.21**1~DTM*472*20200722~CAS*CO*45*9.79~REF*6R*CPUY6PP3UD6P~AMT*B6*30.21~LQ*HE*N77~LQ*HE*N45~LQ*HE*N381~CLP*000100038312*1*4*2.37*1*MC*2020275061056~NM1*QC*1*GIERHART*JAMES*T***MR*G669412~NM1*82*1*GRONEMEYER*LEANNE*R***XX*1659521045~REF*EA*E1DAD2126F944F95B364ACB600BD41A4~DTM*232*20200729~DTM*233*20200729~SVC*HC:81002*4*2.37**1~DTM*472*20200729~CAS*PR*3*1~CAS*CO*45*.63~REF*6R*CPVUNRE1EZZX~AMT*B6*3.37~LQ*HE*N59~LQ*HE*N381~LQ*HE*N381~CLP*000100038323*1*15*8.34**MC*2020275061162~NM1*QC*1*GOW*LAYLA*A***MR*O314223~NM1*82*1*GRONEMEYER*LEANNE*R***XX*1659521045~REF*EA*B957F12FF158462682E44290989F9602~DTM*232*20200729~DTM*233*20200729~SVC*HC:81025*15*8.34**1~DTM*472*20200729~CAS*CO*45*6.66~REF*6R*CPUYBS2HS2P3~AMT*B6*8.34~LQ*HE*N59~LQ*HE*N381~CLP*000100037917*1*40*10.89**MC*2020275060902~NM1*QC*1*GROSSO*JAMES****MR*K703279~NM1*82*1*GRONEMEYER*LEANNE*R***XX*1659521045~REF*EA*F06E719039254158A75B3863C53EB090~DTM*232*20200722~DTM*233*20200722~SVC*HC:G8510*40*10.89**1~DTM*472*20200722~CAS*CO*45*29.11~REF*6R*CPU226Z1D2SB~AMT*B6*10.89~LQ*HE*N77~LQ*HE*N45~LQ*HE*N381~CLP*000100037532*1*15*7.34*1*MC*2020275060205~NM1*QC*1*HALL*KRISTINA*K***MR*S324169~NM1*82*1*HOOSHMAND-PARSI*KAYHOSROW****XX*1447291851~REF*EA*10962697FAAE4835AB5235FFFA27388F~DTM*232*20200714~DTM*233*20200714~SVC*HC:81025*15*7.34**1~DTM*472*20200714~CAS*PR*3*1~CAS*CO*45*6.66~REF*6R*CPU27DCR1EO1~AMT*B6*8.34~LQ*HE*N59~LQ*HE*N381~LQ*HE*N381~CLP*000100040780*1*361.52*135.72**MC*2020275060326~NM1*QC*1*HANSON*CYNTHIA*L***MR*W412067~NM1*82*1*HOOSHMAND-PARSI*KAYHOSROW****XX*1447291851~REF*EA*038DCE1768664F92A60264BE9C498F77~DTM*232*20200917~DTM*233*20200917~SVC*HC:99214:25*272.99*96.14**1~DTM*472*20200917~CAS*CO*45*176.85~REF*6R*CP2MNZ5XVW91~AMT*B6*96.14~LQ*HE*N45~LQ*HE*N381~SVC*HC:90471*53.53*19.27**1~DTM*472*20200917~CAS*CO*45*34.26~REF*6R*CP2M7MYBOIOQ~AMT*B6*19.27~LQ*HE*N45~LQ*HE*N381~SVC*HC:90756*35*20.31**1~DTM*472*20200917~CAS*CO*45*14.69~REF*6R*CP2M98XO11K8~AMT*B6*20.31~LQ*HE*N381~CLP*000100038531*1*44*33.58**MC*2020275061080~NM1*QC*1*HICKS*ROBERT*R***MR*P180045~NM1*82*1*GRONEMEYER*LEANNE*R***XX*1659521045~REF*EA*51A3BBB36FA649AE9B069799D9FFBF0D~DTM*232*20200803~DTM*233*20200803~SVC*HC:G8431*40*30.21**1~DTM*472*20200803~CAS*CO*45*9.79~REF*6R*CPUYH1Z0K9WN~AMT*B6*30.21~LQ*HE*N77~LQ*HE*N45~LQ*HE*N381~SVC*HC:81002*4*3.37**1~DTM*472*20200803~CAS*CO*45*.63~REF*6R*CPUYTMUA2LAB~AMT*B6*3.37~LQ*HE*N77~LQ*HE*N381~CLP*000100040674*1*178.3*65.15**MC*2020275060914~NM1*QC*1*HILER*GIOVANNI****MR*G602173~NM1*82*1*CADDALI*ESTRELLA*A***XX*1164974580~REF*EA*FCE17915898D4910A3F53D66D52279E3~DTM*232*20200916~DTM*233*20200916~SVC*HC:99213*178.3*65.15**1~DTM*472*20200916~CAS*CO*45*113.15~REF*6R*CP2MZQCB69BU~AMT*B6*65.15~LQ*HE*N45~LQ*HE*N381~CLP*000100040765*1*178.3*65.15**MC*2020275060231~NM1*QC*1*JACKSON*TIMEKU****MR*M493473~NM1*82*1*CADDALI*ESTRELLA*A***XX*1164974580~REF*EA*BA4B33D804BE48CB9733540CB3645752~DTM*232*20200917~DTM*233*20200917~SVC*HC:99213*178.3*65.15**1~DTM*472*20200917~CAS*CO*45*113.15~REF*6R*CP2M2WJFA3VG~AMT*B6*65.15~LQ*HE*N45~LQ*HE*N381~CLP*000100037980*1*15*8.34**MC*2020275060540~NM1*QC*1*JARAMILLO*RACHEL*A***MR*Y000126~NM1*82*1*GRONEMEYER*LEANNE*R***XX*1659521045~REF*EA*B32457FB66964D798605843F5A3C25DE~DTM*232*20200722~DTM*233*20200722~SVC*HC:81025*15*8.34**1~DTM*472*20200722~CAS*CO*45*6.66~REF*6R*CPUUF1JUSYG4~AMT*B6*8.34~LQ*HE*N59~LQ*HE*N381~CLP*000100035557*1*19*3.4**MC*2020275060567~NM1*QC*1*JOHNSON*TIFFANY*S***MR*L497210~NM1*82*1*HOOSHMAND-PARSI*KAYHOSROW****XX*1447291851~REF*EA*37C6E2BED6344C8DB4DFE5F855ED1804~DTM*232*20200601~DTM*233*20200601~SVC*HC:81025*15*0**0**1~DTM*472*20200601~CAS*PI*16*15~REF*6R*CPU2E7V4VYEV~LQ*HE*N59~LQ*HE*N381~SVC*HC:81002*4*3.4**1~DTM*472*20200601~CAS*CO*45*.6~REF*6R*CPU20MV8UKO9~AMT*B6*3.4~LQ*HE*N59~LQ*HE*N381~CLP*000100038594*1*15*8.34**MC*2020275060573~NM1*QC*1*JOHNSON*TIFFANY*S***MR*L497210~NM1*82*1*SEARLES*DENISE*A***XX*1396971230~REF*EA*A4FE41AA54E042B1BCBB880B74B0868E~DTM*232*20200804~DTM*233*20200804~SVC*HC:81025*15*8.34**1~DTM*472*20200804~CAS*CO*45*6.66~REF*6R*CPVUFOJWOPOG~AMT*B6*8.34~LQ*HE*N59~LQ*HE*N381~CLP*000100039819*1*15*8.34**MC*2020275061147~NM1*QC*1*KINCAID*JANAY*L***MR*Y577521~NM1*82*1*SEARLES*DENISE*A***XX*1396971230~REF*EA*2C0B3E7865294A339659984B37735B94~DTM*232*20200827~DTM*233*20200827~SVC*HC:81025*15*8.34**1~DTM*472*20200827~CAS*CO*45*6.66~REF*6R*CP2MLL72OPA6~AMT*B6*8.34~LQ*HE*N59~LQ*HE*N381~CLP*000100037321*1*15*8.34**MC*2020275061155~NM1*QC*1*KINCAID*JANAY*L***MR*Y577521~NM1*82*1*SEARLES*DENISE*A***XX*1396971230~REF*EA*7E374B9722BF44DB86076D14D7F63CFA~DTM*232*20200709~DTM*233*20200709~SVC*HC:81025*15*8.34**1~DTM*472*20200709~CAS*CO*45*6.66~REF*6R*CP2MP24WE68J~AMT*B6*8.34~LQ*HE*N59~LQ*HE*N381~CLP*000100040410*1*15*7.34*1*MC*2020275061157~NM1*QC*1*KINCAID*JANAY*L***MR*Y577521~NM1*82*1*SEARLES*DENISE*A***XX*1396971230~REF*EA*44FDF2772A774BC88B7C88A6B95D058E~DTM*232*20200910~DTM*233*20200910~SVC*HC:81025*15*7.34**1~DTM*472*20200910~CAS*PR*3*1~CAS*CO*45*6.66~REF*6R*CP2MA9EYHDJQ~AMT*B6*8.34~LQ*HE*N59~LQ*HE*N381~LQ*HE*N381~CLP*000100040749*1*178.3*63.15*2*MC*2020275060986~NM1*QC*1*KNABE*VIOLA*E***MR*U328562~NM1*82*1*GRONEMEYER*LEANNE*R***XX*1659521045~REF*EA*B579A68405E04D1B8A26D1CFA260EBBD~DTM*232*20200917~DTM*233*20200917~SVC*HC:99213*178.3*63.15**1~DTM*472*20200917~CAS*PR*3*2~CAS*CO*45*113.15~REF*6R*CP2M1QIP2D5X~AMT*B6*65.15~LQ*HE*N45~LQ*HE*N381~LQ*HE*N381~CLP*000100031372*1*362.99*136.55*2*MC*2020275061130~NM1*QC*1*LUCERO*BOBBY*A***MR*D517454~NM1*82*1*HOOSHMAND-PARSI*KAYHOSROW****XX*1447291851~REF*EA*FC2AAA28079C4878993442A56461F9EF~DTM*232*20200311~DTM*233*20200311~SVC*HC:99214:25*272.99*95.11**1~DTM*472*20200311~CAS*PR*3*2~CAS*CO*45*175.88~REF*6R*CP2MK8YZ86HT~AMT*B6*97.11~LQ*HE*N381~LQ*HE*N381~SVC*HC:H0049*50*10.92**1~DTM*472*20200311~CAS*CO*45*39.08~REF*6R*CP2MSG52H3EG~AMT*B6*10.92~LQ*HE*N381~SVC*HC:G8431*40*30.52**1~DTM*472*20200311~CAS*CO*45*9.48~REF*6R*CP2MBRWHX0JN~AMT*B6*30.52~LQ*HE*N381~CLP*000100038822*1*40*10.89**MC*2020275060106~NM1*QC*1*MARTINEZ*JENA*S***MR*P057622~NM1*82*1*LEWIS*HOLLY*G***XX*1295234128~REF*EA*B896DECE87D4406BA51468F477EEBC54~DTM*232*20200810~DTM*233*20200810~SVC*HC:G8510*40*10.89**1~DTM*472*20200810~CAS*CO*45*29.11~REF*6R*CPUYKK0XI1HE~AMT*B6*10.89~LQ*HE*N59~LQ*HE*N45~LQ*HE*N381~CLP*000100040681*1*178.3*65.15**MC*2020275060772~NM1*QC*1*MARTINEZ*JOANNA*L***MR*D997532~NM1*82*1*CADDALI*ESTRELLA*A***XX*1164974580~REF*EA*E1C4F60E66414FB58E5D00667FCC6909~DTM*232*20200916~DTM*233*20200916~SVC*HC:99213*178.3*65.15**1~DTM*472*20200916~CAS*CO*45*113.15~REF*6R*CP2MHBYGV6JL~AMT*B6*65.15~LQ*HE*N45~LQ*HE*N381~CLP*000100040748*1*540.26*196.36**MC*2020275060645~NM1*QC*1*MARTINEZ*LOREN*J***MR*P324169~NM1*82*1*HOOSHMAND-PARSI*KAYHOSROW****XX*1447291851~REF*EA*3D84A0A0C42148D3A142F597148D2A58~DTM*232*20200917~DTM*233*20200917~SVC*HC:99396:25*312.06*113.79**1~DTM*472*20200917~CAS*CO*45*198.27~REF*6R*CP2M45RUPAGY~AMT*B6*113.79~LQ*HE*N45~LQ*HE*N381~SVC*HC:90471*53.53*19.27**1~DTM*472*20200917~CAS*CO*45*34.26~REF*6R*CP2MLYYMAX3S~AMT*B6*19.27~LQ*HE*N45~LQ*HE*N381~SVC*HC:90756*30*20.31**1~DTM*472*20200917~CAS*CO*45*9.69~REF*6R*CP2M8RQZPLCB~AMT*B6*20.31~LQ*HE*N381~SVC*HC:93000*54.67*21.29**1~DTM*472*20200917~CAS*CO*45*33.38~REF*6R*CP2MXZH0L5W9~AMT*B6*21.29~LQ*HE*N381~SVC*HC:H0049*50*10.81**1~DTM*472*20200917~CAS*CO*45*39.19~REF*6R*CP2MRN1MTGMX~AMT*B6*10.81~LQ*HE*N381~SVC*HC:G8510*40*10.89**1~DTM*472*20200917~CAS*CO*45*29.11~REF*6R*CP2MK4SNPEWD~AMT*B6*10.89~LQ*HE*N45~LQ*HE*N381~CLP*000100038001*1*15*8.34**MC*2020275060449~NM1*QC*1*MAXFIELD*KENDRA*M***MR*N150478~NM1*74*1*MAXFIED~NM1*82*1*GRONEMEYER*LEANNE*R***XX*1659521045~REF*EA*30262D745569480B918C120D54D221F8~DTM*232*20200723~DTM*233*20200723~SVC*HC:81025*15*8.34**1~DTM*472*20200723~CAS*CO*45*6.66~REF*6R*CPUU8ND4GRQ1~AMT*B6*8.34~LQ*HE*N59~LQ*HE*N381~CLP*000100037625*1*40*10.89**MC*2020275060435~NM1*QC*1*ORNELAS*MICHAEL*A***MR*Q985383~NM1*82*1*SEARLES*DENISE*A***XX*1396971230~REF*EA*853FE230A1584D229C854D3B88FCEC99~DTM*232*20200716~DTM*233*20200716~SVC*HC:G8510*40*10.89**1~DTM*472*20200716~CAS*CO*45*29.11~REF*6R*CPU2BA6V3DQH~AMT*B6*10.89~LQ*HE*N59~LQ*HE*N45~LQ*HE*N381~CLP*000100040766*1*272.99*96.14**MC*2020275060800~NM1*QC*1*ORTIZ*EMILY****MR*L289179~NM1*82*1*GRONEMEYER*LEANNE*R***XX*1659521045~REF*EA*509B7863FD814251ADFD806E8EF5A57F~DTM*232*20200917~DTM*233*20200917~SVC*HC:99214*272.99*96.14**1~DTM*472*20200917~CAS*CO*45*176.85~REF*6R*CP2M3468QBVR~AMT*B6*96.14~LQ*HE*N45~LQ*HE*N381~CLP*000100039602*1*1809*1260.17*1*MC*2020275060862~NM1*QC*1*PEREZ*DEAN*J***MR*Y959714~NM1*82*1*GRONEMEYER*LEANNE*R***XX*1659521045~REF*EA*C473ABCE6C1F4D2B801404E719018CB2~DTM*232*20200825~DTM*233*20200825~SVC*HC:J2315*1805*1257.8**380~DTM*472*20200825~CAS*CO*45*547.2~REF*6R*CPUU10UGPOY5~AMT*B6*1257.8~LQ*HE*N77~LQ*HE*N381~SVC*HC:81002*4*2.37**1~DTM*472*20200825~CAS*PR*3*1~CAS*CO*45*.63~REF*6R*CPUUIYIJD9ZE~AMT*B6*3.37~LQ*HE*N77~LQ*HE*N381~LQ*HE*N381~CLP*000100040769*1*178.3*63.15*2*MC*2020275060496~NM1*QC*1*QUINTANA*JUSTIN*L***MR*Y962445~NM1*82*1*GRONEMEYER*LEANNE*R***XX*1659521045~REF*EA*8B18E2A61C204312906278315784499A~DTM*232*20200917~DTM*233*20200917~SVC*HC:99213*178.3*63.15**1~DTM*472*20200917~CAS*PR*3*2~CAS*CO*45*113.15~REF*6R*CP2MJTB5KSNZ~AMT*B6*65.15~LQ*HE*N45~LQ*HE*N381~LQ*HE*N381~CLP*000100030712*1*211*106.57*2*MC*2020275061064~NM1*QC*1*RAEL*JODI****MR*B166494~NM1*82*1*SEARLES*DENISE*A***XX*1396971230~REF*EA*BC070992172C4DEF966F833576989136~DTM*232*20200227~DTM*233*20200227~SVC*HC:99202:25*135*65.13**1~DTM*472*20200227~CAS*PR*3*2~CAS*CO*45*67.87~REF*6R*CPUYWL1AQBAU~AMT*B6*67.13~LQ*HE*N381~LQ*HE*N381~SVC*HC:H0049*36*10.92**1~DTM*472*20200227~CAS*CO*45*25.08~REF*6R*CPUY75QVEG8E~AMT*B6*10.92~LQ*HE*N381~SVC*HC:G8431*40*30.52**1~DTM*472*20200227~CAS*CO*45*9.48~REF*6R*CPUYLZ9CTN1O~AMT*B6*30.52~LQ*HE*N381~CLP*000100031312*1*134*95.11*2*MC*2020275061072~NM1*QC*1*RAEL*JODI****MR*B166494~NM1*82*1*CADDALI*ESTRELLA*A***XX*1164974580~REF*EA*A0910D2F430944A6A9F6C64C1E707C81~DTM*232*20200311~DTM*233*20200311~SVC*HC:99214*134*95.11**1~DTM*472*20200311~CAS*PR*3*2~CAS*CO*45*36.89~REF*6R*CPUYN420W7RD~AMT*B6*97.11~LQ*HE*N381~LQ*HE*N381~CLP*000100040739*1*182.3*66.52*2*MC*2020275060168~NM1*QC*1*RICHARDSON*REBECCA****MR*E158290~NM1*82*1*CADDALI*ESTRELLA*A***XX*1164974580~REF*EA*E82B9F832EEE4397A2D5B9E02F69F817~DTM*232*20200917~DTM*233*20200917~SVC*HC:99213:25*178.3*63.15**1~DTM*472*20200917~CAS*PR*3*2~CAS*CO*45*113.15~REF*6R*CP2MN8J7IF9W~AMT*B6*65.15~LQ*HE*N45~LQ*HE*N381~LQ*HE*N381~SVC*HC:81002*4*3.37**1~DTM*472*20200917~CAS*CO*45*.63~REF*6R*CP2M6BX4RN7G~AMT*B6*3.37~LQ*HE*N381~CLP*000100031128*1*295*191.03**MC*2020275061188~NM1*QC*1*RITCHIE*SADIE*R***MR*O200241~NM1*82*1*LUCAS*PEGGI*S***XX*1366419582~REF*EA*4BEE4833B0EA4E4481AE319BAEEF5FF4~DTM*232*20200306~DTM*233*20200306~SVC*HC:99204:25*205*149.59**1~DTM*472*20200306~CAS*CO*45*55.41~REF*6R*CPUYRJVER0MB~AMT*B6*149.59~LQ*HE*N381~SVC*HC:H0049*50*10.92**1~DTM*472*20200306~CAS*CO*45*39.08~REF*6R*CPUY0H3LQPY3~AMT*B6*10.92~LQ*HE*N381~SVC*HC:G8431*40*30.52**1~DTM*472*20200306~CAS*CO*45*9.48~REF*6R*CPUY7ZUIYIAC~AMT*B6*30.52~LQ*HE*N381~CLP*000100033957*1*19*2.4*1*MC*2020275060134~NM1*QC*1*ROBIN*RONDI*L***MR*L564167~NM1*82*1*GRONEMEYER*LEANNE*R***XX*1659521045~REF*EA*354D55315F634D9887F04F87FAC36358~DTM*232*20200429~DTM*233*20200429~SVC*HC:81025*15*0**0**1~DTM*472*20200429~CAS*PI*16*15~REF*6R*CPU29X3Q4YQV~LQ*HE*N59~LQ*HE*N381~SVC*HC:81002*4*2.4**1~DTM*472*20200429~CAS*PR*3*1~CAS*CO*45*.6~REF*6R*CPU2W1A60R0H~AMT*B6*3.4~LQ*HE*N59~LQ*HE*N381~LQ*HE*N381~CLP*000100037924*1*15*7.34*1*MC*2020275060154~NM1*QC*1*ROBIN*RONDI*L***MR*L564167~NM1*82*1*GRONEMEYER*LEANNE*R***XX*1659521045~REF*EA*F77B79E7EA0744088F2DEBC40D51CAB4~DTM*232*20200722~DTM*233*20200722~SVC*HC:81025*15*7.34**1~DTM*472*20200722~CAS*PR*3*1~CAS*CO*45*6.66~REF*6R*CPUU8EWKI7H6~AMT*B6*8.34~LQ*HE*N59~LQ*HE*N381~LQ*HE*N381~CLP*000100029952*1*178.3*65.81**MC*2020275060458~NM1*QC*1*RODRIGUEZ*CAROLINA*M***MR*Y641512~NM1*82*1*HOOSHMAND-PARSI*KAYHOSROW****XX*1447291851~REF*EA*419D7C530FE6487092E09211D6A4864F~DTM*232*20200213~DTM*233*20200213~SVC*HC:99213*178.3*65.81**1~DTM*472*20200213~CAS*CO*45*112.49~REF*6R*CP2M6MB7K68O~AMT*B6*65.81~LQ*HE*N381~CLP*000100031600*1*272.99*95.11*2*MC*2020275060759~NM1*QC*1*ROHN*TIMMIELU****MR*O164731~NM1*82*1*GRONEMEYER*LEANNE*R***XX*1659521045~REF*EA*81419F8CF04844148C84D561711EEBD1~DTM*232*20200316~DTM*233*20200316~SVC*HC:99214*272.99*95.11**1~DTM*472*20200316~CAS*PR*3*2~CAS*CO*45*175.88~REF*6R*CP2MN4X72ZYE~AMT*B6*97.11~LQ*HE*N381~LQ*HE*N381~CLP*000100031592*1*272.99*97.11**MC*2020275060415~NM1*QC*1*ROLES*SHANNON*E***MR*R039800~NM1*82*1*GRONEMEYER*LEANNE*R***XX*1659521045~REF*EA*2A1B173F1B93434E9AC7BF62A8AFD4B9~DTM*232*20200316~DTM*233*20200316~SVC*HC:99214*272.99*97.11**1~DTM*472*20200316~CAS*CO*45*175.88~REF*6R*CP2MMESJ2SKX~AMT*B6*97.11~LQ*HE*N381~CLP*000100040675*1*178.3*63.15*2*MC*2020275060697~NM1*QC*1*ROMERO*JOSEPH*P***MR*G715842~NM1*82*1*CADDALI*ESTRELLA*A***XX*1164974580~REF*EA*3C140A82A37F429F9C4349DD2B64D11B~DTM*232*20200916~DTM*233*20200916~SVC*HC:99213*178.3*63.15**1~DTM*472*20200916~CAS*PR*3*2~CAS*CO*45*113.15~REF*6R*CP2MJ0M5EAYC~AMT*B6*65.15~LQ*HE*N45~LQ*HE*N381~LQ*HE*N381~CLP*000100040727*1*272.99*96.14**MC*2020275060517~NM1*QC*1*RUIZ*EVELYN****MR*Y265942~NM1*82*1*CADDALI*ESTRELLA*A***XX*1164974580~REF*EA*4E3604E275B34B87BEFC0D9F3BF8DDAE~DTM*232*20200917~DTM*233*20200917~SVC*HC:99214*272.99*96.14**1~DTM*472*20200917~CAS*CO*45*176.85~REF*6R*CP2M6933RSQ7~AMT*B6*96.14~LQ*HE*N45~LQ*HE*N381~CLP*000100037602*1*15*8.34**MC*2020275061223~NM1*QC*1*SANCHEZ*LEANNA*A***MR*L179099~NM1*82*1*GRONEMEYER*LEANNE*R***XX*1659521045~REF*EA*33906000CE784B2DB21F9FA5DF6BC6E3~DTM*232*20200715~DTM*233*20200715~SVC*HC:81025*15*8.34**1~DTM*472*20200715~CAS*CO*45*6.66~REF*6R*CPU20IG0Q1U7~AMT*B6*8.34~LQ*HE*N59~LQ*HE*N381~CLP*000100030529*1*88.54*39.39**MC*2020275060606~NM1*QC*1*SANCHEZ*MARIO****MR*L108247~NM1*82*1*HOOSHMAND-PARSI*KAYHOSROW****XX*1447291851~REF*EA*931DA5E6FA6344EBBFF31E6A67789C65~DTM*232*20200226~DTM*233*20200226~SVC*HC:99212*88.54*39.39**1~DTM*472*20200226~CAS*CO*45*49.15~REF*6R*CP2M9DVS9F7X~AMT*B6*39.39~LQ*HE*N381~CLP*000100040804*1*272.99*96.14**MC*2020275060746~NM1*QC*1*SANCHEZ*RANDY****MR*Y196130~NM1*82*1*GRONEMEYER*LEANNE*R***XX*1659521045~REF*EA*8B70B3CB9B5548C09D0E8ADE99637E1E~DTM*232*20200917~DTM*233*20200917~SVC*HC:99214*272.99*96.14**1~DTM*472*20200917~CAS*CO*45*176.85~REF*6R*CP2MDRBCMEET~AMT*B6*96.14~LQ*HE*N45~LQ*HE*N381~CLP*000100032872*1*15*7.42*1*MC*2020275060261~NM1*QC*1*SANCHEZ*YVONNE*A***MR*J289148~NM1*82*1*HOOSHMAND-PARSI*KAYHOSROW****XX*1447291851~REF*EA*41096D1497E34CC9A3E2B2BFE9F11116~DTM*232*20200407~DTM*233*20200407~SVC*HC:81025*15*7.42**1~DTM*472*20200407~CAS*PR*3*1~CAS*CO*45*6.58~REF*6R*CP2MHX9CD1A5~AMT*B6*8.42~LQ*HE*N59~LQ*HE*N381~LQ*HE*N381~CLP*000100040422*1*178.3*63.15*2*MC*2020275060289~NM1*QC*1*SANCHEZ*YVONNE*A***MR*J289148~NM1*82*1*GRONEMEYER*LEANNE*R***XX*1659521045~REF*EA*19FCAA558A814D84B056301BAA9F9685~DTM*232*20200910~DTM*233*20200910~SVC*HC:99213*178.3*63.15**1~DTM*472*20200910~CAS*PR*3*2~CAS*CO*45*113.15~REF*6R*CP2MC5BXGKL7~AMT*B6*65.15~LQ*HE*N45~LQ*HE*N381~LQ*HE*N381~CLP*000100037569*1*1805*1257.8**MC*2020275060546~NM1*QC*1*SANDOVAL*JULIA*L***MR*K495017~NM1*82*1*SEARLES*DENISE*A***XX*1396971230~REF*EA*638B1767FC6D4633B7EFE30C712AAEF0~DTM*232*20200715~DTM*233*20200715~SVC*HC:J2315*1805*1257.8**380~DTM*472*20200715~CAS*CO*45*547.2~REF*6R*CPVU40ZAI59Z~AMT*B6*1257.8~LQ*HE*N59~LQ*HE*N381~CLP*000100037872*1*90*21.7**MC*2020275060302~NM1*QC*1*SCHUDAR*JOHN*R***MR*Y988342~NM1*82*1*HOOSHMAND-PARSI*KAYHOSROW****XX*1447291851~REF*EA*B67F5960D0EC4FD4A45FA4431F7283C8~DTM*232*20200721~DTM*233*20200721~SVC*HC:G8510*40*10.89**1~DTM*472*20200721~CAS*CO*45*29.11~REF*6R*CPU21Q5ZH57A~AMT*B6*10.89~LQ*HE*N59~LQ*HE*N45~LQ*HE*N381~SVC*HC:H0049*50*10.81**1~DTM*472*20200721~CAS*CO*45*39.19~REF*6R*CPU2V2LEXYN2~AMT*B6*10.81~LQ*HE*N59~LQ*HE*N381~CLP*000100037513*1*1809*1261.17**MC*2020275060505~NM1*QC*1*SEGURA*MARK****MR*I900499~NM1*82*1*SEARLES*DENISE*A***XX*1396971230~REF*EA*76FE89454B1442D5AF81DEAE6790A57B~DTM*232*20200714~DTM*233*20200714~SVC*HC:J2315*1805*1257.8**380~DTM*472*20200714~CAS*CO*45*547.2~REF*6R*CPUUWDDSS1VC~AMT*B6*1257.8~LQ*HE*N59~LQ*HE*N381~SVC*HC:81002*4*3.37**1~DTM*472*20200714~CAS*CO*45*.63~REF*6R*CPUUHXZKK4NW~AMT*B6*3.37~LQ*HE*N59~LQ*HE*N381~CLP*35679*1*395.17*136.28**MC*2220275007946~NM1*QC*1*SILVER*GENE****MR*G292581~DTM*232*20200805~DTM*233*20200805~SVC*HC:99394:25*280.17*104.49**1~DTM*472*20200805~CAS*CO*45*175.68~REF*HPI*1164974580~AMT*B6*104.49~LQ*HE*N45~LQ*HE*N381~SVC*HC:99173*25*10.09**1~DTM*472*20200805~CAS*CO*45*14.91~REF*HPI*1164974580~AMT*B6*10.09~LQ*HE*N381~SVC*HC:H0049*50*10.81**1~DTM*472*20200805~CAS*CO*45*39.19~REF*HPI*1164974580~AMT*B6*10.81~LQ*HE*N381~SVC*HC:G8510*40*10.89**1~DTM*472*20200805~CAS*CO*45*29.11~REF*HPI*1164974580~AMT*B6*10.89~LQ*HE*N45~LQ*HE*N381~CLP*000100031443*1*362.99*117.03*2*MC*2020275060934~NM1*QC*1*SPEIER*REBECCA****MR*L024352~NM1*82*1*HOOSHMAND-PARSI*KAYHOSROW****XX*1447291851~REF*EA*ED4E5F2BC38B49AFAAF40C83BB8E0B5E~DTM*232*20200312~DTM*233*20200312~SVC*HC:99214:25*272.99*95.11**1~DTM*472*20200312~CAS*PR*3*2~CAS*CO*45*175.88~REF*6R*CP2MIV9IVEKA~AMT*B6*97.11~LQ*HE*N381~LQ*HE*N381~SVC*HC:H0049*50*10.92**1~DTM*472*20200312~CAS*CO*45*39.08~REF*6R*CP2MIVV40CSN~AMT*B6*10.92~LQ*HE*N381~SVC*HC:G8510*40*11**1~DTM*472*20200312~CAS*CO*45*29~REF*6R*CP2M4LVJL7YY~AMT*B6*11~LQ*HE*N381~CLP*000100040383*1*362.99*135.16*2*MC*2020275061031~NM1*QC*1*STRONG*MELINDA*A***MR*Y871391~NM1*82*1*CADDALI*ESTRELLA*A***XX*1164974580~REF*EA*43081B78FD8F4B1B8F5C57D76BAB36BC~DTM*232*20200910~DTM*233*20200910~SVC*HC:99214:25*272.99*94.14**1~DTM*472*20200910~CAS*PR*3*2~CAS*CO*45*176.85~REF*6R*CP2M9Z6B7MWR~AMT*B6*96.14~LQ*HE*N45~LQ*HE*N381~LQ*HE*N381~SVC*HC:H0049*50*10.81**1~DTM*472*20200910~CAS*CO*45*39.19~REF*6R*CP2M0D1TDF71~AMT*B6*10.81~LQ*HE*N381~SVC*HC:G8431*40*30.21**1~DTM*472*20200910~CAS*CO*45*9.79~REF*6R*CP2MZ1UCQK9O~AMT*B6*30.21~LQ*HE*N45~LQ*HE*N381~CLP*000100040641*1*450.07*148.09**MC*2020275060896~NM1*QC*1*STROUP*ANDREW****MR*G312434~NM1*82*1*TSAMBIKOS*RICHARD****XX*1467985713~REF*EA*0026B70AA9784C2D90606D6C859D5E99~DTM*232*20200915~DTM*233*20200915~SVC*HC:99204*450.07*148.09**1~DTM*472*20200915~CAS*CO*45*301.98~REF*6R*CP2MCK6LMTVK~AMT*B6*148.09~LQ*HE*N45~LQ*HE*N381~CLP*000100040823*1*272.99*96.14**MC*2020275060847~NM1*QC*1*THOMPSON*LINDA*M***MR*E133889~NM1*82*1*CADDALI*ESTRELLA*A***XX*1164974580~REF*EA*6DB6A9365E7F488D8A04191826617C50~DTM*232*20200918~DTM*233*20200918~SVC*HC:99214*272.99*96.14**1~DTM*472*20200918~CAS*CO*45*176.85~REF*6R*CP2MID6ZI3L8~AMT*B6*96.14~LQ*HE*N45~LQ*HE*N381~CLP*000100025849*1*90*63.81*2*MC*2020275061176~NM1*QC*1*THUETT*DANESSA****MR*Y097559~NM1*82*1*CADDALI*ESTRELLA*A***XX*1164974580~REF*EA*B385090EB1C94EB0986DAEE0C300075F~DTM*232*20191126~DTM*233*20191126~SVC*HC:99213*90*63.81**1~DTM*472*20191126~CAS*PR*3*2~CAS*CO*45*24.19~REF*6R*CPUYYAXTIKBT~AMT*B6*65.81~LQ*HE*N381~LQ*HE*N381~CLP*000100037891*1*15*8.34**MC*2020275060158~NM1*QC*1*VARGAS*ERIKA*A***MR*L114609~NM1*82*1*GRONEMEYER*LEANNE*R***XX*1659521045~REF*EA*5C40C3B267A845DEB167EAF126D3114D~DTM*232*20200721~DTM*233*20200721~SVC*HC:81025*15*8.34**1~DTM*472*20200721~CAS*CO*45*6.66~REF*6R*CPUYEMGMTTDX~AMT*B6*8.34~LQ*HE*N77~LQ*HE*N381~CLP*000100040633*1*268.3*104.17*2*MC*2020275060596~NM1*QC*1*VAUGHT*DEBORAH*A***MR*C817202~NM1*82*1*CADDALI*ESTRELLA*A***XX*1164974580~REF*EA*688C89D156E1475994A4EB1D85E6739A~DTM*232*20200915~DTM*233*20200915~SVC*HC:99213:25*178.3*63.15**1~DTM*472*20200915~CAS*PR*3*2~CAS*CO*45*113.15~REF*6R*CP2MLIHREWC9~AMT*B6*65.15~LQ*HE*N45~LQ*HE*N381~LQ*HE*N381~SVC*HC:H0049*50*10.81**1~DTM*472*20200915~CAS*CO*45*39.19~REF*6R*CP2MGYWB2C3F~AMT*B6*10.81~LQ*HE*N381~SVC*HC:G8431*40*30.21**1~DTM*472*20200915~CAS*CO*45*9.79~REF*6R*CP2M91YLN4NO~AMT*B6*30.21~LQ*HE*N45~LQ*HE*N381~CLP*000100038610*1*40*30.21**MC*2020275060673~NM1*QC*1*VIAU*SHERI*L***MR*E330428~NM1*82*1*GRONEMEYER*LEANNE*R***XX*1659521045~REF*EA*1AFA9AC70127432BAB4591D75120F9E3~DTM*232*20200804~DTM*233*20200804~SVC*HC:G8431*40*30.21**1~DTM*472*20200804~CAS*CO*45*9.79~REF*6R*CPUY6KCBT0D1~AMT*B6*30.21~LQ*HE*N77~LQ*HE*N45~LQ*HE*N381~CLP*000100040771*1*195.4*75.58*2*MC*2020275060390~NM1*QC*1*WILKINS*CARTHELIUS****MR*P159818~NM1*82*1*HOOSHMAND-PARSI*KAYHOSROW****XX*1447291851~REF*EA*823AFABCCB534480B66F587216C1B172~DTM*232*20200917~DTM*233*20200917~SVC*HC:99213:25*178.3*63.15**1~DTM*472*20200917~CAS*PR*3*2~CAS*CO*45*113.15~REF*6R*CP2M36M9CH28~AMT*B6*65.15~LQ*HE*N45~LQ*HE*N381~LQ*HE*N381~SVC*HC:99406*17.1*12.43**1~DTM*472*20200917~CAS*CO*45*4.67~REF*6R*CP2MC5EYOKK5~AMT*B6*12.43~LQ*HE*N45~LQ*HE*N381~CLP*000100035086*1*402.06*21.92**MC*2020275060297~NM1*QC*1*WILKS*ANITA****MR*P466852~NM1*82*1*HOOSHMAND-PARSI*KAYHOSROW****XX*1447291851~REF*EA*09142542ECBE4ACA975092DFCCCE002E~DTM*232*20200520~DTM*233*20200520~SVC*HC:99396:25*312.06*0**0**1~DTM*472*20200520~CAS*PI*5*312.06~REF*6R*CP2MEL75MBML~LQ*HE*M77~LQ*HE*M77~SVC*HC:H0049*50*10.92**1~DTM*472*20200520~CAS*CO*45*39.08~REF*6R*CP2M8Y1OSMMN~AMT*B6*10.92~LQ*HE*N381~SVC*HC:G8510*40*11**1~DTM*472*20200520~CAS*CO*45*29~REF*6R*CP2MHO79FJLN~AMT*B6*11~LQ*HE*N381~CLP*000100039927*1*290.09*108.57**MC*2020275060924~NM1*QC*1*WILLIAMS*ARRON*R***MR*O943376~NM1*82*1*TSAMBIKOS*RICHARD****XX*1467985713~REF*EA*531E9198274E4041BC35331AA8603479~DTM*232*20200901~DTM*233*20200901~SVC*HC:99214:25*272.99*96.14**1~DTM*472*20200901~CAS*CO*45*176.85~REF*6R*CP2MRBURFQL4~AMT*B6*96.14~LQ*HE*N45~LQ*HE*N381~SVC*HC:99406*17.1*12.43**1~DTM*472*20200901~CAS*CO*45*4.67~REF*6R*CP2MG1AXL1HD~AMT*B6*12.43~LQ*HE*N45~LQ*HE*N381~CLP*000100040792*1*178.3*65.15**MC*2020275060956~NM1*QC*1*WILLIAMS*ETHAN*D***MR*O419068~NM1*82*1*TSAMBIKOS*RICHARD****XX*1467985713~REF*EA*F1A3DDB1C4304B1F97ED72181B7AA193~DTM*232*20200917~DTM*233*20200917~SVC*HC:99213*178.3*65.15**1~DTM*472*20200917~CAS*CO*45*113.15~REF*6R*CP2M6DHZ6WJO~AMT*B6*65.15~LQ*HE*N45~LQ*HE*N381~CLP*000100040770*1*567.4*176.39**MC*2020275060996~NM1*QC*1*WILLIAMS*JESSICA*S***MR*U506258~NM1*82*1*TSAMBIKOS*RICHARD****XX*1467985713~REF*EA*DB59E185E2C043D982A035140CF8AC2F~DTM*232*20200917~DTM*233*20200917~SVC*HC:99204:25*450.07*148.09**1~DTM*472*20200917~CAS*CO*45*301.98~REF*6R*CP2M5EBYE1QJ~AMT*B6*148.09~LQ*HE*N45~LQ*HE*N381~SVC*HC:86580*27.33*6.6**1~DTM*472*20200917~CAS*CO*45*20.73~REF*6R*CP2MFYU2Z0A7~AMT*B6*6.6~LQ*HE*N381~SVC*HC:H0049*50*10.81**1~DTM*472*20200917~CAS*CO*45*39.19~REF*6R*CP2MGKWYVMHH~AMT*B6*10.81~LQ*HE*N381~SVC*HC:G8510*40*10.89**1~DTM*472*20200917~CAS*CO*45*29.11~REF*6R*CP2M8V3FUV65~AMT*B6*10.89~LQ*HE*N45~LQ*HE*N381~CLP*000100040815*1*172.07*78.58**MC*2020275060970~NM1*QC*1*WINCHESTER*CARRIE****MR*V518328~NM1*82*1*HOOSHMAND-PARSI*KAYHOSROW****XX*1447291851~REF*EA*394D1484CA61445FA4B4564957D18BA4~DTM*232*20200917~DTM*233*20200917~SVC*HC:99212:25*88.54*39**1~DTM*472*20200917~CAS*CO*45*49.54~REF*6R*CP2MNC76YGVL~AMT*B6*39~LQ*HE*N45~LQ*HE*N381~SVC*HC:90471*53.53*19.27**1~DTM*472*20200917~CAS*CO*45*34.26~REF*6R*CP2MQTAFGJXS~AMT*B6*19.27~LQ*HE*N45~LQ*HE*N381~SVC*HC:90756*30*20.31**1~DTM*472*20200917~CAS*CO*45*9.69~REF*6R*CP2MBEYTGMQR~AMT*B6*20.31~LQ*HE*N381~CLP*000100038280*1*15*8.34**MC*2020275061124~NM1*QC*1*WOODARD*LYDIA****MR*P869732~NM1*82*1*SEARLES*DENISE*A***XX*1396971230~REF*EA*7900E70B7B914DB6951CE1301D35F6E5~DTM*232*20200729~DTM*233*20200729~SVC*HC:81025*15*8.34**1~DTM*472*20200729~CAS*CO*45*6.66~REF*6R*CPUUV203U4YS~AMT*B6*8.34~LQ*HE*N59~LQ*HE*N381~CLP*000100036758*4*15*0**MC*2020275060535~NM1*QC*1*AVILA*KRISTA*M***MR*K943511~NM1*82*1*SEARLES*DENISE*A***XX*1396971230~REF*EA*81CC36D097BE44F7B8E8C23F9156CDBC~DTM*232*20200625~DTM*233*20200625~SVC*HC:81025*15*0**0**1~DTM*472*20200625~CAS*PI*16*15~REF*6R*CPU2SDPMOEQG~LQ*HE*N59~LQ*HE*N381~CLP*000100037030*4*15*0**MC*2020275060537~NM1*QC*1*AVILA*KRISTA*M***MR*K943511~NM1*82*1*SEARLES*DENISE*A***XX*1396971230~REF*EA*71E2B7665F554377BFE4FA507074AC55~DTM*232*20200701~DTM*233*20200701~SVC*HC:81025*15*0**0**1~DTM*472*20200701~CAS*PI*16*15~REF*6R*CPUYJ0E3W2TC~LQ*HE*N59~LQ*HE*N381~CLP*000100037723*4*55*0**MC*2020275060362~NM1*QC*1*BERRY*JENNIFER****MR*O283085~NM1*82*1*SEARLES*DENISE*A***XX*1396971230~REF*EA*564F81AAF0F64B6D9F218242E6DA7648~DTM*232*20200717~DTM*233*20200717~SVC*HC:81025*15*0**0**1~DTM*472*20200717~CAS*PI*16*15~REF*6R*CPUYJ9YRVA5K~LQ*HE*N77~LQ*HE*N381~SVC*HC:G8431*40*0**0**1~DTM*472*20200717~CAS*PI*16*40~REF*6R*CPUYLNJZO9RR~LQ*HE*N77~LQ*HE*N45~LQ*HE*N381~CLP*000100039379*4*272.99*0**MC*2020275061045~NM1*QC*1*CORDOVA ALMUINA*JUAN****MR*Y121841~NM1*74*1*CORDOVAALMUINA~NM1*82*1*GRONEMEYER*LEANNE*R***XX*1659521045~REF*EA*42583CF8FE92406493ABCAE9D4F2E70E~DTM*232*20200819~DTM*233*20200819~SVC*HC:99214*272.99*0**0**1~DTM*472*20200819~CAS*PI*96*272.99~REF*6R*CP2M0OQEAILW~LQ*HE*N30~LQ*HE*MA92~LQ*HE*MA64~CLP*000100038676*4*3.3*0**MC*2020275061120~NM1*QC*1*GARCIA*JEREMY*D***MR*F687719~NM1*82*1*SEARLES*DENISE*A***XX*1396971230~REF*EA*0C2C6C4EA97C4F05A9A99CADCF411514~DTM*232*20200805~DTM*233*20200805~SVC*HC:36415*3.3*0**0**1~DTM*472*20200805~CAS*PI*16*3.3~REF*6R*CPUYGAF5KP38~LQ*HE*N77~LQ*HE*N45~LQ*HE*N56~LQ*HE*N381~CLP*000100041094*4*14.25*0**MC*2020275060166~NM1*QC*1*GRAY*JAMES****MR*J248474~NM1*82*1*GRONEMEYER*LEANNE*R***XX*1659521045~REF*EA*91A52D29CB47456FB5C1D303B31EE805~DTM*232*20200923~DTM*233*20200923~SVC*HC:J2315*14.25*0**0**3~DTM*472*20200923~CAS*PI*5*14.25~REF*6R*CPU22K0GXJ71~LQ*HE*N59~LQ*HE*N95~LQ*HE*N95~LQ*HE*M77~LQ*HE*M77~CLP*000100037917*4*40*0**MC*2020275060911~NM1*QC*1*GROSSO*JAMES****MR*K703279~NM1*82*1*GRONEMEYER*LEANNE*R***XX*1659521045~REF*EA*B2D1241F43A4460A89E6CA03BE254755~DTM*232*20200722~DTM*233*20200722~SVC*HC:G8510*40*0**0**1~DTM*472*20200722~CAS*PI*16*40~REF*6R*CPUYV3ZMN4S9~LQ*HE*N59~LQ*HE*N45~LQ*HE*N56~LQ*HE*N381~CLP*000100037819*4*15*0**MC*2020275061046~NM1*QC*1*GUERRERO*SONYA*M***MR*S127505~NM1*82*1*HOOSHMAND-PARSI*KAYHOSROW****XX*1447291851~REF*EA*CB687FC5E0AA4EC28816D52E1D91C74D~DTM*232*20200720~DTM*233*20200720~SVC*HC:81025*15*0**0**1~DTM*472*20200720~CAS*PI*16*15~REF*6R*CPU26Y43B4VJ~LQ*HE*N59~LQ*HE*N381~CLP*000100031993*4*15*0**MC*2020275060553~NM1*QC*1*JOHNSON*TIFFANY*S***MR*L497210~NM1*82*1*HOOSHMAND-PARSI*KAYHOSROW****XX*1447291851~REF*EA*A935C85E9EDE4E618A25CF361C26B7DE~DTM*232*20200323~DTM*233*20200323~SVC*HC:81025*15*0**0**1~DTM*472*20200323~CAS*PI*16*15~REF*6R*CPUYXCYHSBDG~LQ*HE*N59~LQ*HE*N381~CLP*000100031993*4*15*0**MC*2020275060575~NM1*QC*1*JOHNSON*TIFFANY*S***MR*L497210~NM1*82*1*HOOSHMAND-PARSI*KAYHOSROW****XX*1447291851~REF*EA*484134B8AC424A4DA82F7E19D0548B85~DTM*232*20200323~DTM*233*20200323~SVC*HC:81025*15*0**0**1~DTM*472*20200323~CAS*PI*16*15~REF*6R*CPU25ZRGVMQH~LQ*HE*N59~LQ*HE*N381~CLP*000100035557*4*19*0**MC*2020275060579~NM1*QC*1*JOHNSON*TIFFANY*S***MR*L497210~NM1*82*1*HOOSHMAND-PARSI*KAYHOSROW****XX*1447291851~REF*EA*15EFC4A7BE264E9381929DBDB178A5F6~DTM*232*20200601~DTM*233*20200601~SVC*HC:81025*15*0**0**1~DTM*472*20200601~CAS*PI*16*15~REF*6R*CPUYA43D6PH0~LQ*HE*N59~LQ*HE*N381~SVC*HC:81002*4*0**0**1~DTM*472*20200601~CAS*PI*16*4~REF*6R*CPUYD94YYYCE~LQ*HE*N59~LQ*HE*N381~CLP*000100039602*4*1809*0**MC*2020275060875~NM1*QC*1*PEREZ*DEAN*J***MR*Y959714~NM1*82*1*GRONEMEYER*LEANNE*R***XX*1659521045~REF*EA*C9C7A7265D294BA1949AB2D28D91121C~DTM*232*20200825~DTM*233*20200825~SVC*HC:J2315*1805*0**0**380~DTM*472*20200825~CAS*PI*16*1805~REF*6R*CPVUN348XOZ4~LQ*HE*N77~LQ*HE*N56~LQ*HE*N381~SVC*HC:81002*4*0**0**1~DTM*472*20200825~CAS*PI*16*4~REF*6R*CPVU3HNHRQZK~LQ*HE*N77~LQ*HE*N56~LQ*HE*N381~CLP*000100037420*4*90*0**MC*2020275060515~NM1*QC*1*POLZIN*VICTORIA*D***MR*L287355~NM1*82*2*HEALTH SOLUTIONS*****XX*1033165527~REF*EA*AAEF9020950146198CAE94E355F8C21C~DTM*232*20200713~DTM*233*20200713~SVC*HC:H0049*50*0**0**1~DTM*472*20200713~CAS*PI*185*50~REF*6R*CPUYNJZ8D1KP~LQ*HE*N59~LQ*HE*N290~LQ*HE*N198~SVC*HC:G8431*40*0**0**1~DTM*472*20200713~CAS*PI*185*40~REF*6R*CPUY77ZIYA7V~LQ*HE*N59~LQ*HE*N290~LQ*HE*N198~CLP*000100037674*4*15*0**MC*2020275060586~NM1*QC*1*QUINTANA*DANIELLE*A***MR*N559116~NM1*82*1*SEARLES*DENISE*A***XX*1396971230~REF*EA*B5A2A125AF0F45348E6AABB0B11A47C9~DTM*232*20200716~DTM*233*20200716~SVC*HC:81025*15*0**0**1~DTM*472*20200716~CAS*PI*16*15~REF*6R*CPUY6DD4TMZG~LQ*HE*N59~LQ*HE*N381~CLP*000100033957*4*19*0**MC*2020275060149~NM1*QC*1*ROBIN*RONDI*L***MR*L564167~NM1*82*1*GRONEMEYER*LEANNE*R***XX*1659521045~REF*EA*CE7881A7C3244F698A0E5F2C9128B6C7~DTM*232*20200429~DTM*233*20200429~SVC*HC:81025*15*0**0**1~DTM*472*20200429~CAS*PI*16*15~REF*6R*CPUYTZMFCAVU~LQ*HE*N59~LQ*HE*N381~SVC*HC:81002*4*0**0**1~DTM*472*20200429~CAS*PI*16*4~REF*6R*CPUYL8BL8IZ2~LQ*HE*N59~LQ*HE*N381~CLP*000100038541*4*44.27*0**MC*2020275060112~NM1*QC*1*RUIZ*RACHEL*M***MR*S803725~NM1*82*1*LEWIS*HOLLY*G***XX*1295234128~REF*EA*177AD98B1BD44CD7B3C849A5B3A9C9EB~DTM*232*20200803~DTM*233*20200803~SVC*HC:H0025*44.27*0**0**1~DTM*472*20200803~CAS*PI*4*44.27~REF*6R*CP2MU1DEORI1~LQ*HE*N519~LQ*HE*N519~CLP*000100040809*4*272.99*0**MC*2020275060733~NM1*QC*1*TRUJILLO*BRIAN*F***MR*R032680~NM1*82*1*GRONEMEYER*LEANNE*R***XX*1659521045~REF*EA*8DC53B4F77884893AAD91BB1727EA0C8~DTM*232*20200917~DTM*233*20200917~SVC*HC:99214*272.99*0**0**1~DTM*472*20200917~CAS*PI*16*272.99~REF*6R*CP2ME4MM4AUJ~LQ*HE*N340~CLP*000100038631*4*40*0**MC*2020275060670~NM1*QC*1*VIAU*SHERI*L***MR*E330428~NM1*82*2*HEALTH SOLUTIONS*****XX*1033165527~REF*EA*B43DDAFFFAA44516A513B23C9C35966F~DTM*232*20200804~DTM*233*20200804~SVC*HC:G8431*40*0**0**1~DTM*472*20200804~CAS*PI*185*40~REF*6R*CPU2HTV36DTZ~LQ*HE*N77~LQ*HE*N290~LQ*HE*N198~SE*1833*000010012~GE*1*300013939~IEA*1*300013939~