ISA*00*          *00*          *ZZ*COMEDASSISTPROG*ZZ*6769489        *201026*0231*^*00501*200034017*0*P*:~GS*HP*COMEDASSISTPROG*6769489*20201026*023109*200034017*X*005010X221A1~ST*835*000010012~BPR*I*8560.74*C*ACH*CCP*01*075911603*DA*00000004556640373*1811725341**01*102106569*DA*2200002989138*20201026~TRN*1*001121411*1811725341~REF*EV*1508250911~DTM*405*20201023~N1*PR*CO_TXIX*XV*7912900843~N3*P.O. BOX 30~N4*DENVER*CO*80201~PER*CX*MEDICAID PROVIDER SERVICES*TE*8442352387~PER*BL*MEDICAID PROVIDER SERVICES*TE*8442352387~N1*PE*HEALTH SOLUTIONS MED CENTER*XX*1508250911~REF*TJ*841158933~LX*1~CLP*000100040752*2*272.99*6.72**MC*2020291004048~NM1*QC*1*FORTUNE*CATHERINE*M***MR*O812250~NM1*82*1*HOOSHMAND-PARSI*KAYHOSROW****XX*1447291851~REF*EA*755AE0C704FC4E1692C4B64AA1A0984D~DTM*232*20200917~DTM*233*20200917~SVC*HC:99214*272.99*6.72**1~DTM*472*20200917~CAS*CO*45*266.27~REF*6R*CP2MRGRZGM27~AMT*B6*6.72~LQ*HE*N45~LQ*HE*N381~LQ*HE*N381~CLP*000100040326*2*178.3*12.69**MC*2020291004075~NM1*QC*1*GARCIA*PAMELA****MR*P170101~NM1*82*1*CADDALI*ESTRELLA*A***XX*1164974580~REF*EA*FC749031754B47EE85F3B47656F1D452~DTM*232*20200909~DTM*233*20200909~SVC*HC:99213*178.3*12.69**1~DTM*472*20200909~CAS*CO*45*165.61~REF*6R*CPUYJ6NY16W7~AMT*B6*12.69~LQ*HE*N45~LQ*HE*N381~LQ*HE*N381~CLP*000100040802*2*327.66*27.5**MC*2020291004072~NM1*QC*1*MARQUEZ*ERNEST*A***MR*H996555~NM1*82*1*CADDALI*ESTRELLA*A***XX*1164974580~REF*EA*7C8964AC10C845CD9D433DF2285868AD~DTM*232*20200917~DTM*233*20200917~SVC*HC:99214:25*272.99*24.51**1~DTM*472*20200917~CAS*CO*45*248.48~REF*6R*CP2M6WD2543G~AMT*B6*24.51~LQ*HE*N45~LQ*HE*N381~LQ*HE*N381~SVC*HC:93000*54.67*2.99**1~DTM*472*20200917~CAS*CO*45*51.68~REF*6R*CP2MHBWYL4V6~AMT*B6*2.99~LQ*HE*N381~LQ*HE*N381~CLP*000100040734*2*178.3*3.44**MC*2020291004038~NM1*QC*1*MARRONE*JOHN*H***MR*G491256~NM1*82*1*TSAMBIKOS*RICHARD****XX*1467985713~REF*EA*DA9022ADDEA74977B5E16535BFB43083~DTM*232*20200917~DTM*233*20200917~SVC*HC:99213*178.3*3.44**1~DTM*472*20200917~CAS*CO*45*174.86~REF*6R*CP2M7O6M2EDL~AMT*B6*3.44~LQ*HE*N45~LQ*HE*N381~LQ*HE*N381~CLP*000100040637*2*523.93*16.07**MC*2020291004044~NM1*QC*1*QUINN*JUSTIN****MR*G225304~NM1*82*1*HOOSHMAND-PARSI*KAYHOSROW****XX*1447291851~REF*EA*7D4638F7350848E6B33AACA810AB5E00~DTM*232*20200915~DTM*233*20200915~SVC*HC:99215:25*386.12*8.67**1~DTM*472*20200915~CAS*CO*45*377.45~REF*6R*CP2MXC8C3B6U~AMT*B6*8.67~LQ*HE*N45~LQ*HE*N381~LQ*HE*N381~SVC*HC:G0444*30.75*0**1~DTM*472*20200915~CAS*CO*45*30.75~REF*6R*CP2M73S8KUKV~SVC*HC:G0396*107.06*7.4**1~DTM*472*20200915~CAS*OA*P22*99.66~REF*6R*CP2MQ3WVBSVD~AMT*B6*7.4~LQ*HE*MA125~CLP*000100040737*2*272.99*19**MC*2020291004043~NM1*QC*1*RAY*ANTHONY****MR*P910642~NM1*82*1*GRONEMEYER*LEANNE*R***XX*1659521045~REF*EA*98EB58B8DF684E729A03BECE89E889C0~DTM*232*20200917~DTM*233*20200917~SVC*HC:99214*272.99*19**1~DTM*472*20200917~CAS*CO*45*253.99~REF*6R*CP2MQ6VKSTHN~AMT*B6*19~LQ*HE*N45~LQ*HE*N381~LQ*HE*N381~CLP*000100040774*2*272.99*6.72**MC*2020291004031~NM1*QC*1*STRONG*LEVERT****MR*L299525~NM1*82*1*HOOSHMAND-PARSI*KAYHOSROW****XX*1447291851~REF*EA*AA0E2078ECF8407CAECE2839E8D1CEE2~DTM*232*20200917~DTM*233*20200917~SVC*HC:99214*272.99*6.72**1~DTM*472*20200917~CAS*CO*45*266.27~REF*6R*CP2M2GSI3NBS~AMT*B6*6.72~LQ*HE*N45~LQ*HE*N381~LQ*HE*N381~CLP*000100040290*2*2082.29*261.19**MC*2020291004056~NM1*QC*1*TRUJILLO*STEPHANIE*J***MR*H288367~NM1*82*1*SEARLES*DENISE*A***XX*1396971230~REF*EA*43EE67D7EBA0431C83F01959758F64E0~DTM*232*20200909~DTM*233*20200909~SVC*HC:99213:25*178.3*12.69**1~DTM*472*20200909~CAS*CO*45*165.61~REF*6R*CPUYRAPT6EXZ~AMT*B6*12.69~LQ*HE*N45~LQ*HE*N381~LQ*HE*N381~SVC*HC:96372*83.99*2.49**1~DTM*472*20200909~CAS*CO*45*81.5~REF*6R*CPUY1Q8OQ2VL~AMT*B6*2.49~LQ*HE*N381~LQ*HE*N381~SVC*HC:J2315*1805*246.01**380~DTM*472*20200909~CAS*CO*45*1558.99~REF*6R*CPUYKV6KBIQW~AMT*B6*246.01~LQ*HE*N381~LQ*HE*N381~SVC*HC:81025*15*0**1~DTM*472*20200909~CAS*CO*45*15~REF*6R*CPUYIFMEVTDN~LQ*HE*N381~CLP*000100040582*2*178.3*3.44**MC*2020291004064~NM1*QC*1*VIGIL*AUGUSTINE****MR*Y811310~NM1*82*1*HOOSHMAND-PARSI*KAYHOSROW****XX*1447291851~REF*EA*408A77C216C449C5935A6EADDFCD6027~DTM*232*20200915~DTM*233*20200915~SVC*HC:99213*178.3*3.44**1~DTM*472*20200915~CAS*CO*45*174.86~REF*6R*CP2MXY10EBO7~AMT*B6*3.44~LQ*HE*N45~LQ*HE*N381~LQ*HE*N381~CLP*000100037493*2*178.3*3.44**MC*2020291004070~NM1*QC*1*VIGIL*AUGUSTINE****MR*Y811310~NM1*82*1*HOOSHMAND-PARSI*KAYHOSROW****XX*1447291851~REF*EA*B2255BD46B3F4434AFF57C4EC5AF099E~DTM*232*20200714~DTM*233*20200714~SVC*HC:99213*178.3*3.44**1~DTM*472*20200714~CAS*CO*45*174.86~REF*6R*CP2M1FD67UM9~AMT*B6*3.44~LQ*HE*N45~LQ*HE*N381~LQ*HE*N381~CLP*000100037256*2*178.3*12.69**MC*2020291004071~NM1*QC*1*VIGIL*AUGUSTINE****MR*Y811310~NM1*82*1*SEARLES*DENISE*A***XX*1396971230~REF*EA*D54FC4A34749497BA0A440F2A63FFC8C~DTM*232*20200708~DTM*233*20200708~SVC*HC:99213*178.3*12.69**1~DTM*472*20200708~CAS*CO*45*165.61~REF*6R*CP2MH1BD8NKE~AMT*B6*12.69~LQ*HE*N45~LQ*HE*N381~LQ*HE*N381~CLP*000100041679*1*178.3*65.15**MC*2020296126584~NM1*QC*1*AMES*STACY*L***MR*K978061~NM1*82*1*CADDALI*ESTRELLA*A***XX*1164974580~REF*EA*F7F492872F76412890769A82951DD3CE~DTM*232*20201002~DTM*233*20201002~SVC*HC:99213*178.3*65.15**1~DTM*472*20201002~CAS*CO*45*113.15~REF*6R*CP4EUPSQN2BJ~AMT*B6*65.15~LQ*HE*N45~LQ*HE*N381~CLP*000100042283*1*178.3*63.15*2*MC*2020296126199~NM1*QC*1*ARAGON*VICTORIA*E***MR*G735675~NM1*82*1*CADDALI*ESTRELLA*A***XX*1164974580~REF*EA*FA1D761409A7441F8EC8C2F5B25A17A9~DTM*232*20201014~DTM*233*20201014~SVC*HC:99213*178.3*63.15**1~DTM*472*20201014~CAS*PR*3*2~CAS*CO*45*113.15~REF*6R*CP4E3JQT544Z~AMT*B6*65.15~LQ*HE*N45~LQ*HE*N381~LQ*HE*N381~CLP*000100040049*1*15*8.34**MC*2020296125844~NM1*QC*1*AVILA*KRISTA*M***MR*K943511~NM1*82*1*SEARLES*DENISE*A***XX*1396971230~REF*EA*EA833C23EAAE41ED8150D6BF338E0CCA~DTM*232*20200902~DTM*233*20200902~SVC*HC:81025*15*8.34**1~DTM*472*20200902~CAS*CO*45*6.66~REF*6R*CP3UY3QXCQ0T~AMT*B6*8.34~LQ*HE*N59~LQ*HE*N381~CLP*000100041951*1*272.99*96.14**MC*2020296126564~NM1*QC*1*BAKER*LORI****MR*O807456~NM1*82*1*GRONEMEYER*LEANNE*R***XX*1659521045~REF*EA*9993C5C893C041F48F1FBB5C9864005C~DTM*232*20201007~DTM*233*20201007~SVC*HC:99214*272.99*96.14**1~DTM*472*20201007~CAS*CO*45*176.85~REF*6R*CP4EZZ3X3MWN~AMT*B6*96.14~LQ*HE*N45~LQ*HE*N381~CLP*000100039053*1*40*30.21**MC*2020296125997~NM1*QC*1*BEDNAREK*ASHLEY*D***MR*H319550~NM1*82*1*TSAMBIKOS*RICHARD****XX*1467985713~REF*EA*4F189547E5984E088E3EE5BC3EF2EDF1~DTM*232*20200813~DTM*233*20200813~SVC*HC:G8431*40*30.21**1~DTM*472*20200813~CAS*CO*45*9.79~REF*6R*CP3Q6FLXEWQU~AMT*B6*30.21~LQ*HE*N59~LQ*HE*N45~LQ*HE*N381~CLP*000100041385*1*446.52*157.42**MC*2020296125921~NM1*QC*1*BENTLEY*REBECCA*R***MR*P629844~NM1*82*1*CADDALI*ESTRELLA*A***XX*1164974580~REF*EA*AFD634DDB6B1438185C2526D19B6ECB9~DTM*232*20200929~DTM*233*20200929~SVC*HC:99214:25*272.99*96.14**1~DTM*472*20200929~CAS*CO*45*176.85~REF*6R*CP4E4TNRMECE~AMT*B6*96.14~LQ*HE*N45~LQ*HE*N381~SVC*HC:90471*53.53*19.27**1~DTM*472*20200929~CAS*CO*45*34.26~REF*6R*CP4E2XAU33QA~AMT*B6*19.27~LQ*HE*N45~LQ*HE*N381~SVC*HC:90756*30*20.31**1~DTM*472*20200929~CAS*CO*45*9.69~REF*6R*CP4EZAMKY0JI~AMT*B6*20.31~LQ*HE*N381~SVC*HC:H0049*50*10.81**1~DTM*472*20200929~CAS*CO*45*39.19~REF*6R*CP4E3KSFTKZC~AMT*B6*10.81~LQ*HE*N381~SVC*HC:G8510*40*10.89**1~DTM*472*20200929~CAS*CO*45*29.11~REF*6R*CP4E5HN59YAI~AMT*B6*10.89~LQ*HE*N45~LQ*HE*N381~CLP*000100042284*1*217.66*54.8**MC*2020296125149~NM1*QC*1*BERMUDEZ*DANIELLA****MR*P746626~NM1*82*1*LEWIS*HOLLY*G***XX*1295234128~REF*EA*B0352697C870471A820A975E16939EB1~DTM*232*20201014~DTM*233*20201014~SVC*HC:90832*217.66*54.8**1~DTM*472*20201014~CAS*CO*45*162.86~REF*6R*CP4EH2F5A2LN~AMT*B6*54.8~LQ*HE*N381~CLP*000100041422*1*266.83*102.73*2*MC*2020296125279~NM1*QC*1*BRODEUR*MICHAEL****MR*O634397~NM1*82*1*CADDALI*ESTRELLA*A***XX*1164974580~REF*EA*B7B10207EED54A06BD11567DDE90F4F2~DTM*232*20200929~DTM*233*20200929~SVC*HC:99213:25*178.3*63.15**1~DTM*472*20200929~CAS*PR*3*2~CAS*CO*45*113.15~REF*6R*CP4EM7ZYU0WW~AMT*B6*65.15~LQ*HE*N45~LQ*HE*N381~LQ*HE*N381~SVC*HC:90471*53.53*19.27**1~DTM*472*20200929~CAS*CO*45*34.26~REF*6R*CP4EC0QMJ553~AMT*B6*19.27~LQ*HE*N45~LQ*HE*N381~SVC*HC:90756*35*20.31**1~DTM*472*20200929~CAS*CO*45*14.69~REF*6R*CP4ETTW1HN4I~AMT*B6*20.31~LQ*HE*N381~CLP*000100041668*1*178.3*63.15*2*MC*2020296125606~NM1*QC*1*BURKS*PATRICE*L***MR*R582437~NM1*82*1*CADDALI*ESTRELLA*A***XX*1164974580~REF*EA*42AB37483D114B29985ABA604147F5AB~DTM*232*20201002~DTM*233*20201002~SVC*HC:99213*178.3*63.15**1~DTM*472*20201002~CAS*PR*3*2~CAS*CO*45*113.15~REF*6R*CP4ELIHT7NMN~AMT*B6*65.15~LQ*HE*N45~LQ*HE*N381~LQ*HE*N381~CLP*000100042532*1*217.66*54.8**MC*2020296125089~NM1*QC*1*CASTILLO*ALEXZANDRIA*R***MR*Y281769~NM1*82*1*LEWIS*HOLLY*G***XX*1295234128~REF*EA*6FE088BF07404CD6B3A25EF7D33AD768~DTM*232*20201019~DTM*233*20201019~SVC*HC:90832*217.66*54.8**1~DTM*472*20201019~CAS*CO*45*162.86~REF*6R*CP4EAXNV49IU~AMT*B6*54.8~LQ*HE*N381~CLP*000100039904*1*40*30.21**MC*2020296125983~NM1*QC*1*CHURCHFIELD*WHITNEY****MR*V281356~NM1*82*1*HOOSHMAND-PARSI*KAYHOSROW****XX*1447291851~REF*EA*6A862BA5F6C242B5A0D77467B03E4A44~DTM*232*20200831~DTM*233*20200831~SVC*HC:G8431*40*30.21**1~DTM*472*20200831~CAS*CO*45*9.79~REF*6R*CP3QVAGNAPOP~AMT*B6*30.21~LQ*HE*N59~LQ*HE*N45~LQ*HE*N381~CLP*000100040289*1*90*41.02**MC*2020296125994~NM1*QC*1*CHURCHFIELD*WHITNEY****MR*V281356~NM1*82*1*SANCHEZ*LEANN*V***XX*1508990961~REF*EA*5BE12D13494C4FB7A89F01531B3793AC~DTM*232*20200909~DTM*233*20200909~SVC*HC:H0049*50*10.81**1~DTM*472*20200909~CAS*CO*45*39.19~REF*6R*CP4UF8LZOJQE~AMT*B6*10.81~LQ*HE*N59~LQ*HE*N381~SVC*HC:G8431*40*30.21**1~DTM*472*20200909~CAS*CO*45*9.79~REF*6R*CP4U7TBVFGE5~AMT*B6*30.21~LQ*HE*N59~LQ*HE*N45~LQ*HE*N381~CLP*000100042243*1*88.54*37*2*MC*2020296125164~NM1*QC*1*COLEMAN*JAMES*D***MR*P176368~NM1*82*1*HOOSHMAND-PARSI*KAYHOSROW****XX*1447291851~REF*EA*38065E7203C74FF5A6A14DE3548A9366~DTM*232*20201014~DTM*233*20201014~SVC*HC:99212*88.54*37**1~DTM*472*20201014~CAS*PR*3*2~CAS*CO*45*49.54~REF*6R*CP4E8RWUZL4O~AMT*B6*39~LQ*HE*N45~LQ*HE*N381~LQ*HE*N381~CLP*000100042725*1*545.26*196.36**MC*2020296125752~NM1*QC*1*COOK*ISABELL*J***MR*Y140871~NM1*82*1*HOOSHMAND-PARSI*KAYHOSROW****XX*1447291851~REF*EA*1115ECDD0EFA4F0FA673B280984FEEAE~DTM*232*20201021~DTM*233*20201021~SVC*HC:99396:25*312.06*113.79**1~DTM*472*20201021~CAS*CO*45*198.27~REF*6R*CP4E6U7OYPXU~AMT*B6*113.79~LQ*HE*N45~LQ*HE*N381~SVC*HC:93000*54.67*21.29**1~DTM*472*20201021~CAS*CO*45*33.38~REF*6R*CP4EMHVEKV5I~AMT*B6*21.29~LQ*HE*N381~SVC*HC:90471*53.53*19.27**1~DTM*472*20201021~CAS*CO*45*34.26~REF*6R*CP4EZIQFE3AI~AMT*B6*19.27~LQ*HE*N45~LQ*HE*N381~SVC*HC:90756*35*20.31**1~DTM*472*20201021~CAS*CO*45*14.69~REF*6R*CP4EQLOW4J2G~AMT*B6*20.31~LQ*HE*N381~SVC*HC:H0049*50*10.81**1~DTM*472*20201021~CAS*CO*45*39.19~REF*6R*CP4EEOTFHD07~AMT*B6*10.81~LQ*HE*N381~SVC*HC:G8510*40*10.89**1~DTM*472*20201021~CAS*CO*45*29.11~REF*6R*CP4EQV1NMCQB~AMT*B6*10.89~LQ*HE*N45~LQ*HE*N381~CLP*000100039895*1*40*30.21**MC*2020296126233~NM1*QC*1*CORDOVA*JULIAN****MR*S614205~NM1*82*1*HOOSHMAND-PARSI*KAYHOSROW****XX*1447291851~REF*EA*1868043475A64B4FAFC4307CB3DE2039~DTM*232*20200831~DTM*233*20200831~SVC*HC:G8431*40*30.21**1~DTM*472*20200831~CAS*CO*45*9.79~REF*6R*CP3Q81P4UB0K~AMT*B6*30.21~LQ*HE*N59~LQ*HE*N45~LQ*HE*N381~CLP*000100042271*1*272.99*96.14**MC*2020296125799~NM1*QC*1*DELACRUZ*DAVID*D***MR*Q466657~NM1*82*1*HOOSHMAND-PARSI*KAYHOSROW****XX*1447291851~REF*EA*921A2976A7504844BC4AC6946D00AE12~DTM*232*20201014~DTM*233*20201014~SVC*HC:99214*272.99*96.14**1~DTM*472*20201014~CAS*CO*45*176.85~REF*6R*CP4EKGACC7GX~AMT*B6*96.14~LQ*HE*N45~LQ*HE*N381~CLP*000100042250*1*178.3*63.15*2*MC*2020296125250~NM1*QC*1*DOMINGUEZ*MICHAEL****MR*Y391845~NM1*82*1*CADDALI*ESTRELLA*A***XX*1164974580~REF*EA*02E647FEFFD9423CA832D1BC235CF42F~DTM*232*20201014~DTM*233*20201014~SVC*HC:99213*178.3*63.15**1~DTM*472*20201014~CAS*PR*3*2~CAS*CO*45*113.15~REF*6R*CP4EJADIEUHZ~AMT*B6*65.15~LQ*HE*N45~LQ*HE*N381~LQ*HE*N381~CLP*000100039889*1*15*8.34**MC*2020296125380~NM1*QC*1*EHLERS*DESIREE*F***MR*P131523~NM1*82*1*HOOSHMAND-PARSI*KAYHOSROW****XX*1447291851~REF*EA*BA87CC7583ED4558967A31B741FECE1F~DTM*232*20200831~DTM*233*20200831~SVC*HC:81025*15*8.34**1~DTM*472*20200831~CAS*CO*45*6.66~REF*6R*CP3QW7RGY7OC~AMT*B6*8.34~LQ*HE*N59~LQ*HE*N381~CLP*000100042236*1*178.3*65.15**MC*2020296126182~NM1*QC*1*ESPINOZA*ELIJAH*J***MR*O197652~NM1*82*1*TSAMBIKOS*RICHARD****XX*1467985713~REF*EA*9C90D975CF7B4B9999ABA22A958219A5~DTM*232*20201013~DTM*233*20201013~SVC*HC:99213*178.3*65.15**1~DTM*472*20201013~CAS*CO*45*113.15~REF*6R*CP4ESVLTW9IX~AMT*B6*65.15~LQ*HE*N45~LQ*HE*N381~CLP*000100041548*1*462.99*260.98*2*MC*2020296125187~NM1*QC*1*FIENE*ALAURA****MR*G541414~NM1*82*1*TSAMBIKOS*RICHARD****XX*1467985713~REF*EA*DC123FD902B0451E8CF0DCE5D9FB1166~DTM*232*20200930~DTM*233*20200930~SVC*HC:99214:25*272.99*94.14**1~DTM*472*20200930~CAS*PR*3*2~CAS*CO*45*176.85~REF*6R*CP4EEI93ZS8W~AMT*B6*96.14~LQ*HE*N45~LQ*HE*N381~LQ*HE*N381~SVC*HC:11750*190*166.84**2~DTM*472*20200930~CAS*CO*45*23.16~REF*6R*CP4EWLBZ2TUC~AMT*B6*166.84~LQ*HE*N381~LQ*HE*N381~CLP*000100039724*1*15*8.34**MC*2020296125204~NM1*QC*1*FIORINI*CHRISTENA*E***MR*Y109693~NM1*82*1*GRONEMEYER*LEANNE*R***XX*1659521045~REF*EA*31D0E637A3D14A4FA53BA45D762A68DB~DTM*232*20200826~DTM*233*20200826~SVC*HC:81025*15*8.34**1~DTM*472*20200826~CAS*CO*45*6.66~REF*6R*CP3U9NS3NPW1~AMT*B6*8.34~LQ*HE*N59~LQ*HE*N381~CLP*000100040317*1*15*8.34**MC*2020296125219~NM1*QC*1*FIORINI*CHRISTENA*E***MR*Y109693~NM1*82*1*GRONEMEYER*LEANNE*R***XX*1659521045~REF*EA*EF852CDB7988477DBA131F7E6048A024~DTM*232*20200909~DTM*233*20200909~SVC*HC:81025*15*8.34**1~DTM*472*20200909~CAS*CO*45*6.66~REF*6R*CP4US3HSQGC6~AMT*B6*8.34~LQ*HE*N59~LQ*HE*N381~CLP*000100039287*1*1860*1276.03*1*MC*2020296126539~NM1*QC*1*FLUETT*SARAH****MR*O578292~NM1*82*1*SEARLES*DENISE*A***XX*1396971230~REF*EA*2F05B959B6BD401FAB4CA9918BE73C1A~DTM*232*20200818~DTM*233*20200818~SVC*HC:J2315*1805*1257.8**380~DTM*472*20200818~CAS*CO*45*547.2~REF*6R*CP3QYX2XJA3A~AMT*B6*1257.8~LQ*HE*N59~LQ*HE*N381~SVC*HC:81025*15*7.34**1~DTM*472*20200818~CAS*PR*3*1~CAS*CO*45*6.66~REF*6R*CP3QTK8EM1SR~AMT*B6*8.34~LQ*HE*N59~LQ*HE*N381~LQ*HE*N381~SVC*HC:G8510*40*10.89**1~DTM*472*20200818~CAS*CO*45*29.11~REF*6R*CP3QNU8V2TEY~AMT*B6*10.89~LQ*HE*N59~LQ*HE*N45~LQ*HE*N381~CLP*000100042174*1*178.3*63.15*2*MC*2020296126640~NM1*QC*1*FRANKLIN*PATRICIA*A***MR*Y971907~NM1*82*1*CADDALI*ESTRELLA*A***XX*1164974580~REF*EA*8F233B0E7C8140F3A45D90562920EBF0~DTM*232*20201013~DTM*233*20201013~SVC*HC:99213*178.3*63.15**1~DTM*472*20201013~CAS*PR*3*2~CAS*CO*45*113.15~REF*6R*CP4EWC6CU0FJ~AMT*B6*65.15~LQ*HE*N45~LQ*HE*N381~LQ*HE*N381~CLP*000100041407*1*366.73*135.08**MC*2020296126657~NM1*QC*1*FRANKLIN*PATRICIA*A***MR*Y971907~NM1*82*1*CADDALI*ESTRELLA*A***XX*1164974580~REF*EA*4EB6E20F63284B27921E50F3F04FB29A~DTM*232*20200929~DTM*233*20200929~SVC*HC:99396:25*312.06*113.79**1~DTM*472*20200929~CAS*CO*45*198.27~REF*6R*CP4EYIPHU7RF~AMT*B6*113.79~LQ*HE*N45~LQ*HE*N381~SVC*HC:93000*54.67*21.29**1~DTM*472*20200929~CAS*CO*45*33.38~REF*6R*CP4E2HN08X3Z~AMT*B6*21.29~LQ*HE*N381~CLP*000100039401*1*40*30.21**MC*2020296125310~NM1*QC*1*GAMBOA*NADINE****MR*Q771262~NM1*82*1*SEARLES*DENISE*A***XX*1396971230~REF*EA*BDFF72A97B13408785667F3CBC0911AD~DTM*232*20200819~DTM*233*20200819~SVC*HC:G8431*40*30.21**1~DTM*472*20200819~CAS*CO*45*9.79~REF*6R*CP3QWZY2TQ52~AMT*B6*30.21~LQ*HE*N77~LQ*HE*N45~LQ*HE*N381~CLP*000100040358*1*90*41.02**MC*2020296126272~NM1*QC*1*GARCIA*MARYJANE*L***MR*D481727~NM1*82*1*SANCHEZ*LEANN*V***XX*1508990961~REF*EA*DBC764615AE444CF80F6126FACE13680~DTM*232*20200910~DTM*233*20200910~SVC*HC:H0049*50*10.81**1~DTM*472*20200910~CAS*CO*45*39.19~REF*6R*CP4UN1Q1RUMB~AMT*B6*10.81~LQ*HE*N59~LQ*HE*N381~SVC*HC:G8431*40*30.21**1~DTM*472*20200910~CAS*CO*45*9.79~REF*6R*CP4U6WALAGES~AMT*B6*30.21~LQ*HE*N59~LQ*HE*N45~LQ*HE*N381~CLP*000100039881*1*137*66.44**MC*2020296126287~NM1*QC*1*GARCIA*MARYJANE*L***MR*D481727~NM1*82*1*HOOSHMAND-PARSI*KAYHOSROW****XX*1447291851~REF*EA*7116C51ECDF347E69AC3B986277BAA70~DTM*232*20200831~DTM*233*20200901~SVC*HC:93000*54.67*21.29**1~DTM*472*20200831~CAS*CO*45*33.38~REF*6R*CP3QI9DU6GBI~AMT*B6*21.29~LQ*HE*N59~LQ*HE*N381~SVC*HC:86580*27.33*6.6**1~DTM*472*20200901~CAS*CO*45*20.73~REF*6R*CP3QV9EDF5SS~AMT*B6*6.6~LQ*HE*N59~LQ*HE*N381~SVC*HC:81025*15*8.34**1~DTM*472*20200831~CAS*CO*45*6.66~REF*6R*CP3QB2T0BA97~AMT*B6*8.34~LQ*HE*N59~LQ*HE*N381~SVC*HC:G8431*40*30.21**1~DTM*472*20200831~CAS*CO*45*9.79~REF*6R*CP3QCSY5YD97~AMT*B6*30.21~LQ*HE*N59~LQ*HE*N45~LQ*HE*N381~CLP*000100041474*1*617.77*310.64*2*MC*2020296125411~NM1*QC*1*GONZALES*JERRY****MR*M247465~NM1*82*1*TSAMBIKOS*RICHARD****XX*1467985713~REF*EA*3EECB638720543679A68110B4EAF4BB2~DTM*232*20200929~DTM*233*20200929~SVC*HC:99214:25*272.99*94.14**1~DTM*472*20200929~CAS*PR*3*2~CAS*CO*45*176.85~REF*6R*CP4E83E2QZUL~AMT*B6*96.14~LQ*HE*N45~LQ*HE*N381~LQ*HE*N381~SVC*HC:90471*53.53*19.27**1~DTM*472*20200929~CAS*CO*45*34.26~REF*6R*CP4EDEVI4GT9~AMT*B6*19.27~LQ*HE*N45~LQ*HE*N381~SVC*HC:90756*35*20.31**1~DTM*472*20200929~CAS*CO*45*14.69~REF*6R*CP4E6BJQG949~AMT*B6*20.31~LQ*HE*N381~SVC*HC:90472*82*22.38**2~DTM*472*20200929~CAS*CO*45*59.62~REF*6R*CP4E6F5JI7TF~AMT*B6*22.38~LQ*HE*N45~LQ*HE*N381~SVC*HC:90715*53*42.92**1~DTM*472*20200929~CAS*CO*45*10.08~REF*6R*CP4EQYTMWGH1~AMT*B6*42.92~LQ*HE*N381~SVC*HC:90732*104.15*99.19**1~DTM*472*20200929~CAS*CO*45*4.96~REF*6R*CP4EBDSPMWWO~AMT*B6*99.19~LQ*HE*N381~SVC*HC:99406*17.1*12.43**1~DTM*472*20200929~CAS*CO*45*4.67~REF*6R*CP4EOISMQNM0~AMT*B6*12.43~LQ*HE*N45~LQ*HE*N381~CLP*000100039828*1*15*8.34**MC*2020296126561~NM1*QC*1*GONZALES*NICOLE****MR*G120912~NM1*82*1*TSAMBIKOS*RICHARD****XX*1467985713~REF*EA*63A06A1521864096B284E20DB5E3E4FB~DTM*232*20200828~DTM*233*20200828~SVC*HC:81025*15*8.34**1~DTM*472*20200828~CAS*CO*45*6.66~REF*6R*CP3QEHAR5CTF~AMT*B6*8.34~LQ*HE*N59~LQ*HE*N381~CLP*000100039906*1*15*8.34**MC*2020296125824~NM1*QC*1*GUERRA-DELACRUZ MARTINEZ*HERLINDA*M***MR*R965343~NM1*74*1*GUERRADELACRUZ~NM1*82*1*HOOSHMAND-PARSI*KAYHOSROW****XX*1447291851~REF*EA*796BE78AECD54450B308FA7E1CDA5D09~DTM*232*20200831~DTM*233*20200831~SVC*HC:81025*15*8.34**1~DTM*472*20200831~CAS*CO*45*6.66~REF*6R*CP3Q13DR4L4I~AMT*B6*8.34~LQ*HE*N59~LQ*HE*N381~CLP*000100042229*1*178.3*63.15*2*MC*2020296126524~NM1*QC*1*HAYES*PATRICK****MR*F472088~NM1*82*1*TSAMBIKOS*RICHARD****XX*1467985713~REF*EA*11A2FDD8310443F69C3011C12BBBAD06~DTM*232*20201013~DTM*233*20201013~SVC*HC:99213*178.3*63.15**1~DTM*472*20201013~CAS*PR*3*2~CAS*CO*45*113.15~REF*6R*CP4EE1DE52DT~AMT*B6*65.15~LQ*HE*N45~LQ*HE*N381~LQ*HE*N381~CLP*000100042247*1*178.3*63.15*2*MC*2020296125652~NM1*QC*1*HELM*KARA*A***MR*O558457~NM1*82*1*CADDALI*ESTRELLA*A***XX*1164974580~REF*EA*EE28759178D34BD086935C19A0D99B47~DTM*232*20201014~DTM*233*20201014~SVC*HC:99213*178.3*63.15**1~DTM*472*20201014~CAS*PR*3*2~CAS*CO*45*113.15~REF*6R*CP4EATGHXEHX~AMT*B6*65.15~LQ*HE*N45~LQ*HE*N381~LQ*HE*N381~CLP*000100041490*1*1716.64*1176.94**MC*2020296125679~NM1*QC*1*HELM*KARA*A***MR*O558457~NM1*82*1*CADDALI*ESTRELLA*A***XX*1164974580~REF*EA*13D6303B64534FC19B0D64CE71BE9DF6~DTM*232*20200930~DTM*233*20200930~SVC*HC:99213:25:FP*178.3*80.73**1~DTM*472*20200930~CAS*CO*45*97.57~REF*6R*CP4EREZPZEC2~AMT*B6*80.73~LQ*HE*N45~LQ*HE*N381~SVC*HC:11981:FP*273.34*153.05**1~DTM*472*20200930~CAS*CO*45*120.29~REF*6R*CP4EVM6ZBI21~AMT*B6*153.05~LQ*HE*N45~LQ*HE*N381~LQ*HE*N381~SVC*HC:J7307:FP*1250*934.82**1~DTM*472*20200930~CAS*CO*45*315.18~REF*6R*CP4E6C4Y0AJJ~AMT*B6*934.82~LQ*HE*N381~SVC*HC:81025:FP*15*8.34**1~DTM*472*20200930~CAS*CO*45*6.66~REF*6R*CP4E1UJP0VTK~AMT*B6*8.34~LQ*HE*N381~CLP*000100041686*1*178.3*63.15*2*MC*2020296125700~NM1*QC*1*HELM*KARA*A***MR*O558457~NM1*82*1*CADDALI*ESTRELLA*A***XX*1164974580~REF*EA*77A9D4B500CC4096BCED9C931BDDB367~DTM*232*20201002~DTM*233*20201002~SVC*HC:99213*178.3*63.15**1~DTM*472*20201002~CAS*PR*3*2~CAS*CO*45*113.15~REF*6R*CP4E1AJ6B228~AMT*B6*65.15~LQ*HE*N45~LQ*HE*N381~LQ*HE*N381~CLP*000100042089*1*272.99*96.14**MC*2020296126386~NM1*QC*1*JARAMILLO*GEORGE****MR*K854445~NM1*82*1*TSAMBIKOS*RICHARD****XX*1467985713~REF*EA*8404ED69054E45A69B25C0AB070E2D3B~DTM*232*20201009~DTM*233*20201009~SVC*HC:99214*272.99*96.14**1~DTM*472*20201009~CAS*CO*45*176.85~REF*6R*CP4ENIK4847S~AMT*B6*96.14~LQ*HE*N45~LQ*HE*N381~CLP*000100041491*1*362.99*117.84**MC*2020296125468~NM1*QC*1*LANE*CHARLES*J***MR*I606849~NM1*82*1*CADDALI*ESTRELLA*A***XX*1164974580~REF*EA*835C3F31B03F432991B91108648587A4~DTM*232*20200930~DTM*233*20200930~SVC*HC:99214:25*272.99*96.14**1~DTM*472*20200930~CAS*CO*45*176.85~REF*6R*CP4E8XYZ70A2~AMT*B6*96.14~LQ*HE*N45~LQ*HE*N381~SVC*HC:H0049*50*10.81**1~DTM*472*20200930~CAS*CO*45*39.19~REF*6R*CP4EM1PFS50K~AMT*B6*10.81~LQ*HE*N381~SVC*HC:G8510*40*10.89**1~DTM*472*20200930~CAS*CO*45*29.11~REF*6R*CP4E4W3I1KGJ~AMT*B6*10.89~LQ*HE*N45~LQ*HE*N381~CLP*000100039930*1*54.67*21.29**MC*2020296125562~NM1*QC*1*LORETO*JOSHUA*R***MR*E192810~NM1*82*1*HOOSHMAND-PARSI*KAYHOSROW****XX*1447291851~REF*EA*411C2155A63D49C4B3E0BDAC233C7D5D~DTM*232*20200901~DTM*233*20200901~SVC*HC:93000*54.67*21.29**1~DTM*472*20200901~CAS*CO*45*33.38~REF*6R*CP3UWNCDHXV2~AMT*B6*21.29~LQ*HE*N59~LQ*HE*N381~CLP*000100042233*1*312.06*113.79**MC*2020296126247~NM1*QC*1*MARTINEZ*DEBRA*A***MR*D395711~NM1*82*1*HOOSHMAND-PARSI*KAYHOSROW****XX*1447291851~REF*EA*F1124A1B9D9E406EB52821D0840BD04E~DTM*232*20201013~DTM*233*20201013~SVC*HC:99396*312.06*113.79**1~DTM*472*20201013~CAS*CO*45*198.27~REF*6R*CP4EBURFO6O9~AMT*B6*113.79~LQ*HE*N45~LQ*HE*N381~CLP*000100038816*1*50*10.81**MC*2020296125974~NM1*QC*1*MARTINEZ*JENA*S***MR*P057622~NM1*82*1*GRONEMEYER*LEANNE*R***XX*1659521045~REF*EA*7D9E2E6782A740ACA90D5216E32DD282~DTM*232*20200810~DTM*233*20200810~SVC*HC:H0049*50*10.81**1~DTM*472*20200810~CAS*CO*45*39.19~REF*6R*CP3UUG3NDUW9~AMT*B6*10.81~LQ*HE*N59~LQ*HE*N381~CLP*000100041495*1*450.07*148.09**MC*2020296126417~NM1*QC*1*MARTINEZ*JOAN****MR*J472322~NM1*82*1*TSAMBIKOS*RICHARD****XX*1467985713~REF*EA*D9B32D21BB5441CBB7FDF09619D45871~DTM*232*20200930~DTM*233*20200930~SVC*HC:99204*450.07*148.09**1~DTM*472*20200930~CAS*CO*45*301.98~REF*6R*CP4E5NMJB6J9~AMT*B6*148.09~LQ*HE*N45~LQ*HE*N381~CLP*000100042268*1*272.99*96.14**MC*2020296126462~NM1*QC*1*MARTINEZ*JOAN****MR*J472322~NM1*82*1*TSAMBIKOS*RICHARD****XX*1467985713~REF*EA*3807D919B9A24C43B18539773E754E9A~DTM*232*20201014~DTM*233*20201014~SVC*HC:99214*272.99*96.14**1~DTM*472*20201014~CAS*CO*45*176.85~REF*6R*CP4ERK8QB87P~AMT*B6*96.14~LQ*HE*N45~LQ*HE*N381~CLP*000100042332*1*178.3*65.15**MC*2020296125953~NM1*QC*1*MARTINEZ*LOREN*J***MR*P324169~NM1*82*1*HOOSHMAND-PARSI*KAYHOSROW****XX*1447291851~REF*EA*52BAE67DF42E4FFF891056AC59227473~DTM*232*20201015~DTM*233*20201015~SVC*HC:99213*178.3*65.15**1~DTM*472*20201015~CAS*CO*45*113.15~REF*6R*CP4E0OEIR91N~AMT*B6*65.15~LQ*HE*N45~LQ*HE*N381~CLP*000100039831*1*55*37.55*1*MC*2020296126367~NM1*QC*1*MCGHEE*LYNETTE*M***MR*J882751~NM1*82*1*TSAMBIKOS*RICHARD****XX*1467985713~REF*EA*1FBBBD1B90DD4DEBB4303F56446721B2~DTM*232*20200828~DTM*233*20200828~SVC*HC:81025*15*7.34**1~DTM*472*20200828~CAS*PR*3*1~CAS*CO*45*6.66~REF*6R*CP3UUDIUZ5RB~AMT*B6*8.34~LQ*HE*N59~LQ*HE*N381~LQ*HE*N381~SVC*HC:G8431*40*30.21**1~DTM*472*20200828~CAS*CO*45*9.79~REF*6R*CP3UEAG7Y3BA~AMT*B6*30.21~LQ*HE*N59~LQ*HE*N45~LQ*HE*N381~CLP*000100041724*1*272.99*94.14*2*MC*2020296126130~NM1*QC*1*MCKINNEY*AMANDA*B***MR*O934299~NM1*82*1*GRONEMEYER*LEANNE*R***XX*1659521045~REF*EA*16AE78D6132C49F386F443C92DC1CE4A~DTM*232*20201005~DTM*233*20201005~SVC*HC:99214*272.99*94.14**1~DTM*472*20201005~CAS*PR*3*2~CAS*CO*45*176.85~REF*6R*CP4E5MHVVMSQ~AMT*B6*96.14~LQ*HE*N45~LQ*HE*N381~LQ*HE*N381~CLP*000100041698*1*272.99*94.14*2*MC*2020296126490~NM1*QC*1*MEDINA*DESTINY*R***MR*R556688~NM1*82*1*CADDALI*ESTRELLA*A***XX*1164974580~REF*EA*6D189EB192194F409C27CA846B8AAA61~DTM*232*20201002~DTM*233*20201002~SVC*HC:99214*272.99*94.14**1~DTM*472*20201002~CAS*PR*3*2~CAS*CO*45*176.85~REF*6R*CP4EM9WDQW4S~AMT*B6*96.14~LQ*HE*N45~LQ*HE*N381~LQ*HE*N381~CLP*000100041528*1*361.52*133.72*2*MC*2020296126103~NM1*QC*1*MONTEZ*JOHN*A***MR*K005394~NM1*82*1*HOOSHMAND-PARSI*KAYHOSROW****XX*1447291851~REF*EA*95E2332AAACC45308363E29E46C88958~DTM*232*20200930~DTM*233*20200930~SVC*HC:99214:25*272.99*94.14**1~DTM*472*20200930~CAS*PR*3*2~CAS*CO*45*176.85~REF*6R*CP4EPOLV5FI7~AMT*B6*96.14~LQ*HE*N45~LQ*HE*N381~LQ*HE*N381~SVC*HC:90471*53.53*19.27**1~DTM*472*20200930~CAS*CO*45*34.26~REF*6R*CP4EV383XUL3~AMT*B6*19.27~LQ*HE*N45~LQ*HE*N381~SVC*HC:90756*35*20.31**1~DTM*472*20200930~CAS*CO*45*14.69~REF*6R*CP4E6VQGCH13~AMT*B6*20.31~LQ*HE*N381~CLP*000100042077*1*178.3*63.15*2*MC*2020296126001~NM1*QC*1*OHRDORF*JIMMI*L***MR*Y840687~NM1*82*1*CADDALI*ESTRELLA*A***XX*1164974580~REF*EA*E967B1A5528B43EBBEB54C25DF9C88B9~DTM*232*20201009~DTM*233*20201009~SVC*HC:99213*178.3*63.15**1~DTM*472*20201009~CAS*PR*3*2~CAS*CO*45*113.15~REF*6R*CP4E7TIPNASF~AMT*B6*65.15~LQ*HE*N45~LQ*HE*N381~LQ*HE*N381~CLP*000100041759*1*217.66*54.8**MC*2020296125056~NM1*QC*1*PACHECO*MABEL****MR*K341781~NM1*82*1*LEWIS*HOLLY*G***XX*1295234128~REF*EA*CFD0542848BB46AB8A44A39498880525~DTM*232*20201005~DTM*233*20201005~SVC*HC:90832*217.66*54.8**1~DTM*472*20201005~CAS*CO*45*162.86~REF*6R*CP4EBFS75U2G~AMT*B6*54.8~LQ*HE*N381~CLP*000100041687*1*272.99*96.14**MC*2020296125339~NM1*QC*1*PALUMBO*MICHAELA*S***MR*S474311~NM1*82*1*TSAMBIKOS*RICHARD****XX*1467985713~REF*EA*AE90FEF133104966A634617C177C4A14~DTM*232*20201002~DTM*233*20201002~SVC*HC:99214*272.99*96.14**1~DTM*472*20201002~CAS*CO*45*176.85~REF*6R*CP4EJXQ3PIY3~AMT*B6*96.14~LQ*HE*N45~LQ*HE*N381~CLP*000100041399*1*291.99*104.48**MC*2020296125360~NM1*QC*1*PALUMBO*MICHAELA*S***MR*S474311~NM1*82*1*TSAMBIKOS*RICHARD****XX*1467985713~REF*EA*A9ED8EF7E66C4752A8E93EB8C91AE6AA~DTM*232*20200929~DTM*233*20200929~SVC*HC:99214:25*272.99*96.14**1~DTM*472*20200929~CAS*CO*45*176.85~REF*6R*CP4E9PXNEQAH~AMT*B6*96.14~LQ*HE*N45~LQ*HE*N381~SVC*HC:81002*4*0**0**1~DTM*472*20200929~CAS*PI*97*4~REF*6R*CP4EYDC8I6S1~LQ*HE*M15~LQ*HE*N381~SVC*HC:81025*15*8.34**1~DTM*472*20200929~CAS*CO*45*6.66~REF*6R*CP4E49BFIPQT~AMT*B6*8.34~LQ*HE*N381~CLP*000100041837*1*436.54*103.22**MC*2020296125110~NM1*QC*1*PAULSEN*STACY*C***MR*W216187~NM1*82*1*LEWIS*HOLLY*G***XX*1295234128~REF*EA*0B61BCD49BE845D9AE1D590C17703311~DTM*232*20201006~DTM*233*20201006~SVC*HC:90837*436.54*103.22**1~DTM*472*20201006~CAS*CO*45*333.32~REF*6R*CP4E4DB6TV4W~AMT*B6*103.22~LQ*HE*N381~CLP*000100041265*1*361.52*133.72*2*MC*2020296126597~NM1*QC*1*PEREZ*ASHLEY****MR*E206362~NM1*82*1*TSAMBIKOS*RICHARD****XX*1467985713~REF*EA*9E7DDBEEDAC14A5789B3BE821582A056~DTM*232*20200925~DTM*233*20200925~SVC*HC:99214:25*272.99*94.14**1~DTM*472*20200925~CAS*PR*3*2~CAS*CO*45*176.85~REF*6R*CP4E84D19G3H~AMT*B6*96.14~LQ*HE*N45~LQ*HE*N381~LQ*HE*N381~SVC*HC:90471*53.53*19.27**1~DTM*472*20200925~CAS*CO*45*34.26~REF*6R*CP4EI7Y5M8DO~AMT*B6*19.27~LQ*HE*N45~LQ*HE*N381~SVC*HC:90756*35*20.31**1~DTM*472*20200925~CAS*CO*45*14.69~REF*6R*CP4EXO91RV5I~AMT*B6*20.31~LQ*HE*N381~CLP*000100042223*1*300.32*102.74**MC*2020296125772~NM1*QC*1*PRIGMORE*BRETT****MR*P231555~NM1*82*1*TSAMBIKOS*RICHARD****XX*1467985713~REF*EA*F235463B6B2F4A5BB371881ADC0A47CA~DTM*232*20201013~DTM*233*20201013~SVC*HC:99214:25*272.99*96.14**1~DTM*472*20201013~CAS*CO*45*176.85~REF*6R*CP4E8A0TFSNX~AMT*B6*96.14~LQ*HE*N45~LQ*HE*N381~SVC*HC:86580*27.33*6.6**1~DTM*472*20201013~CAS*CO*45*20.73~REF*6R*CP4EG2ZW3PZ1~AMT*B6*6.6~LQ*HE*N381~CLP*000100040420*1*15*8.34**MC*2020296125865~NM1*QC*1*QUINTANA*DANIELLE*A***MR*N559116~NM1*82*1*SEARLES*DENISE*A***XX*1396971230~REF*EA*21B81B688A5D48A9BFBBFEEB97534086~DTM*232*20200910~DTM*233*20200910~SVC*HC:81025*15*8.34**1~DTM*472*20200910~CAS*CO*45*6.66~REF*6R*CP4U2D0P2QPX~AMT*B6*8.34~LQ*HE*N59~LQ*HE*N381~CLP*000100041442*1*392.99*143.41**MC*2020296126312~NM1*QC*1*QUINTANA*PRAXEDES*J***MR*K356151~NM1*74*1*QUNITANA~NM1*82*1*TSAMBIKOS*RICHARD****XX*1467985713~REF*EA*D60C6E34845142058B1C0F4435CF242E~DTM*232*20200929~DTM*233*20200929~SVC*HC:99214:25*272.99*96.14**1~DTM*472*20200929~CAS*CO*45*176.85~REF*6R*CP4EJJQY92RE~AMT*B6*96.14~LQ*HE*N45~LQ*HE*N381~SVC*HC:20553*120*47.27**1~DTM*472*20200929~CAS*CO*45*72.73~REF*6R*CP4EFA0ARTRO~AMT*B6*47.27~LQ*HE*N381~LQ*HE*N381~CLP*000100041838*1*272.99*96.14**MC*2020296126341~NM1*QC*1*QUINTANA*PRAXEDES*J***MR*K356151~NM1*74*1*QUNITANA~NM1*82*1*TSAMBIKOS*RICHARD****XX*1467985713~REF*EA*1AD72F463000490ABDD0681483D10943~DTM*232*20201006~DTM*233*20201006~SVC*HC:99214*272.99*96.14**1~DTM*472*20201006~CAS*CO*45*176.85~REF*6R*CP4E5W6BK8EA~AMT*B6*96.14~LQ*HE*N45~LQ*HE*N381~CLP*000100041710*1*178.3*65.15**MC*2020296126049~NM1*QC*1*REBETERANO*MYA*J***MR*Y926053~NM1*82*1*CADDALI*ESTRELLA*A***XX*1164974580~REF*EA*9A0CD362259C47AF9C29BC4D0F6A7625~DTM*232*20201002~DTM*233*20201002~SVC*HC:99213*178.3*65.15**1~DTM*472*20201002~CAS*CO*45*113.15~REF*6R*CP4EFL4EEGZB~AMT*B6*65.15~LQ*HE*N45~LQ*HE*N381~CLP*000100039841*1*15*8.34**MC*2020296125940~NM1*QC*1*SALAZAR*FELICIA*H***MR*G554326~NM1*82*1*TSAMBIKOS*RICHARD****XX*1467985713~REF*EA*7F19E43D37054D0F97C2CC40B50248E5~DTM*232*20200828~DTM*233*20200828~SVC*HC:81025*15*8.34**1~DTM*472*20200828~CAS*CO*45*6.66~REF*6R*CP3QIUOTMEMJ~AMT*B6*8.34~LQ*HE*N59~LQ*HE*N381~CLP*000100041978*1*178.3*65.15**MC*2020296126083~NM1*QC*1*SALAZAR*TAZIO*M***MR*N789226~NM1*82*1*TSAMBIKOS*RICHARD****XX*1467985713~REF*EA*E4BF4E94956E4032859FD6EFDAFFEE2E~DTM*232*20201008~DTM*233*20201008~SVC*HC:99213*178.3*65.15**1~DTM*472*20201008~CAS*CO*45*113.15~REF*6R*CP4E6MY9XENI~AMT*B6*65.15~LQ*HE*N45~LQ*HE*N381~CLP*000100039911*1*15*8.34**MC*2020296125443~NM1*QC*1*SANCHEZ*YVONNE*A***MR*J289148~NM1*82*1*HOOSHMAND-PARSI*KAYHOSROW****XX*1447291851~REF*EA*AF1AA34E2ED34E48BFDCCAA3ECBDE02A~DTM*232*20200831~DTM*233*20200831~SVC*HC:81025*15*8.34**1~DTM*472*20200831~CAS*CO*45*6.66~REF*6R*CP3QID3JA98Y~AMT*B6*8.34~LQ*HE*N59~LQ*HE*N381~CLP*000100042336*1*178.3*65.15**MC*2020296126038~NM1*QC*1*SCHRINER*JACOB*E***MR*Y893432~NM1*82*1*CADDALI*ESTRELLA*A***XX*1164974580~REF*EA*4F6CFD62350647A2BEAC6F1AA4A06867~DTM*232*20201015~DTM*233*20201015~SVC*HC:99213*178.3*65.15**1~DTM*472*20201015~CAS*CO*45*113.15~REF*6R*CP4EA17YSMD3~AMT*B6*65.15~LQ*HE*N45~LQ*HE*N381~CLP*000100041949*1*272.99*96.14**MC*2020296126151~NM1*QC*1*STRAIT*LORRAINE*A***MR*Y360507~NM1*82*1*GRONEMEYER*LEANNE*R***XX*1659521045~REF*EA*9BA5F11EE6734E83B3ABA66BA639D4D2~DTM*232*20201007~DTM*233*20201007~SVC*HC:99214*272.99*96.14**1~DTM*472*20201007~CAS*CO*45*176.85~REF*6R*CP4EHXUV78TZ~AMT*B6*96.14~LQ*HE*N45~LQ*HE*N381~CLP*000100042269*1*272.99*94.14*2*MC*2020296125889~NM1*QC*1*TANKSLEY*DAYSHA*A***MR*O203621~NM1*82*1*TSAMBIKOS*RICHARD****XX*1467985713~REF*EA*DC613551298A4E41819573025908691B~DTM*232*20201014~DTM*233*20201014~SVC*HC:99214*272.99*94.14**1~DTM*472*20201014~CAS*PR*3*2~CAS*CO*45*176.85~REF*6R*CP4EBO1BP7DK~AMT*B6*96.14~LQ*HE*N45~LQ*HE*N381~LQ*HE*N381~CLP*000100041404*1*266.83*104.73**MC*2020296125583~NM1*QC*1*THOMPSON*BRENDA****MR*P195366~NM1*82*1*TSAMBIKOS*RICHARD****XX*1467985713~REF*EA*292627E60FD248DA948E792D60D2DD04~DTM*232*20200929~DTM*233*20200929~SVC*HC:99213:25*178.3*65.15**1~DTM*472*20200929~CAS*CO*45*113.15~REF*6R*CP4E12VGIW56~AMT*B6*65.15~LQ*HE*N45~LQ*HE*N381~SVC*HC:90471*53.53*19.27**1~DTM*472*20200929~CAS*CO*45*34.26~REF*6R*CP4EADU6BPUK~AMT*B6*19.27~LQ*HE*N45~LQ*HE*N381~SVC*HC:90756*35*20.31**1~DTM*472*20200929~CAS*CO*45*14.69~REF*6R*CP4EO1ZAFI9B~AMT*B6*20.31~LQ*HE*N381~CLP*000100041559*1*178.54*60.7**MC*2020296125725~NM1*QC*1*TOTAKHAIL*SORAIYA****MR*O814415~NM1*82*1*HOOSHMAND-PARSI*KAYHOSROW****XX*1447291851~REF*EA*D449092654344F30BFC010E8B15FE58F~DTM*232*20200930~DTM*233*20200930~SVC*HC:99212:25*88.54*39**1~DTM*472*20200930~CAS*CO*45*49.54~REF*6R*CP4EZ3UNBZFE~AMT*B6*39~LQ*HE*N45~LQ*HE*N381~SVC*HC:H0049*50*10.81**1~DTM*472*20200930~CAS*CO*45*39.19~REF*6R*CP4E3HF8H6W1~AMT*B6*10.81~LQ*HE*N381~SVC*HC:G8510*40*10.89**1~DTM*472*20200930~CAS*CO*45*29.11~REF*6R*CP4EKY2CJP3A~AMT*B6*10.89~LQ*HE*N45~LQ*HE*N381~CLP*000100037034*1*178.3*65.15**MC*2020296125740~NM1*QC*1*TOTAKHAIL*SORAIYA****MR*O814415~NM1*82*1*HOOSHMAND-PARSI*KAYHOSROW****XX*1447291851~REF*EA*9B2011FC416542B3B89A0C0F99CCB235~DTM*232*20200701~DTM*233*20200701~SVC*HC:99213*178.3*65.15**1~DTM*472*20200701~CAS*CO*45*113.15~REF*6R*CP4EQX2SCWYT~AMT*B6*65.15~LQ*HE*N45~LQ*HE*N381~CLP*000100041266*1*266.83*104.73**MC*2020296126021~NM1*QC*1*TURNER*DAVID*R***MR*P547112~NM1*82*1*CADDALI*ESTRELLA*A***XX*1164974580~REF*EA*AE081A0921C04C79B74E46509DC42092~DTM*232*20200925~DTM*233*20200925~SVC*HC:99213:25*178.3*65.15**1~DTM*472*20200925~CAS*CO*45*113.15~REF*6R*CP4EJWGVAI1D~AMT*B6*65.15~LQ*HE*N45~LQ*HE*N381~SVC*HC:90471*53.53*19.27**1~DTM*472*20200925~CAS*CO*45*34.26~REF*6R*CP4E0NG23LEQ~AMT*B6*19.27~LQ*HE*N45~LQ*HE*N381~SVC*HC:90756*35*20.31**1~DTM*472*20200925~CAS*CO*45*14.69~REF*6R*CP4E4O4YTFP0~AMT*B6*20.31~LQ*HE*N381~CLP*000100042234*1*361.52*135.72**MC*2020296126677~NM1*QC*1*TURNER*SAMUEL****MR*V731137~NM1*82*1*TSAMBIKOS*RICHARD****XX*1467985713~REF*EA*3C3439F224494E29B88529222873D1ED~DTM*232*20201013~DTM*233*20201013~SVC*HC:99214:25*272.99*96.14**1~DTM*472*20201013~CAS*CO*45*176.85~REF*6R*CP4E7TLY5X3C~AMT*B6*96.14~LQ*HE*N45~LQ*HE*N381~SVC*HC:90471*53.53*19.27**1~DTM*472*20201013~CAS*CO*45*34.26~REF*6R*CP4EG61EPO4N~AMT*B6*19.27~LQ*HE*N45~LQ*HE*N381~SVC*HC:90756*35*20.31**1~DTM*472*20201013~CAS*CO*45*14.69~REF*6R*CP4E10W68ALR~AMT*B6*20.31~LQ*HE*N381~CLP*000100041708*1*272.99*96.14**MC*2020296126622~NM1*QC*1*VALDEZ*ESTEBAN*F***MR*M468194~NM1*82*1*CADDALI*ESTRELLA*A***XX*1164974580~REF*EA*BFA369D8D39342C5ACF2FDAF2638A904~DTM*232*20201002~DTM*233*20201002~SVC*HC:99214*272.99*96.14**1~DTM*472*20201002~CAS*CO*45*176.85~REF*6R*CP4E396G9ADN~AMT*B6*96.14~LQ*HE*N45~LQ*HE*N381~CLP*000100039961*1*54.67*21.29**MC*2020296126060~NM1*QC*1*VALLES*SANDRA****MR*K193489~NM1*82*1*HOOSHMAND-PARSI*KAYHOSROW****XX*1447291851~REF*EA*E7868E040F8C49F6BF67B0B766EE5F3F~DTM*232*20200901~DTM*233*20200901~SVC*HC:93000*54.67*21.29**1~DTM*472*20200901~CAS*CO*45*33.38~REF*6R*CP3UPRMYQJ8I~AMT*B6*21.29~LQ*HE*N59~LQ*HE*N381~CLP*000100042053*1*178.3*65.15**MC*2020296125520~NM1*QC*1*WALKER*CHANTEL*R***MR*P824583~NM1*82*1*CADDALI*ESTRELLA*A***XX*1164974580~REF*EA*96EB2EC3917E427B95E082787E05C467~DTM*232*20201009~DTM*233*20201009~SVC*HC:99213*178.3*65.15**1~DTM*472*20201009~CAS*CO*45*113.15~REF*6R*CP4EOT4QWP4L~AMT*B6*65.15~LQ*HE*N45~LQ*HE*N381~CLP*000100042158*1*272.99*96.14**MC*2020296125391~NM1*QC*1*WEST*SHANNON*D***MR*S204700~NM1*82*1*TSAMBIKOS*RICHARD****XX*1467985713~REF*EA*6B542E78AA16487B9F4501349274D24B~DTM*232*20201013~DTM*233*20201013~SVC*HC:99214*272.99*96.14**1~DTM*472*20201013~CAS*CO*45*176.85~REF*6R*CP4EGAYS21O5~AMT*B6*96.14~LQ*HE*N45~LQ*HE*N381~CLP*000100042137*1*272.99*94.14*2*MC*2020296125632~NM1*QC*1*WILKINS*CARTHELIUS****MR*P159818~NM1*82*1*HOOSHMAND-PARSI*KAYHOSROW****XX*1447291851~REF*EA*73788E790546405A9EE54C1D77606F38~DTM*232*20201012~DTM*233*20201012~SVC*HC:99214*272.99*94.14**1~DTM*472*20201012~CAS*PR*3*2~CAS*CO*45*176.85~REF*6R*CP4ESPRL9FVW~AMT*B6*96.14~LQ*HE*N45~LQ*HE*N381~LQ*HE*N381~CLP*000100041669*1*217.66*54.8**MC*2020296125028~NM1*QC*1*WOELFLE*FRANK*J***MR*N903082~NM1*82*1*LEWIS*HOLLY*G***XX*1295234128~REF*EA*3389A9E63C3D4727ABB745A4DD8F8921~DTM*232*20201002~DTM*233*20201002~SVC*HC:90832*217.66*54.8**1~DTM*472*20201002~CAS*CO*45*162.86~REF*6R*CP4E8ICOFK5L~AMT*B6*54.8~LQ*HE*N381~CLP*000100040131*1*40*10.89**MC*2020296126667~NM1*QC*1*YENGICH*CARA*A***MR*O767371~NM1*82*1*SANCHEZ*LEANN*V***XX*1508990961~REF*EA*B2852E3F01024FF1B252E08DDF3BBD9B~DTM*232*20200903~DTM*233*20200903~SVC*HC:G8510*40*10.89**1~DTM*472*20200903~CAS*CO*45*29.11~REF*6R*CP3UN51XZSX1~AMT*B6*10.89~LQ*HE*N59~LQ*HE*N45~LQ*HE*N381~CLP*000100042039*1*272.99*94.14*2*MC*2020296125320~NM1*QC*1*ZAMORA*DAVID*E***MR*C225604~NM1*82*1*CADDALI*ESTRELLA*A***XX*1164974580~REF*EA*EF2C6D9CA24548A9AE7EF85DE9DD7DF4~DTM*232*20201009~DTM*233*20201009~SVC*HC:99214*272.99*94.14**1~DTM*472*20201009~CAS*PR*3*2~CAS*CO*45*176.85~REF*6R*CP4E6DSPXLIO~AMT*B6*96.14~LQ*HE*N45~LQ*HE*N381~LQ*HE*N381~CLP*000100041540*4*384.17*0**MC*2020296126079~NM1*QC*1*BACA*JESSE****MR*Y236624~NM1*82*1*WARE*SONDRA*E***XX*1386181444~REF*EA*F0DB4469032C493CB6B2A0807CBECDE3~DTM*232*20200930~DTM*233*20200930~SVC*HC:99203:25*266.84*0**0**1~DTM*472*20200930~CAS*PI*16*266.84~REF*6R*CP4ECRG89CLM~LQ*HE*MA70~SVC*HC:86580*27.33*0**0**1~DTM*472*20200930~CAS*PI*16*27.33~REF*6R*CP4EVB5YY9X2~LQ*HE*MA70~SVC*HC:H0049*50*0**0**1~DTM*472*20200930~CAS*PI*16*50~REF*6R*CP4E8ITLZUB1~LQ*HE*MA70~SVC*HC:G8510*40*0**0**1~DTM*472*20200930~CAS*PI*16*40~REF*6R*CP4ESWMYLM33~LQ*HE*MA70~CLP*000100041525*4*356.84*0**MC*2020296126242~NM1*QC*1*BERMUDEZ*DANIELLA****MR*P746626~NM1*82*1*WARE*SONDRA*E***XX*1386181444~REF*EA*F5930434510B41A38A5A6372266F0C04~DTM*232*20200930~DTM*233*20200930~SVC*HC:99203:25*266.84*0**0**1~DTM*472*20200930~CAS*PI*16*266.84~REF*6R*CP4EV2DYPB82~LQ*HE*MA70~SVC*HC:H0049*50*0**0**1~DTM*472*20200930~CAS*PI*16*50~REF*6R*CP4EN6DXZNEU~LQ*HE*MA70~SVC*HC:G8431*40*0**0**1~DTM*472*20200930~CAS*PI*16*40~REF*6R*CP4EXFWRQK6R~LQ*HE*MA70~CLP*000100042261*4*285.36*0**MC*2020296126244~NM1*QC*1*BERMUDEZ*DANIELLA****MR*P746626~NM1*82*1*WARE*SONDRA*E***XX*1386181444~REF*EA*62D67801B9424244B87A93B96A85B5DC~DTM*232*20201014~DTM*233*20201014~SVC*HC:99213:25*178.3*0**0**1~DTM*472*20201014~CAS*PI*16*178.3~REF*6R*CP4EB49FHXYI~LQ*HE*MA70~SVC*HC:69210*107.06*0**0**1~DTM*472*20201014~CAS*PI*16*107.06~REF*6R*CP4EOJ93M7S6~LQ*HE*MA70~CLP*000100041431*4*384.17*0**MC*2020296125248~NM1*QC*1*DOMINGUEZ*MICHAEL****MR*Y391845~NM1*82*1*WARE*SONDRA*E***XX*1386181444~REF*EA*479D01E44E424197A143DF0F053C880C~DTM*232*20200929~DTM*233*20200929~SVC*HC:99203:25*266.84*0**0**1~DTM*472*20200929~CAS*PI*16*266.84~REF*6R*CP4E31A3XD8H~LQ*HE*MA70~SVC*HC:86580*27.33*0**0**1~DTM*472*20200929~CAS*PI*16*27.33~REF*6R*CP4EOFT7D4ZB~LQ*HE*MA70~SVC*HC:H0049*50*0**0**1~DTM*472*20200929~CAS*PI*16*50~REF*6R*CP4EMXYED5KI~LQ*HE*MA70~SVC*HC:G8431*40*0**0**1~DTM*472*20200929~CAS*PI*16*40~REF*6R*CP4E1V7I246F~LQ*HE*MA70~CLP*000100041551*4*272.99*0**MC*2020296125185~NM1*QC*1*HORNE*CHELSEA****MR*U117874~NM1*82*1*TSAMBIKOS*RICHARD****XX*1467985713~REF*EA*DDC8C4753A1B4471A26FC992354E5C00~DTM*232*20200930~DTM*233*20200930~SVC*HC:99214*272.99*0**0**1~DTM*472*20200930~CAS*PI*16*272.99~REF*6R*CP4EVHC98BPW~LQ*HE*N554~CLP*000100042106*4*178.3*0**MC*2020296125408~NM1*QC*1*LERMA*CAREMI*P***MR*P878927~NM1*82*1*WARE*SONDRA*E***XX*1386181444~REF*EA*CAC05EB5A4A9481DAFCCD24A5AD822EE~DTM*232*20201012~DTM*233*20201012~SVC*HC:99213*178.3*0**0**1~DTM*472*20201012~CAS*PI*16*178.3~REF*6R*CP4E3GE2D4E0~LQ*HE*MA70~CLP*000100041494*4*356.84*0**MC*2020296125769~NM1*QC*1*MELTON*DAVID*V***MR*I854928~NM1*82*1*WARE*SONDRA*E***XX*1386181444~REF*EA*6997CCAB28994F0ABF84EE157E9056E5~DTM*232*20200930~DTM*233*20200930~SVC*HC:99203:25*266.84*0**0**1~DTM*472*20200930~CAS*PI*16*266.84~REF*6R*CP4EB9E93AOC~LQ*HE*MA70~SVC*HC:H0049*50*0**0**1~DTM*472*20200930~CAS*PI*16*50~REF*6R*CP4EI2WQ14W9~LQ*HE*MA70~SVC*HC:G8510*40*0**0**1~DTM*472*20200930~CAS*PI*16*40~REF*6R*CP4ERVNS8V0L~LQ*HE*MA70~CLP*000100039880*4*40*0**MC*2020296125797~NM1*QC*1*PRIGMORE*BRETT****MR*P231555~NM1*82*2*HEALTH SOLUTIONS*****XX*1033165527~REF*EA*682EF359A249440896DC214E35D9ACF5~DTM*232*20200831~DTM*233*20200831~SVC*HC:G8510*40*0**0**1~DTM*472*20200831~CAS*PI*185*40~REF*6R*CP3QC9XZBIN9~LQ*HE*N59~LQ*HE*N290~LQ*HE*N198~CLP*000100041757*4*178.3*0**MC*2020296126482~NM1*QC*1*ROBINSON*AMAYA*E***MR*O163351~NM1*82*1*WARE*SONDRA*E***XX*1386181444~REF*EA*E3634F507AD046BBBAC0DB4F59628CB9~DTM*232*20201005~DTM*233*20201005~SVC*HC:99213*178.3*0**0**1~DTM*472*20201005~CAS*PI*16*178.3~REF*6R*CP4E1UHFFGRU~LQ*HE*MA70~CLP*000100041460*4*266.84*0**MC*2020296126486~NM1*QC*1*ROBINSON*AMAYA*E***MR*O163351~NM1*82*1*WARE*SONDRA*E***XX*1386181444~REF*EA*6BD221BCA7D94901BEA494E7F20EF7D2~DTM*232*20200929~DTM*233*20200929~SVC*HC:99203*266.84*0**0**1~DTM*472*20200929~CAS*PI*16*266.84~REF*6R*CP4ESEYX7NBQ~LQ*HE*MA70~CLP*000100042157*4*178.3*0**MC*2020296126522~NM1*QC*1*RIVAS*JESSENIA*E***MR*W695307~NM1*74*1*SALAS~NM1*82*1*WARE*SONDRA*E***XX*1386181444~REF*EA*F5F87920D24046278E012417A9904529~DTM*232*20201013~DTM*233*20201013~SVC*HC:99213*178.3*0**0**1~DTM*472*20201013~CAS*PI*16*178.3~REF*6R*CP4ESNAUA8GN~LQ*HE*MA70~CLP*000100041744*4*272.99*0**MC*2020296126225~NM1*QC*1*SOUSIE*KATHLENE*A***MR*G599543~NM1*82*1*GRONEMEYER*LEANNE*R***XX*1659521045~REF*EA*B9D9D5B30B654B0FAA39FC1B467F0BD1~DTM*232*20201005~DTM*233*20201005~SVC*HC:99214*272.99*0**0**1~DTM*472*20201005~CAS*PI*16*272.99~REF*6R*CP4ERGRUBA3Y~LQ*HE*N30~LQ*HE*MA92~LQ*HE*MA92~LQ*HE*MA92~LQ*HE*N56~CLP*000100041106*4*178.3*0**MC*2020296125303~NM1*QC*1*WILLIAMS*DEVREN****MR*O169306~NM1*82*1*CADDALI*ESTRELLA*A***XX*1164974580~REF*EA*8928C6FCB1494AAFBF5359123E4BD929~DTM*232*20200923~DTM*233*20200923~SVC*HC:99213*178.3*0**0**1~DTM*472*20200923~CAS*PI*16*178.3~REF*6R*CP4EUEF0SOXO~LQ*HE*N45~LQ*HE*N381~SE*1776*000010012~GE*1*200034017~IEA*1*200034017~