ISA*00*          *00*          *ZZ*COMEDASSISTPROG*ZZ*6769489        *201116*0234*^*00501*200000683*0*P*:~GS*HP*COMEDASSISTPROG*6769489*20201116*023421*200000683*X*005010X221A1~ST*835*000010012~BPR*I*10574.05*C*ACH*CCP*01*075911603*DA*00000004556640373*1811725341**01*102106569*DA*2200002989138*20201116~TRN*1*001140047*1811725341~REF*EV*1508250911~DTM*405*20201113~N1*PR*CO_TXIX*XV*7912900843~N3*P.O. BOX 30~N4*DENVER*CO*80201~PER*CX*MEDICAID PROVIDER SERVICES*TE*8442352387~PER*BL*MEDICAID PROVIDER SERVICES*TE*8442352387~N1*PE*HEALTH SOLUTIONS MED CENTER*XX*1508250911~REF*TJ*841158933~LX*1~CLP*000100041975*2*316.11*10.84**MC*2020312005967~NM1*QC*1*BIBLE*JEAN****MR*P012186~NM1*82*1*HOOSHMAND-PARSI*KAYHOSROW****XX*1447291851~REF*EA*6B8CFCDED7FC4D05A22CDB92434D9BC4~DTM*232*20201008~DTM*233*20201008~SVC*HC:99213:25*178.3*3.44**1~DTM*472*20201008~CAS*CO*45*174.86~REF*6R*CP4EPQ26ZUOD~AMT*B6*3.44~LQ*HE*N45~LQ*HE*N381~LQ*HE*N381~SVC*HC:G0444*30.75*0**1~DTM*472*20201008~CAS*CO*45*30.75~REF*6R*CP4EL5X8LUDJ~SVC*HC:G0396*107.06*7.4**1~DTM*472*20201008~CAS*OA*P22*99.66~REF*6R*CP4EWH4LQES6~AMT*B6*7.4~LQ*HE*MA125~CLP*000100042176*2*178.3*3.44**MC*2020312005969~NM1*QC*1*GREAVES*PHILLIP*R***MR*J967917~NM1*82*1*TSAMBIKOS*RICHARD****XX*1467985713~REF*EA*39503A047145431EBBF385DC2F1F412C~DTM*232*20201013~DTM*233*20201013~SVC*HC:99213*178.3*3.44**1~DTM*472*20201013~CAS*CO*45*174.86~REF*6R*CP4EGDWF4W7N~AMT*B6*3.44~LQ*HE*N45~LQ*HE*N381~LQ*HE*N381~CLP*000100041522*2*272.99*19**MC*2020312005983~NM1*QC*1*MARQUEZ*ERNEST*A***MR*H996555~NM1*82*1*CADDALI*ESTRELLA*A***XX*1164974580~REF*EA*572289F35BB2463996AE78099800BA4B~DTM*232*20200930~DTM*233*20200930~SVC*HC:99214*272.99*19**1~DTM*472*20200930~CAS*CO*45*253.99~REF*6R*CP4ERDESUCGT~AMT*B6*19~LQ*HE*N45~LQ*HE*N381~LQ*HE*N381~CLP*000100041473*2*523.93*21.46**MC*2020312005972~NM1*QC*1*QUINTANA*EMILIO*J***MR*K902053~NM1*82*1*HOOSHMAND-PARSI*KAYHOSROW****XX*1447291851~REF*EA*94A8B6C7B1E04D9DB084CDE17B86824C~DTM*232*20200929~DTM*233*20200929~SVC*HC:99215:25*386.12*14.06**1~DTM*472*20200929~CAS*CO*45*372.06~REF*6R*CP4EM46R389A~AMT*B6*14.06~LQ*HE*N45~LQ*HE*N381~LQ*HE*N381~SVC*HC:G0444*30.75*0**1~DTM*472*20200929~CAS*CO*45*30.75~REF*6R*CP4E7EY0T21N~SVC*HC:G0396*107.06*7.4**1~DTM*472*20200929~CAS*OA*P22*99.66~REF*6R*CP4EDDUN06IR~AMT*B6*7.4~LQ*HE*MA125~LQ*HE*MA125~CLP*38644*2*450.07*28.68**MC*2220314004933~NM1*QC*1*ROBINSON*JASMINE****MR*Y094819~DTM*232*20200805~DTM*233*20200805~SVC*HC:99204:25*450.07*28.68**1~DTM*472*20200805~CAS*CO*45*421.39~REF*HPI*1164974580~AMT*B6*28.68~LQ*HE*N45~LQ*HE*N381~LQ*HE*N381~CLP*39356*2*327.66*11.15**MC*2220314005135~NM1*QC*1*ROBINSON*JASMINE****MR*Y094819~DTM*232*20200819~DTM*233*20200819~SVC*HC:99214:25*272.99*8.16**1~DTM*472*20200819~CAS*CO*45*264.83~REF*HPI*1164974580~AMT*B6*8.16~LQ*HE*N45~LQ*HE*N381~LQ*HE*N381~SVC*HC:93000*54.67*2.99**1~DTM*472*20200819~CAS*CO*45*51.68~REF*HPI*1164974580~AMT*B6*2.99~LQ*HE*N381~LQ*HE*N381~CLP*39707*2*178.3*12.69**MC*2220314005250~NM1*QC*1*ROBINSON*JASMINE****MR*Y094819~DTM*232*20200826~DTM*233*20200826~SVC*HC:99213*178.3*12.69**1~DTM*472*20200826~CAS*CO*45*165.61~REF*HPI*1164974580~AMT*B6*12.69~LQ*HE*N45~LQ*HE*N381~LQ*HE*N381~CLP*000100042277*4*272.99*0**MC*2020312005966~NM1*QC*1*GETTERLY*VALENE*T***MR*Y215953~NM1*82*1*WARE*SONDRA*E***XX*1386181444~REF*EA*DB850650D06B41DD9566675392EB909C~DTM*232*20201014~DTM*233*20201014~SVC*HC:99214*272.99*0**0**1~DTM*472*20201014~CAS*PI*16*272.99~REF*6R*CP4ED7YQZV18~LQ*HE*MA70~CLP*000100041379*1*17.1*12.43**MC*2020317051422~NM1*QC*1*ANTU*MICHAEL*K***MR*O549042~NM1*82*1*HOOSHMAND-PARSI*KAYHOSROW****XX*1447291851~REF*EA*2A5E5C0B0B004697B53794A55684DC51~DTM*232*20200929~DTM*233*20200929~SVC*HC:99406*17.1*12.43**1~DTM*472*20200929~CAS*CO*45*4.67~REF*6R*CPC2AAELE0KW~AMT*B6*12.43~LQ*HE*N59~LQ*HE*N45~LQ*HE*N381~CLP*000100039726*1*50*10.81**MC*2020317051307~NM1*QC*1*AUGUSTINE*BRIAN*C***MR*O105761~NM1*82*1*GRONEMEYER*LEANNE*R***XX*1659521045~REF*EA*02170DCEB1E24615A15C658A8ECBF90F~DTM*232*20200826~DTM*233*20200826~SVC*HC:H0049*50*10.81**1~DTM*472*20200826~CAS*CO*45*39.19~REF*6R*CPC2GVL4VVQP~AMT*B6*10.81~LQ*HE*N59~LQ*HE*N381~CLP*000100042865*1*272.99*94.14*2*MC*2020317051858~NM1*QC*1*BACKUSH*SUMAYAH*H***MR*Y862562~NM1*82*1*GRONEMEYER*LEANNE*R***XX*1659521045~REF*EA*27028EE3E08748A0991AC053E683EF7E~DTM*232*20201022~DTM*233*20201022~SVC*HC:99214*272.99*94.14**1~DTM*472*20201022~CAS*PR*3*2~CAS*CO*45*176.85~REF*6R*CPDE6Q7T3CZR~AMT*B6*96.14~LQ*HE*N45~LQ*HE*N381~LQ*HE*N381~CLP*000100042714*1*272.99*96.14**MC*2020317052203~NM1*QC*1*BALFOUR*JORDAN****MR*Q409319~NM1*82*1*TSAMBIKOS*RICHARD****XX*1467985713~REF*EA*B8DE4CDE22CC4B7CABC915BBA4338E19~DTM*232*20201021~DTM*233*20201021~SVC*HC:99214*272.99*96.14**1~DTM*472*20201021~CAS*CO*45*176.85~REF*6R*CPDEEY9C41WW~AMT*B6*96.14~LQ*HE*N45~LQ*HE*N381~CLP*000100042654*1*544.07*192.48**MC*2020317051621~NM1*QC*1*BERNAL*ELIZABETH*J***MR*D660858~NM1*82*1*WARE*SONDRA*E***XX*1386181444~REF*EA*8B9DAB112706417B889362033CB5E8CF~DTM*232*20201020~DTM*233*20201020~SVC*HC:99204:25*450.07*148.09**1~DTM*472*20201020~CAS*CO*45*301.98~REF*6R*CPDEQIFY5VE1~AMT*B6*148.09~LQ*HE*N45~LQ*HE*N381~SVC*HC:H0049*50*10.81**1~DTM*472*20201020~CAS*CO*45*39.19~REF*6R*CPDE0AKVQZLZ~AMT*B6*10.81~LQ*HE*N381~SVC*HC:G8431*40*30.21**1~DTM*472*20201020~CAS*CO*45*9.79~REF*6R*CPDEWCB0ZC3E~AMT*B6*30.21~LQ*HE*N45~LQ*HE*N381~SVC*HC:81002*4*3.37**1~DTM*472*20201020~CAS*CO*45*.63~REF*6R*CPDEVZWCSOSK~AMT*B6*3.37~LQ*HE*N381~CLP*000100037877*1*15*7.34*1*MC*2020317051054~NM1*QC*1*BERRY*JENNIFER****MR*O283085~NM1*82*1*GRONEMEYER*LEANNE*R***XX*1659521045~REF*EA*A5FCC6ABBB9147D59C3F9C450E57728C~DTM*232*20200721~DTM*233*20200721~SVC*HC:81025*15*7.34**1~DTM*472*20200721~CAS*PR*3*1~CAS*CO*45*6.66~REF*6R*CPC2ZLE2KRLC~AMT*B6*8.34~LQ*HE*N77~LQ*HE*N381~LQ*HE*N381~CLP*000100041257*1*15*8.34**MC*2020317051126~NM1*QC*1*BOULIER*JEWEL*R***MR*W913486~NM1*82*1*SEARLES*DENISE*A***XX*1396971230~REF*EA*2BDD482DF0E54ECD8180A1DC1A347C30~DTM*232*20200925~DTM*233*20200925~SVC*HC:81025*15*8.34**1~DTM*472*20200925~CAS*CO*45*6.66~REF*6R*CPC2GKOGB7SW~AMT*B6*8.34~LQ*HE*N59~LQ*HE*N381~CLP*000100038322*1*15*8.34**MC*2020317051142~NM1*QC*1*BOULIER*JEWEL*R***MR*W913486~NM1*82*1*SEARLES*DENISE*A***XX*1396971230~REF*EA*3641C065A6F641FC9A6A849A009BB05E~DTM*232*20200729~DTM*233*20200729~SVC*HC:81025*15*8.34**1~DTM*472*20200729~CAS*CO*45*6.66~REF*6R*CPC2Z1BBFTVS~AMT*B6*8.34~LQ*HE*N59~LQ*HE*N381~CLP*000100042669*1*290.09*108.57**MC*2020317052327~NM1*QC*1*BRAND*JOSEPH****MR*P893185~NM1*82*1*TSAMBIKOS*RICHARD****XX*1467985713~REF*EA*7991D56A039F4C82A1904393723BBEE6~DTM*232*20201020~DTM*233*20201020~SVC*HC:99214:25*272.99*96.14**1~DTM*472*20201020~CAS*CO*45*176.85~REF*6R*CPDEOBA8D9DS~AMT*B6*96.14~LQ*HE*N45~LQ*HE*N381~SVC*HC:99406*17.1*12.43**1~DTM*472*20201020~CAS*CO*45*4.67~REF*6R*CPDE74F8TYUK~AMT*B6*12.43~LQ*HE*N45~LQ*HE*N381~CLP*000100042853*1*272.99*96.14**MC*2020317051595~NM1*QC*1*BRANDT*RONALD*J***MR*J865988~NM1*82*1*GRONEMEYER*LEANNE*R***XX*1659521045~REF*EA*A5F15D4361CB459D895993CBA5839549~DTM*232*20201022~DTM*233*20201022~SVC*HC:99214*272.99*96.14**1~DTM*472*20201022~CAS*CO*45*176.85~REF*6R*CPDE78EGBG8I~AMT*B6*96.14~LQ*HE*N45~LQ*HE*N381~CLP*000100042857*1*178.3*65.15**MC*2020317051447~NM1*QC*1*BROWN*SARA*E***MR*Y577195~NM1*82*1*HOOSHMAND-PARSI*KAYHOSROW****XX*1447291851~REF*EA*A4917B954B954C4D95ED08582F271E7C~DTM*232*20201022~DTM*233*20201022~SVC*HC:99213*178.3*65.15**1~DTM*472*20201022~CAS*CO*45*113.15~REF*6R*CPDEQS8W65DR~AMT*B6*65.15~LQ*HE*N45~LQ*HE*N381~CLP*000100042937*1*272.99*94.14*2*MC*2020317051095~NM1*QC*1*BURKS*PATRICE*L***MR*R582437~NM1*82*1*CADDALI*ESTRELLA*A***XX*1164974580~REF*EA*18C8D60F75204A6184FA5FF692937B19~DTM*232*20201023~DTM*233*20201023~SVC*HC:99214*272.99*94.14**1~DTM*472*20201023~CAS*PR*3*2~CAS*CO*45*176.85~REF*6R*CPDEUMPAO6T1~AMT*B6*96.14~LQ*HE*N45~LQ*HE*N381~LQ*HE*N381~CLP*000100041745*1*491.98*214.96**MC*2020317051656~NM1*QC*1*CAMPBELL*SARAH*J***MR*Y953495~NM1*82*1*GRONEMEYER*LEANNE*R***XX*1659521045~REF*EA*2B87C6141CF84F4D9E3DC2F4F312181A~DTM*232*20201005~DTM*233*20201005~SVC*HC:99214:25:FP*272.99*118.45**1~DTM*472*20201005~CAS*CO*45*154.54~REF*6R*CPDETHYWG8CI~AMT*B6*118.45~LQ*HE*N45~LQ*HE*N381~SVC*HC:96372:FP*83.99*15.51**1~DTM*472*20201005~CAS*CO*45*68.48~REF*6R*CPDE4VM80ZBE~AMT*B6*15.51~LQ*HE*N381~SVC*HC:J1050:FP*135*81**150~DTM*472*20201005~CAS*CO*45*54~REF*6R*CPDE94CMOK3N~AMT*B6*81~LQ*HE*N381~CLP*000100039613*1*50*10.81**MC*2020317051641~NM1*QC*1*CHURCHFIELD*WHITNEY****MR*V281356~NM1*82*1*HOOSHMAND-PARSI*KAYHOSROW****XX*1447291851~REF*EA*3517AA635097448E90691052D58AB5E2~DTM*232*20200825~DTM*233*20200825~SVC*HC:H0049*50*10.81**1~DTM*472*20200825~CAS*CO*45*39.19~REF*6R*CPC2NE4H7G6D~AMT*B6*10.81~LQ*HE*N59~LQ*HE*N381~CLP*000100042799*1*272.99*96.14**MC*2020317051930~NM1*QC*1*CLASON*DOROTHY*J***MR*I727058~NM1*82*1*GRONEMEYER*LEANNE*R***XX*1659521045~REF*EA*CF5C27F498AA4770B86DFB2C0050DE7A~DTM*232*20201021~DTM*233*20201021~SVC*HC:99214*272.99*96.14**1~DTM*472*20201021~CAS*CO*45*176.85~REF*6R*CPDENXG4MIUR~AMT*B6*96.14~LQ*HE*N45~LQ*HE*N381~CLP*000100038897*1*15*8.34**MC*2020317051460~NM1*QC*1*CORDOVA*ANDREA*M***MR*K291945~NM1*82*1*SEARLES*DENISE*A***XX*1396971230~REF*EA*983299E850604857BB8C2EB948619623~DTM*232*20200811~DTM*233*20200811~SVC*HC:81025*15*8.34**1~DTM*472*20200811~CAS*CO*45*6.66~REF*6R*CPC2TDLBUCSY~AMT*B6*8.34~LQ*HE*N59~LQ*HE*N381~CLP*000100041096*1*90*41.02**MC*2020317051976~NM1*QC*1*CORDOVA*JOHN*R***MR*E236864~NM1*82*1*SEARLES*DENISE*A***XX*1396971230~REF*EA*EBDD308C05244FCC86A76088829794E5~DTM*232*20200923~DTM*233*20200923~SVC*HC:H0049*50*10.81**1~DTM*472*20200923~CAS*CO*45*39.19~REF*6R*CPC2CJ27CVU7~AMT*B6*10.81~LQ*HE*N59~LQ*HE*N381~SVC*HC:G8431*40*30.21**1~DTM*472*20200923~CAS*CO*45*9.79~REF*6R*CPC22FZ3AOWA~AMT*B6*30.21~LQ*HE*N59~LQ*HE*N45~LQ*HE*N381~CLP*000100039895*1*50*10.81**MC*2020317052055~NM1*QC*1*CORDOVA*JULIAN****MR*S614205~NM1*82*1*HOOSHMAND-PARSI*KAYHOSROW****XX*1447291851~REF*EA*40765AEE19AD474E876C175556136913~DTM*232*20200831~DTM*233*20200831~SVC*HC:H0049*50*10.81**1~DTM*472*20200831~CAS*CO*45*39.19~REF*6R*CPC2RN0XTUIE~AMT*B6*10.81~LQ*HE*N59~LQ*HE*N381~CLP*000100037800*1*15*8.34**MC*2020317050897~NM1*QC*1*CRAMER*CHELSEA*C***MR*G314138~NM1*82*1*HOOSHMAND-PARSI*KAYHOSROW****XX*1447291851~REF*EA*27BD3F9E2CA44754B4F4C53C0043D815~DTM*232*20200720~DTM*233*20200720~SVC*HC:81025*15*8.34**1~DTM*472*20200720~CAS*CO*45*6.66~REF*6R*CPDE7YBZFQJU~AMT*B6*8.34~LQ*HE*N59~LQ*HE*N381~CLP*000100039803*1*15*8.34**MC*2020317051252~NM1*QC*1*CRUZ*MARIAH****MR*U875752~NM1*82*1*HOOSHMAND-PARSI*KAYHOSROW****XX*1447291851~REF*EA*89289E3D38524AF1A18D70F2A836751F~DTM*232*20200827~DTM*233*20200827~SVC*HC:81025*15*8.34**1~DTM*472*20200827~CAS*CO*45*6.66~REF*6R*CPC2SIGF0M9O~AMT*B6*8.34~LQ*HE*N59~LQ*HE*N381~CLP*000100041307*1*15*8.34**MC*2020317051269~NM1*QC*1*CRUZ*MARIAH****MR*U875752~NM1*82*1*HOOSHMAND-PARSI*KAYHOSROW****XX*1447291851~REF*EA*76627B10CC914087A6100E4EFDF92FD7~DTM*232*20200928~DTM*233*20200928~SVC*HC:81025*15*8.34**1~DTM*472*20200928~CAS*CO*45*6.66~REF*6R*CPC2U7WYI178~AMT*B6*8.34~LQ*HE*N59~LQ*HE*N381~CLP*000100041346*1*15*8.34**MC*2020317050972~NM1*QC*1*EHLERS*DESIREE*F***MR*P131523~NM1*82*1*HOOSHMAND-PARSI*KAYHOSROW****XX*1447291851~REF*EA*CA5A646F3C704B468EA8433BB6ED4D96~DTM*232*20200928~DTM*233*20200928~SVC*HC:81025*15*8.34**1~DTM*472*20200928~CAS*CO*45*6.66~REF*6R*CPC2KUSBLJ9V~AMT*B6*8.34~LQ*HE*N59~LQ*HE*N381~CLP*000100042925*1*178.3*65.15**MC*2020317051356~NM1*QC*1*ESQUIBEL*SANTINO****MR*Y798815~NM1*82*1*CADDALI*ESTRELLA*A***XX*1164974580~REF*EA*54D07010D74C4ABC80DE711B7FC0FB4A~DTM*232*20201023~DTM*233*20201023~SVC*HC:99213*178.3*65.15**1~DTM*472*20201023~CAS*CO*45*113.15~REF*6R*CPDED999LLTP~AMT*B6*65.15~LQ*HE*N45~LQ*HE*N381~CLP*000100043027*1*178.3*65.15**MC*2020317052277~NM1*QC*1*FLORES*JOE*F***MR*P507699~NM1*82*1*CADDALI*ESTRELLA*A***XX*1164974580~REF*EA*E05A625B78604A1EBAC54F1F0D6CB375~DTM*232*20201027~DTM*233*20201027~SVC*HC:99213*178.3*65.15**1~DTM*472*20201027~CAS*CO*45*113.15~REF*6R*CPDEQS3AKER6~AMT*B6*65.15~LQ*HE*N45~LQ*HE*N381~CLP*000100042837*1*247.14*95.81**MC*2020317052194~NM1*QC*1*GALLEGOS*SOPHIA****MR*P491206~NM1*82*1*GRONEMEYER*LEANNE*R***XX*1659521045~REF*EA*F8391C031DF24DD69168C1B0523ADD2E~DTM*232*20201022~DTM*233*20201022~SVC*HC:99392*247.14*95.81**1~DTM*472*20201022~CAS*CO*45*151.33~REF*6R*CPDEVNID1AAC~AMT*B6*95.81~LQ*HE*N381~CLP*000100037925*1*50*10.81**MC*2020317052185~NM1*QC*1*GARCIA*JEREMY*D***MR*F687719~NM1*82*1*GRONEMEYER*LEANNE*R***XX*1659521045~REF*EA*CBE044E313AE407CBDA2E65418131195~DTM*232*20200722~DTM*233*20200722~SVC*HC:H0049*50*10.81**1~DTM*472*20200722~CAS*CO*45*39.19~REF*6R*CPC2TJKNDFFG~AMT*B6*10.81~LQ*HE*N77~LQ*HE*N381~CLP*000100041325*1*1845*1268.69**MC*2020317051907~NM1*QC*1*GOIN*JOSHUA****MR*G127292~NM1*82*1*HOOSHMAND-PARSI*KAYHOSROW****XX*1447291851~REF*EA*415483D5F072409A9A8A16D4E3F68F66~DTM*232*20200928~DTM*233*20200928~SVC*HC:J2315*1805*1257.8**380~DTM*472*20200928~CAS*CO*45*547.2~REF*6R*CPC259FWKT38~AMT*B6*1257.8~LQ*HE*N59~LQ*HE*N381~SVC*HC:G8510*40*10.89**1~DTM*472*20200928~CAS*CO*45*29.11~REF*6R*CPC224HSACHW~AMT*B6*10.89~LQ*HE*N59~LQ*HE*N45~LQ*HE*N381~CLP*000100041220*1*1860*1277.03**MC*2020317051786~NM1*QC*1*GONZALES*CRYSTAL*D***MR*M921754~NM1*82*1*SEARLES*DENISE*A***XX*1396971230~REF*EA*1FC2D5FE68844398A75DE2E0DEA9F9AB~DTM*232*20200925~DTM*233*20200925~SVC*HC:J2315*1805*1257.8**380~DTM*472*20200925~CAS*CO*45*547.2~REF*6R*CPC26SK65UHR~AMT*B6*1257.8~LQ*HE*N59~LQ*HE*N381~SVC*HC:81025*15*8.34**1~DTM*472*20200925~CAS*CO*45*6.66~REF*6R*CPC2SQHJ6FO4~AMT*B6*8.34~LQ*HE*N59~LQ*HE*N381~SVC*HC:G8510*40*10.89**1~DTM*472*20200925~CAS*CO*45*29.11~REF*6R*CPC2HT2YS9EV~AMT*B6*10.89~LQ*HE*N59~LQ*HE*N45~LQ*HE*N381~CLP*000100042665*1*177.07*76.58*2*MC*2020317051287~NM1*QC*1*GONZALES*JAMIE*S***MR*X142887~NM1*82*1*TSAMBIKOS*RICHARD****XX*1467985713~REF*EA*CCC817061C2046D4A385E6498CAD54EC~DTM*232*20201020~DTM*233*20201020~SVC*HC:99212:25*88.54*37**1~DTM*472*20201020~CAS*PR*3*2~CAS*CO*45*49.54~REF*6R*CPDEDTUEVPMI~AMT*B6*39~LQ*HE*N45~LQ*HE*N381~LQ*HE*N381~SVC*HC:90471*53.53*19.27**1~DTM*472*20201020~CAS*CO*45*34.26~REF*6R*CPDED80X3I0G~AMT*B6*19.27~LQ*HE*N45~LQ*HE*N381~SVC*HC:90756*35*20.31**1~DTM*472*20201020~CAS*CO*45*14.69~REF*6R*CPDEEPZBB3B6~AMT*B6*20.31~LQ*HE*N381~CLP*000100041648*1*370.73*138.45**MC*2020317051512~NM1*QC*1*GONZALEZ*GLORIA*K***MR*P854556~NM1*82*1*HOOSHMAND-PARSI*KAYHOSROW****XX*1447291851~REF*EA*1C117E4B3A984AB1920CCE9C28AE12E7~DTM*232*20201001~DTM*233*20201001~SVC*HC:99396:25*312.06*113.79**1~DTM*472*20201001~CAS*CO*45*198.27~REF*6R*CPDE3CNF7CSX~AMT*B6*113.79~LQ*HE*N45~LQ*HE*N381~SVC*HC:93000*54.67*21.29**1~DTM*472*20201001~CAS*CO*45*33.38~REF*6R*CPDE1OVYPRTW~AMT*B6*21.29~LQ*HE*N381~SVC*HC:81002*4*3.37**1~DTM*472*20201001~CAS*CO*45*.63~REF*6R*CPDEZ1LWROGH~AMT*B6*3.37~LQ*HE*N381~CLP*000100041120*1*15*8.34**MC*2020317052243~NM1*QC*1*GOW*LAYLA*A***MR*O314223~NM1*82*1*GRONEMEYER*LEANNE*R***XX*1659521045~REF*EA*AD28A659F8A8420D91FD0AC84F567E36~DTM*232*20200923~DTM*233*20200923~SVC*HC:81025*15*8.34**1~DTM*472*20200923~CAS*CO*45*6.66~REF*6R*CPC2728AFHCC~AMT*B6*8.34~LQ*HE*N59~LQ*HE*N381~CLP*000100042861*1*272.99*96.14**MC*2020317052254~NM1*QC*1*GOW*LAYLA*A***MR*O314223~NM1*82*1*GRONEMEYER*LEANNE*R***XX*1659521045~REF*EA*B5DF584CDC1B4FF9B631AD94C92AB1A5~DTM*232*20201022~DTM*233*20201022~SVC*HC:99214*272.99*96.14**1~DTM*472*20201022~CAS*CO*45*176.85~REF*6R*CPDEMPEPB054~AMT*B6*96.14~LQ*HE*N45~LQ*HE*N381~CLP*000100035579*1*15*7.42*1*MC*2020317052133~NM1*QC*1*GUERRERO*SONYA*M***MR*S127505~NM1*82*1*HOOSHMAND-PARSI*KAYHOSROW****XX*1447291851~REF*EA*7086B67C0CD8407C94D8EB80C1DEC299~DTM*232*20200601~DTM*233*20200601~SVC*HC:81025*15*7.42**1~DTM*472*20200601~CAS*PR*3*1~CAS*CO*45*6.58~REF*6R*CPDE0YSBTGYZ~AMT*B6*8.42~LQ*HE*N59~LQ*HE*N381~LQ*HE*N381~CLP*000100038909*1*15*8.34**MC*2020317050924~NM1*QC*1*HALL*KRISTINA*K***MR*S324169~NM1*82*1*SEARLES*DENISE*A***XX*1396971230~REF*EA*1490EB1E8EC1423589DFC869AF0A2EA9~DTM*232*20200811~DTM*233*20200811~SVC*HC:81025*15*8.34**1~DTM*472*20200811~CAS*CO*45*6.66~REF*6R*CPC2VD6HMKTR~AMT*B6*8.34~LQ*HE*N59~LQ*HE*N381~CLP*000100041458*1*15*8.34**MC*2020317050943~NM1*QC*1*HALL*KRISTINA*K***MR*S324169~NM1*82*1*HOOSHMAND-PARSI*KAYHOSROW****XX*1447291851~REF*EA*F4452FE593B84777900EFE1E0BC43642~DTM*232*20200929~DTM*233*20200929~SVC*HC:81025*15*8.34**1~DTM*472*20200929~CAS*CO*45*6.66~REF*6R*CPC2Y774J0HP~AMT*B6*8.34~LQ*HE*N59~LQ*HE*N381~CLP*000100042618*1*15*8.34**MC*2020317050957~NM1*QC*1*HALL*KRISTINA*K***MR*S324169~NM1*82*1*HOOSHMAND-PARSI*KAYHOSROW****XX*1447291851~REF*EA*5162BDAAC4DF4FD8985899E39854A884~DTM*232*20201020~DTM*233*20201020~SVC*HC:81025*15*8.34**1~DTM*472*20201020~CAS*CO*45*6.66~REF*6R*CPC24A8VC2HJ~AMT*B6*8.34~LQ*HE*N59~LQ*HE*N381~CLP*000100042701*1*298.3*110.42*2*MC*2020317051170~NM1*QC*1*HELM*KARA*A***MR*O558457~NM1*82*1*CADDALI*ESTRELLA*A***XX*1164974580~REF*EA*6C60909038AE47BABABF22E8151F7248~DTM*232*20201021~DTM*233*20201021~SVC*HC:99213:25*178.3*63.15**1~DTM*472*20201021~CAS*PR*3*2~CAS*CO*45*113.15~REF*6R*CPDENVLPPXO7~AMT*B6*65.15~LQ*HE*N45~LQ*HE*N381~LQ*HE*N381~SVC*HC:20553*120*47.27**1~DTM*472*20201021~CAS*CO*45*72.73~REF*6R*CPDEK8SB6LA2~AMT*B6*47.27~LQ*HE*N381~LQ*HE*N381~CLP*000100042923*1*15*7.34*1*MC*2020317051212~NM1*QC*1*HELM*KARA*A***MR*O558457~NM1*82*1*SEARLES*DENISE*A***XX*1396971230~REF*EA*935BB00C95474533A944232BB2579E35~DTM*232*20201023~DTM*233*20201023~SVC*HC:81025*15*7.34**1~DTM*472*20201023~CAS*PR*3*1~CAS*CO*45*6.66~REF*6R*CPDE26BTDOA0~AMT*B6*8.34~LQ*HE*N59~LQ*HE*N381~LQ*HE*N381~CLP*000100041269*1*1845*1268.69**MC*2020317052042~NM1*QC*1*HELVEY*RYAN*J***MR*N690416~NM1*82*1*SEARLES*DENISE*A***XX*1396971230~REF*EA*F04103BFC26B434394762E8F20558ECA~DTM*232*20200925~DTM*233*20200925~SVC*HC:J2315*1805*1257.8**380~DTM*472*20200925~CAS*CO*45*547.2~REF*6R*CPC2YY4NUYEW~AMT*B6*1257.8~LQ*HE*N59~LQ*HE*N381~SVC*HC:G8510*40*10.89**1~DTM*472*20200925~CAS*CO*45*29.11~REF*6R*CPC23EZ0TZHU~AMT*B6*10.89~LQ*HE*N59~LQ*HE*N45~LQ*HE*N381~CLP*000100042666*1*445.37*177.06**MC*2020317052389~NM1*QC*1*HINZMAN*JASON*D***MR*O999667~NM1*82*1*CADDALI*ESTRELLA*A***XX*1164974580~REF*EA*34235D0AEDFC4AFAAFEC749E9138BF3F~DTM*232*20201020~DTM*233*20201020~SVC*HC:99203:25*266.84*96.46**1~DTM*472*20201020~CAS*CO*45*170.38~REF*6R*CPDES8DLKQKB~AMT*B6*96.46~LQ*HE*N45~LQ*HE*N381~SVC*HC:H0049*50*10.81**1~DTM*472*20201020~CAS*CO*45*39.19~REF*6R*CPDEA6817Z98~AMT*B6*10.81~LQ*HE*N381~SVC*HC:G8431*40*30.21**1~DTM*472*20201020~CAS*CO*45*9.79~REF*6R*CPDEIKZCDWSU~AMT*B6*30.21~LQ*HE*N45~LQ*HE*N381~SVC*HC:90471*53.53*19.27**1~DTM*472*20201020~CAS*CO*45*34.26~REF*6R*CPDE98XDIQ3B~AMT*B6*19.27~LQ*HE*N45~LQ*HE*N381~SVC*HC:90756*35*20.31**1~DTM*472*20201020~CAS*CO*45*14.69~REF*6R*CPDEYPQPPEJS~AMT*B6*20.31~LQ*HE*N381~CLP*000100038337*1*15*8.34**MC*2020317051392~NM1*QC*1*JARAMILLO*RACHEL*A***MR*Y000126~NM1*82*1*SEARLES*DENISE*A***XX*1396971230~REF*EA*2EA21FE791B64989B13AA4EE228378B8~DTM*232*20200729~DTM*233*20200729~SVC*HC:81025*15*8.34**1~DTM*472*20200729~CAS*CO*45*6.66~REF*6R*CPC2SVC7RRGF~AMT*B6*8.34~LQ*HE*N59~LQ*HE*N381~CLP*000100041352*1*15*8.34**MC*2020317051408~NM1*QC*1*JOHNSON*TIFFANY*S***MR*L497210~NM1*82*1*HOOSHMAND-PARSI*KAYHOSROW****XX*1447291851~REF*EA*319F0EB33ECD4DF780EAE30718FF4754~DTM*232*20200928~DTM*233*20200928~SVC*HC:81025*15*8.34**1~DTM*472*20200928~CAS*CO*45*6.66~REF*6R*CPC2DSOCJYI9~AMT*B6*8.34~LQ*HE*N59~LQ*HE*N381~CLP*000100039673*1*50*10.81**MC*2020317052004~NM1*QC*1*JURGENS*HOLLY*M***MR*U355037~NM1*82*1*SEARLES*DENISE*A***XX*1396971230~REF*EA*F568A740B4BD4506A28C81B90E27D9A9~DTM*232*20200825~DTM*233*20200825~SVC*HC:H0049*50*10.81**1~DTM*472*20200825~CAS*CO*45*39.19~REF*6R*CPC2B7QJZHPD~AMT*B6*10.81~LQ*HE*N59~LQ*HE*N381~CLP*000100041372*1*82*27.89**MC*2020317051736~NM1*QC*1*KEENEY*AMBER*D***MR*G217802~NM1*82*1*HOOSHMAND-PARSI*KAYHOSROW****XX*1447291851~REF*EA*0BCDC88F431143B7867BA7E9FB2990C7~DTM*232*20200929~DTM*233*20200929~SVC*HC:93000*54.67*21.29**1~DTM*472*20200929~CAS*CO*45*33.38~REF*6R*CPC29B005UU4~AMT*B6*21.29~LQ*HE*N59~LQ*HE*N381~SVC*HC:86580*27.33*6.6**1~DTM*472*20200929~CAS*CO*45*20.73~REF*6R*CPC2I7JHE2B5~AMT*B6*6.6~LQ*HE*N59~LQ*HE*N381~CLP*000100042829*1*272.99*96.14**MC*2020317051680~NM1*QC*1*KILLOUGH*MACKENZIE*L***MR*Y936673~NM1*82*1*GRONEMEYER*LEANNE*R***XX*1659521045~REF*EA*E4A7F7E551674F90997BD91F71C0477D~DTM*232*20201022~DTM*233*20201022~SVC*HC:99214*272.99*96.14**1~DTM*472*20201022~CAS*CO*45*176.85~REF*6R*CPDETWNX8QYP~AMT*B6*96.14~LQ*HE*N45~LQ*HE*N381~CLP*000100042849*1*15*7.34*1*MC*2020317052224~NM1*QC*1*KINCAID*JANAY*L***MR*Y577521~NM1*82*1*SEARLES*DENISE*A***XX*1396971230~REF*EA*AE27B63D0CAF4AD386E81724EC3CDF8C~DTM*232*20201022~DTM*233*20201022~SVC*HC:81025*15*7.34**1~DTM*472*20201022~CAS*PR*3*1~CAS*CO*45*6.66~REF*6R*CPDEN536DRO3~AMT*B6*8.34~LQ*HE*N59~LQ*HE*N381~LQ*HE*N381~CLP*000100041243*1*32.1*19.77*1*MC*2020317051079~NM1*QC*1*LERMA*VERONICA****MR*P119230~NM1*82*1*TSAMBIKOS*RICHARD****XX*1467985713~REF*EA*5C80E1B2485A4633849C204763407FCD~DTM*232*20200925~DTM*233*20200925~SVC*HC:99406*17.1*12.43**1~DTM*472*20200925~CAS*CO*45*4.67~REF*6R*CPC218HOF49F~AMT*B6*12.43~LQ*HE*N59~LQ*HE*N45~LQ*HE*N381~SVC*HC:81025*15*7.34**1~DTM*472*20200925~CAS*PR*3*1~CAS*CO*45*6.66~REF*6R*CPC2X7E0GQKC~AMT*B6*8.34~LQ*HE*N59~LQ*HE*N381~LQ*HE*N381~CLP*000100041545*1*1845*1268.69**MC*2020317050752~NM1*QC*1*LINDSAY SANDERS*SHABREA*D***MR*Q818873~NM1*74*1*LINDSAYSANDERS~NM1*82*1*SEARLES*DENISE*A***XX*1396971230~REF*EA*BF614B964E174941B52DB5C74649FD5A~DTM*232*20200930~DTM*233*20200930~SVC*HC:J2315*1805*1257.8**380~DTM*472*20200930~CAS*CO*45*547.2~REF*6R*CPC28N32BG2E~AMT*B6*1257.8~LQ*HE*N59~LQ*HE*N381~SVC*HC:G8510*40*10.89**1~DTM*472*20200930~CAS*CO*45*29.11~REF*6R*CPC2LMD88F13~AMT*B6*10.89~LQ*HE*N59~LQ*HE*N45~LQ*HE*N381~CLP*000100042922*1*178.3*65.15**MC*2020317051001~NM1*QC*1*MADERAS*DANIELA****MR*Q134586~NM1*82*1*CADDALI*ESTRELLA*A***XX*1164974580~REF*EA*D2769205DFA84937AD73145F7ED4D347~DTM*232*20201023~DTM*233*20201023~SVC*HC:99213*178.3*65.15**1~DTM*472*20201023~CAS*CO*45*113.15~REF*6R*CPDECPBRSCJB~AMT*B6*65.15~LQ*HE*N45~LQ*HE*N381~CLP*000100042135*1*266.83*104.73**MC*2020317051818~NM1*QC*1*MAES*ERNEST*R***MR*K993029~NM1*82*1*HOOSHMAND-PARSI*KAYHOSROW****XX*1447291851~REF*EA*69740F7FA57E46D0841A1191585FC233~DTM*232*20201012~DTM*233*20201012~SVC*HC:99213:25*178.3*65.15**1~DTM*472*20201012~CAS*CO*45*113.15~REF*6R*CPDE936AFAXT~AMT*B6*65.15~LQ*HE*N45~LQ*HE*N381~SVC*HC:90471*53.53*19.27**1~DTM*472*20201012~CAS*CO*45*34.26~REF*6R*CPDE4R66TJJI~AMT*B6*19.27~LQ*HE*N45~LQ*HE*N381~SVC*HC:90756*35*20.31**1~DTM*472*20201012~CAS*CO*45*14.69~REF*6R*CPDENFEVWUCJ~AMT*B6*20.31~LQ*HE*N381~CLP*000100042874*1*272.99*96.14**MC*2020317051876~NM1*QC*1*MARTINEZ*SHAREE****MR*M754320~NM1*82*1*GRONEMEYER*LEANNE*R***XX*1659521045~REF*EA*36E41D8BE8E14488BD15A6D82B26F5CA~DTM*232*20201022~DTM*233*20201022~SVC*HC:99214*272.99*96.14**1~DTM*472*20201022~CAS*CO*45*176.85~REF*6R*CPDEQ6EQ2GFP~AMT*B6*96.14~LQ*HE*N45~LQ*HE*N381~CLP*000100042833*1*178.3*63.15*2*MC*2020317051149~NM1*QC*1*MAURO*DESTINY*L***MR*Y045097~NM1*82*1*HOOSHMAND-PARSI*KAYHOSROW****XX*1447291851~REF*EA*F6CA4967ACCC4E2DA8E0FE288C8F9717~DTM*232*20201022~DTM*233*20201022~SVC*HC:99213*178.3*63.15**1~DTM*472*20201022~CAS*PR*3*2~CAS*CO*45*113.15~REF*6R*CPDE1882POH0~AMT*B6*65.15~LQ*HE*N45~LQ*HE*N381~LQ*HE*N381~CLP*000100041108*1*15*7.34*1*MC*2020317052156~NM1*QC*1*MCGHEE*LYNETTE*M***MR*J882751~NM1*82*1*SEARLES*DENISE*A***XX*1396971230~REF*EA*395210FD52C54335893637B31BDA218A~DTM*232*20200923~DTM*233*20200923~SVC*HC:81025*15*7.34**1~DTM*472*20200923~CAS*PR*3*1~CAS*CO*45*6.66~REF*6R*CPC29J35CZ2J~AMT*B6*8.34~LQ*HE*N59~LQ*HE*N381~LQ*HE*N381~CLP*000100042948*1*178.3*63.15*2*MC*2020317052165~NM1*QC*1*MEDINA*DESTINY*R***MR*R556688~NM1*82*1*CADDALI*ESTRELLA*A***XX*1164974580~REF*EA*CEE6A34CB45A4363AC36544775685793~DTM*232*20201023~DTM*233*20201023~SVC*HC:99213*178.3*63.15**1~DTM*472*20201023~CAS*PR*3*2~CAS*CO*45*113.15~REF*6R*CPDER1WSWVU4~AMT*B6*65.15~LQ*HE*N45~LQ*HE*N381~LQ*HE*N381~CLP*000100040381*1*15*8.34**MC*2020317051796~NM1*QC*1*MONSON*SAVANNAH*R***MR*U391305~NM1*82*1*GRONEMEYER*LEANNE*R***XX*1659521045~REF*EA*B2693CE524304DD9BBA7C8A8714DC3F4~DTM*232*20200910~DTM*233*20200910~SVC*HC:81025*15*8.34**1~DTM*472*20200910~CAS*CO*45*6.66~REF*6R*CPC2ZCWQ3OV8~AMT*B6*8.34~LQ*HE*N59~LQ*HE*N381~CLP*000100038990*1*15*8.34**MC*2020317051812~NM1*QC*1*MONSON*SAVANNAH*R***MR*U391305~NM1*82*1*GRONEMEYER*LEANNE*R***XX*1659521045~REF*EA*9B8E8335ABCA441DAAFC9522AE0F8015~DTM*232*20200812~DTM*233*20200812~SVC*HC:81025*15*8.34**1~DTM*472*20200812~CAS*CO*45*6.66~REF*6R*CPC2Q6IAO1BD~AMT*B6*8.34~LQ*HE*N59~LQ*HE*N381~CLP*000100039301*1*50*10.81**MC*2020317051731~NM1*QC*1*PALMERI*MARCO*L***MR*K220548~NM1*82*1*SEARLES*DENISE*A***XX*1396971230~REF*EA*B066DF816D9641BC8C526C4D58DAAEE2~DTM*232*20200818~DTM*233*20200818~SVC*HC:H0049*50*10.81**1~DTM*472*20200818~CAS*CO*45*39.19~REF*6R*CPC2GZR1ZWRL~AMT*B6*10.81~LQ*HE*N59~LQ*HE*N381~CLP*000100042992*1*272.99*96.14**MC*2020317050865~NM1*QC*1*PALUMBO*MICHAELA*S***MR*S474311~NM1*82*1*TSAMBIKOS*RICHARD****XX*1467985713~REF*EA*08FAEE1FC75647C6AF56BC98EF556DBF~DTM*232*20201027~DTM*233*20201027~SVC*HC:99214*272.99*96.14**1~DTM*472*20201027~CAS*CO*45*176.85~REF*6R*CPDE6WC4RFSD~AMT*B6*96.14~LQ*HE*N45~LQ*HE*N381~CLP*000100042728*1*312.06*113.79**MC*2020317052016~NM1*QC*1*PAULSEN*STACY*C***MR*W216187~NM1*82*1*CADDALI*ESTRELLA*A***XX*1164974580~REF*EA*2FF3FDAF9BB74E4083310C125C3690AD~DTM*232*20201021~DTM*233*20201021~SVC*HC:99396*312.06*113.79**1~DTM*472*20201021~CAS*CO*45*198.27~REF*6R*CPDEO7ET48GC~AMT*B6*113.79~LQ*HE*N45~LQ*HE*N381~CLP*000100039089*1*15*8.34**MC*2020317051433~NM1*QC*1*QUINTANA*DANIELLE*A***MR*N559116~NM1*82*1*SEARLES*DENISE*A***XX*1396971230~REF*EA*2DD7B3AEA6BA4F9FA8E6FBEEEF29A925~DTM*232*20200813~DTM*233*20200813~SVC*HC:81025*15*8.34**1~DTM*472*20200813~CAS*CO*45*6.66~REF*6R*CPC21S9YACA1~AMT*B6*8.34~LQ*HE*N59~LQ*HE*N381~CLP*000100042627*1*266.83*104.73**MC*2020317051493~NM1*QC*1*RIVERA*MANUEL*J***MR*I331935~NM1*82*1*CADDALI*ESTRELLA*A***XX*1164974580~REF*EA*9354CFFCDFEB45D38831CEF46A54F0E7~DTM*232*20201020~DTM*233*20201020~SVC*HC:99213:25*178.3*65.15**1~DTM*472*20201020~CAS*CO*45*113.15~REF*6R*CPDEKVBYEGXP~AMT*B6*65.15~LQ*HE*N45~LQ*HE*N381~SVC*HC:90471*53.53*19.27**1~DTM*472*20201020~CAS*CO*45*34.26~REF*6R*CPDE8SYDG8N7~AMT*B6*19.27~LQ*HE*N45~LQ*HE*N381~SVC*HC:90756*35*20.31**1~DTM*472*20201020~CAS*CO*45*14.69~REF*6R*CPDE6942VNTS~AMT*B6*20.31~LQ*HE*N381~CLP*000100042904*1*178.3*63.15*2*MC*2020317051709~NM1*QC*1*ROMERO*JOSEPH*P***MR*G715842~NM1*82*1*CADDALI*ESTRELLA*A***XX*1164974580~REF*EA*E473B2824BA7420FB6D9FFF0B8931C26~DTM*232*20201023~DTM*233*20201023~SVC*HC:99213*178.3*63.15**1~DTM*472*20201023~CAS*PR*3*2~CAS*CO*45*113.15~REF*6R*CPDEHAC82BDZ~AMT*B6*65.15~LQ*HE*N45~LQ*HE*N381~LQ*HE*N381~CLP*000100035611*1*105*49.86**MC*2020317051073~NM1*QC*1*ROPER*RACHEL*L***MR*U744941~NM1*82*1*HOOSHMAND-PARSI*KAYHOSROW****XX*1447291851~REF*EA*D1EE4C7AB9E54724A9A8A7C8C2597ACC~DTM*232*20200602~DTM*233*20200602~SVC*HC:H0049*50*10.92**1~DTM*472*20200602~CAS*CO*45*39.08~REF*6R*CPC2T0CEWBE6~AMT*B6*10.92~LQ*HE*N59~LQ*HE*N381~SVC*HC:G8431*40*30.52**1~DTM*472*20200602~CAS*CO*45*9.48~REF*6R*CPC22UV777OW~AMT*B6*30.52~LQ*HE*N59~LQ*HE*N381~SVC*HC:81025*15*8.42**1~DTM*472*20200602~CAS*CO*45*6.58~REF*6R*CPC2VFFPGEIY~AMT*B6*8.42~LQ*HE*N59~LQ*HE*N381~CLP*000100042643*1*266.83*104.73**MC*2020317051336~NM1*QC*1*RUIZ*EVELYN****MR*Y265942~NM1*82*1*CADDALI*ESTRELLA*A***XX*1164974580~REF*EA*D8FBBC7C83AB4A5BAE3956C42D561852~DTM*232*20201020~DTM*233*20201020~SVC*HC:99213:25*178.3*65.15**1~DTM*472*20201020~CAS*CO*45*113.15~REF*6R*CPDE0BPE5C8D~AMT*B6*65.15~LQ*HE*N45~LQ*HE*N381~SVC*HC:90471*53.53*19.27**1~DTM*472*20201020~CAS*CO*45*34.26~REF*6R*CPDECER2W50I~AMT*B6*19.27~LQ*HE*N45~LQ*HE*N381~SVC*HC:90756*35*20.31**1~DTM*472*20201020~CAS*CO*45*14.69~REF*6R*CPDE4BJ5BMUS~AMT*B6*20.31~LQ*HE*N381~CLP*000100042748*1*182.3*68.52**MC*2020317052102~NM1*QC*1*SAIS*PHILIP*R***MR*T398012~NM1*82*1*CADDALI*ESTRELLA*A***XX*1164974580~REF*EA*B6F8A0FD53714A44866B97F115F666EF~DTM*232*20201021~DTM*233*20201021~SVC*HC:99213:25*178.3*65.15**1~DTM*472*20201021~CAS*CO*45*113.15~REF*6R*CPDEIURKV1D9~AMT*B6*65.15~LQ*HE*N45~LQ*HE*N381~SVC*HC:81002*4*3.37**1~DTM*472*20201021~CAS*CO*45*.63~REF*6R*CPDENP0VLEBB~AMT*B6*3.37~LQ*HE*N381~CLP*000100041420*1*90*41.02**MC*2020317051771~NM1*QC*1*SALAZAR*RICHARD*J***MR*K921442~NM1*82*1*SEARLES*DENISE*A***XX*1396971230~REF*EA*D8D32B4D7A2941E18902455061470686~DTM*232*20200929~DTM*233*20200929~SVC*HC:G8431*40*30.21**1~DTM*472*20200929~CAS*CO*45*9.79~REF*6R*CPC2AI69ZBQH~AMT*B6*30.21~LQ*HE*N59~LQ*HE*N45~LQ*HE*N381~SVC*HC:H0049*50*10.81**1~DTM*472*20200929~CAS*CO*45*39.19~REF*6R*CPC2HV808PWE~AMT*B6*10.81~LQ*HE*N59~LQ*HE*N381~CLP*000100040690*1*15*8.34**MC*2020317052312~NM1*QC*1*SANCHEZ*LEANNA*A***MR*L179099~NM1*82*1*GRONEMEYER*LEANNE*R***XX*1659521045~REF*EA*589059CEA03B4029B69BF5A62C789E0E~DTM*232*20200916~DTM*233*20200916~SVC*HC:81025*15*8.34**1~DTM*472*20200916~CAS*CO*45*6.66~REF*6R*CPC2HR8Q1UNY~AMT*B6*8.34~LQ*HE*N59~LQ*HE*N381~CLP*000100042689*1*88.54*39**MC*2020317051539~NM1*QC*1*SANCHEZ*MARIO****MR*L108247~NM1*82*1*HOOSHMAND-PARSI*KAYHOSROW****XX*1447291851~REF*EA*B912F94E7EB742ABA1AC008D63E056BF~DTM*232*20201020~DTM*233*20201020~SVC*HC:99212*88.54*39**1~DTM*472*20201020~CAS*CO*45*49.54~REF*6R*CPDEAYGW618M~AMT*B6*39~LQ*HE*N45~LQ*HE*N381~CLP*000100037866*1*50*10.81**MC*2020317051243~NM1*QC*1*SANTISTEVAN*KEANA*L***MR*S912880~NM1*82*1*GRONEMEYER*LEANNE*R***XX*1659521045~REF*EA*F7CC3A14D0264D669176A59A9AB265C6~DTM*232*20200721~DTM*233*20200721~SVC*HC:H0049*50*10.81**1~DTM*472*20200721~CAS*CO*45*39.19~REF*6R*CPC2PQY4IBDS~AMT*B6*10.81~LQ*HE*N77~LQ*HE*N381~CLP*000100042851*1*178.3*65.15**MC*2020317052063~NM1*QC*1*SANTISTEVAN*MARILYN****MR*J932671~NM1*82*1*HOOSHMAND-PARSI*KAYHOSROW****XX*1447291851~REF*EA*0749F87806F644AD95C8EE2E917B002C~DTM*232*20201022~DTM*233*20201022~SVC*HC:99213*178.3*65.15**1~DTM*472*20201022~CAS*CO*45*113.15~REF*6R*CPDEXHQY9Z6N~AMT*B6*65.15~LQ*HE*N45~LQ*HE*N381~CLP*000100042816*1*555.07*197.45**MC*2020317050837~NM1*QC*1*SHAHSAVARY*DANICA*R***MR*U700851~NM1*82*1*WARE*SONDRA*E***XX*1386181444~REF*EA*E84CC50830CA4FD2921B3D634736023A~DTM*232*20201022~DTM*233*20201022~SVC*HC:99204:25*450.07*148.09**1~DTM*472*20201022~CAS*CO*45*301.98~REF*6R*CPDEC33YIP8Z~AMT*B6*148.09~LQ*HE*N45~LQ*HE*N381~SVC*HC:81025*15*8.34**1~DTM*472*20201022~CAS*CO*45*6.66~REF*6R*CPDEXIRXDGY8~AMT*B6*8.34~LQ*HE*N381~SVC*HC:H0049*50*10.81**1~DTM*472*20201022~CAS*CO*45*39.19~REF*6R*CPDEBZU6ZHMO~AMT*B6*10.81~LQ*HE*N381~SVC*HC:G8431*40*30.21**1~DTM*472*20201022~CAS*CO*45*9.79~REF*6R*CPDEPI0NR0JK~AMT*B6*30.21~LQ*HE*N45~LQ*HE*N381~CLP*000100042762*1*280.17*104.49**MC*2020317051966~NM1*QC*1*STROUP*ANDREW****MR*G312434~NM1*82*1*TSAMBIKOS*RICHARD****XX*1467985713~REF*EA*085EFFF948104E5E8521659217896FFA~DTM*232*20201021~DTM*233*20201021~SVC*HC:99394*280.17*104.49**1~DTM*472*20201021~CAS*CO*45*175.68~REF*6R*CPDE27AL6I0C~AMT*B6*104.49~LQ*HE*N45~LQ*HE*N381~CLP*000100041313*1*15*8.34**MC*2020317050785~NM1*QC*1*TABARES*ANGELA****MR*V900344~NM1*82*1*HOOSHMAND-PARSI*KAYHOSROW****XX*1447291851~REF*EA*47EEE98C802349ECAD9E615723A589B4~DTM*232*20200928~DTM*233*20200928~SVC*HC:81025*15*8.34**1~DTM*472*20200928~CAS*CO*45*6.66~REF*6R*CPC2YGD7ZO7I~AMT*B6*8.34~LQ*HE*N59~LQ*HE*N381~CLP*000100040240*1*15*8.34**MC*2020317050816~NM1*QC*1*TABARES*ANGELA****MR*V900344~NM1*82*1*HOOSHMAND-PARSI*KAYHOSROW****XX*1447291851~REF*EA*D82FC3A917A84A0C931316F7F0B82C08~DTM*232*20200908~DTM*233*20200908~SVC*HC:81025*15*8.34**1~DTM*472*20200908~CAS*CO*45*6.66~REF*6R*CPC2WAHN2NVZ~AMT*B6*8.34~LQ*HE*N59~LQ*HE*N381~CLP*000100040965*1*15*8.34**MC*2020317050821~NM1*QC*1*TABARES*ANGELA****MR*V900344~NM1*82*1*HOOSHMAND-PARSI*KAYHOSROW****XX*1447291851~REF*EA*DC51A63FA449475EB7995566B64B5B6B~DTM*232*20200922~DTM*233*20200922~SVC*HC:81025*15*8.34**1~DTM*472*20200922~CAS*CO*45*6.66~REF*6R*CPC28M88I8UJ~AMT*B6*8.34~LQ*HE*N59~LQ*HE*N381~CLP*000100040036*1*15*8.34**MC*2020317050828~NM1*QC*1*TABARES*ANGELA****MR*V900344~NM1*82*1*HOOSHMAND-PARSI*KAYHOSROW****XX*1447291851~REF*EA*8E9D1F8FE13F4D16B36F3120301BBD31~DTM*232*20200902~DTM*233*20200902~SVC*HC:81025*15*8.34**1~DTM*472*20200902~CAS*CO*45*6.66~REF*6R*CPC22NOW3P8Q~AMT*B6*8.34~LQ*HE*N59~LQ*HE*N381~CLP*000100041425*1*15*8.34**MC*2020317051468~NM1*QC*1*TANKSLEY*DAYSHA*A***MR*O203621~NM1*82*1*HOOSHMAND-PARSI*KAYHOSROW****XX*1447291851~REF*EA*CC6C0F3B809C413A95FD947D82FB0628~DTM*232*20200929~DTM*233*20200929~SVC*HC:81025*15*8.34**1~DTM*472*20200929~CAS*CO*45*6.66~REF*6R*CPC22IMJTPZL~AMT*B6*8.34~LQ*HE*N59~LQ*HE*N381~CLP*000100039060*1*50*10.81**MC*2020317051759~NM1*QC*1*TRUJILLO*CHRISTA*J***MR*Y845938~NM1*82*1*SEARLES*DENISE*A***XX*1396971230~REF*EA*98542F6FC6A243F1A41A550BC400F6E1~DTM*232*20200813~DTM*233*20200813~SVC*HC:H0049*50*10.81**1~DTM*472*20200813~CAS*CO*45*39.19~REF*6R*CPC2ETWHI19Q~AMT*B6*10.81~LQ*HE*N59~LQ*HE*N381~CLP*000100042720*1*272.99*96.14**MC*2020317051371~NM1*QC*1*ULIBARRI*STEPHANIE*R***MR*W341555~NM1*82*1*CADDALI*ESTRELLA*A***XX*1164974580~REF*EA*D1DDDE8E9FC1401997D5F47374DF45C8~DTM*232*20201021~DTM*233*20201021~SVC*HC:99214*272.99*96.14**1~DTM*472*20201021~CAS*CO*45*176.85~REF*6R*CPDEIAXVAYMQ~AMT*B6*96.14~LQ*HE*N45~LQ*HE*N381~CLP*000100041121*1*1805*1257.8**MC*2020317051403~NM1*QC*1*URIE*NATHAN*J***MR*Y183401~NM1*82*1*GRONEMEYER*LEANNE*R***XX*1659521045~REF*EA*C2B093BF43704EEE9619FE447E1B9109~DTM*232*20200923~DTM*233*20200923~SVC*HC:J2315*1805*1257.8**380~DTM*472*20200923~CAS*CO*45*547.2~REF*6R*CPC2SDCO38NA~AMT*B6*1257.8~LQ*HE*N59~LQ*HE*N381~CLP*000100043024*1*178.3*65.15**MC*2020317052342~NM1*QC*1*VALDEZ*ESTEBAN*F***MR*M468194~NM1*82*1*CADDALI*ESTRELLA*A***XX*1164974580~REF*EA*BA393A2C01A846A2B85E6DE438DD8C7D~DTM*232*20201027~DTM*233*20201027~SVC*HC:99213*178.3*65.15**1~DTM*472*20201027~CAS*CO*45*113.15~REF*6R*CPDESWXHTKZ3~AMT*B6*65.15~LQ*HE*N45~LQ*HE*N381~CLP*000100042680*1*178.3*65.15**MC*2020317051229~NM1*QC*1*WAL*KORRA*N***MR*P498567~NM1*82*1*CADDALI*ESTRELLA*A***XX*1164974580~REF*EA*C2BEF5F2C5E24B75BF454A6A4E65AFB0~DTM*232*20201020~DTM*233*20201020~SVC*HC:99213*178.3*65.15**1~DTM*472*20201020~CAS*CO*45*113.15~REF*6R*CPDE8CW5OKB6~AMT*B6*65.15~LQ*HE*N45~LQ*HE*N381~CLP*000100042933*1*178.3*65.15**MC*2020317051019~NM1*QC*1*WALKER*CHANTEL*R***MR*P824583~NM1*82*1*CADDALI*ESTRELLA*A***XX*1164974580~REF*EA*2067648C317D493181546D8DEABAB73D~DTM*232*20201023~DTM*233*20201023~SVC*HC:99213*178.3*65.15**1~DTM*472*20201023~CAS*CO*45*113.15~REF*6R*CPDEBEFCIBLH~AMT*B6*65.15~LQ*HE*N45~LQ*HE*N381~CLP*000100041423*1*15*7.34*1*MC*2020317051317~NM1*QC*1*YOUNGBLOOD*CASSIDY****MR*Y096253~NM1*82*1*HOOSHMAND-PARSI*KAYHOSROW****XX*1447291851~REF*EA*8E5EB62D965C48B98EA19B9AFDED1EE3~DTM*232*20200929~DTM*233*20200929~SVC*HC:81025*15*7.34**1~DTM*472*20200929~CAS*PR*3*1~CAS*CO*45*6.66~REF*6R*CPC20YZ1XRNQ~AMT*B6*8.34~LQ*HE*N59~LQ*HE*N381~LQ*HE*N381~CLP*000100042277*4*272.99*0**MC*2020317052306~NM1*QC*1*GETTERLY*VALENE****MR*Y215953~NM1*82*1*WARE*SONDRA*E***XX*1386181444~REF*EA*AA26D98BCA0B463F8B19A5FCED3E7730~DTM*232*20201014~DTM*233*20201014~SVC*HC:99214*272.99*0**0**1~DTM*472*20201014~CAS*PI*16*272.99~REF*6R*CPDE7UJ81SPL~LQ*HE*N30~LQ*HE*MA92~LQ*HE*MA92~LQ*HE*MA92~LQ*HE*N56~CLP*000100041959*4*53.53*0**MC*2020317051581~NM1*QC*1*MALONE*CAROL*I***MR*E322615~NM1*82*1*CADDALI*ESTRELLA*A***XX*1164974580~REF*EA*A8F68233FDD64513BB8899B7CA3DBF56~DTM*232*20201008~DTM*233*20201008~SVC*HC:90471*53.53*0**0**1~DTM*472*20201008~CAS*PI*16*53.53~REF*6R*CPDEUH2AY6D9~LQ*HE*N45~LQ*HE*M51~LQ*HE*N381~CLP*000100041997*4*217.66*0**MC*2020317050732~NM1*QC*1*ORTEGA*PHILLIP*T***MR*B479228~NM1*82*1*LEWIS*HOLLY*G***XX*1295234128~REF*EA*1D23DE15729B481F8104DA5B0F9DB5D3~DTM*232*20201008~DTM*233*20201008~SVC*HC:90832*217.66*0**0**1~DTM*472*20201008~CAS*PI*16*217.66~REF*6R*CPDECXXS2VGQ~LQ*HE*N381~CLP*000100039707*4*178.3*0**MC*2020317051949~NM1*QC*1*ROBINSON*JASMINE*R***MR*Y094819~NM1*82*1*CADDALI*ESTRELLA*A***XX*1164974580~REF*EA*14E58B21E58847BAB4044AB309A576BD~DTM*232*20200826~DTM*233*20200826~SVC*HC:99213*178.3*0**0**1~DTM*472*20200826~CAS*PI*16*178.3~REF*6R*CPDU0FXFD205~LQ*HE*N30~LQ*HE*MA92~LQ*HE*MA92~CLP*000100038961*4*272.99*0**MC*2020317051956~NM1*QC*1*ROBINSON*JASMINE*R***MR*Y094819~NM1*82*1*CADDALI*ESTRELLA*A***XX*1164974580~REF*EA*7C5F58DE9D6246919E7341337F8B2358~DTM*232*20200812~DTM*233*20200812~SVC*HC:99214*272.99*0**0**1~DTM*472*20200812~CAS*PI*16*272.99~REF*6R*CPDE4AUAS6ER~LQ*HE*N30~LQ*HE*MA92~LQ*HE*MA92~CLP*000100039861*4*178.3*0**MC*2020317051957~NM1*QC*1*ROBINSON*JASMINE*R***MR*Y094819~NM1*82*1*TSAMBIKOS*RICHARD****XX*1467985713~REF*EA*6974DA1C96C74376B3A9730BD5A5E95F~DTM*232*20200828~DTM*233*20200828~SVC*HC:99213:25*178.3*0**0**1~DTM*472*20200828~CAS*PI*16*178.3~REF*6R*CPDEXD4JB8E7~LQ*HE*N30~LQ*HE*MA92~LQ*HE*MA92~CLP*000100040013*4*178.3*0**MC*2020317051961~NM1*QC*1*ROBINSON*JASMINE*R***MR*Y094819~NM1*82*1*CADDALI*ESTRELLA*A***XX*1164974580~REF*EA*CBC24F6F4AA74107ABBF6B55276725FA~DTM*232*20200902~DTM*233*20200902~SVC*HC:99213*178.3*0**0**1~DTM*472*20200902~CAS*PI*16*178.3~REF*6R*CPDE0UQPUF0Y~LQ*HE*N30~LQ*HE*MA92~LQ*HE*MA92~CLP*000100042629*4*88.54*0**MC*2020317050749~NM1*QC*1*STOCKTON*JACKLYN*M***MR*V963276~NM1*82*1*LEWIS*HOLLY*G***XX*1295234128~REF*EA*B09E904954FD49E6A5797FB8E7EDBE9D~DTM*232*20201020~DTM*233*20201020~SVC*HC:H0002*88.54*0**0**1~DTM*472*20201020~CAS*PI*5*88.54~REF*6R*CPDEBYR3U2N5~LQ*HE*M77~LQ*HE*N519~CLP*000100042792*4*417.66*0**MC*2020317052378~NM1*QC*1*THOMAS*WILLIAM*J***MR*D858163~NM1*82*1*CADDALI*ESTRELLA*A***XX*1164974580~REF*EA*9BC3CA8231B248FABED1A2630B4648D1~DTM*232*20201021~DTM*233*20201021~SVC*HC:99214:25*272.99*0**0**1~DTM*472*20201021~CAS*PI*16*272.99~REF*6R*CPDE139GK2YT~LQ*HE*MA63~LQ*HE*MA92~LQ*HE*MA92~LQ*HE*MA92~LQ*HE*MA64~LQ*HE*MA64~LQ*HE*MA64~LQ*HE*N56~LQ*HE*N56~SVC*HC:93000*54.67*0**0**1~DTM*472*20201021~CAS*PI*16*54.67~REF*6R*CPDEXI0XCGJX~LQ*HE*MA63~LQ*HE*MA92~LQ*HE*MA92~LQ*HE*MA92~LQ*HE*MA64~LQ*HE*MA64~LQ*HE*MA64~LQ*HE*N56~LQ*HE*N56~SVC*HC:H0049*50*0**0**1~DTM*472*20201021~CAS*PI*16*50~REF*6R*CPDEUX30J10E~LQ*HE*MA63~LQ*HE*MA64~LQ*HE*MA64~LQ*HE*MA64~LQ*HE*N56~LQ*HE*N56~SVC*HC:G8431*40*0**0**1~DTM*472*20201021~CAS*PI*16*40~REF*6R*CPDE7RHRI1H2~LQ*HE*MA63~LQ*HE*MA92~LQ*HE*MA92~LQ*HE*MA92~LQ*HE*MA64~LQ*HE*MA64~LQ*HE*MA64~LQ*HE*N56~LQ*HE*N56~CLP*000100031805*4*134*0**MC*2020317050858~NM1*QC*1*TRUJILLO*YVONNE****MR*C027869~NM1*82*1*GRONEMEYER*LEANNE*R***XX*1659521045~REF*EA*995B991B3C9B4809A28766FA8753A0F1~DTM*232*20200319~DTM*233*20200319~SVC*HC:99214*134*0**0**1~DTM*472*20200319~CAS*PI*16*134~REF*6R*CPDESYJRW66C~LQ*HE*N30~LQ*HE*MA92~LQ*HE*MA92~CLP*000100042471*4*272.99*0**MC*2020317051167~NM1*QC*1*VELARDE*JUSTIN*R***MR*Y451369~NM1*82*1*WARE*SONDRA*E***XX*1386181444~REF*EA*4641592140A243C0ABEBDBB96084C36D~DTM*232*20201016~DTM*233*20201016~SVC*HC:99214*272.99*0**0**1~DTM*472*20201016~CAS*PI*16*272.99~REF*6R*CPDEKQHO1VMX~LQ*HE*N45~LQ*HE*N56~LQ*HE*N381~SE*1694*000010012~GE*1*200000683~IEA*1*200000683~