ISA*00*          *00*          *ZZ*COMEDASSISTPROG*ZZ*6769489        *201019*0233*^*00501*100027053*0*P*:~GS*HP*COMEDASSISTPROG*6769489*20201019*023343*100027053*X*005010X221A1~ST*835*000010012~BPR*I*8043.37*C*ACH*CCP*01*075911603*DA*00000004556640373*1811725341**01*102106569*DA*2200002989138*20201019~TRN*1*001115243*1811725341~REF*EV*1508250911~DTM*405*20201016~N1*PR*CO_TXIX*XV*7912900843~N3*P.O. BOX 30~N4*DENVER*CO*80201~PER*CX*MEDICAID PROVIDER SERVICES*TE*8442352387~PER*BL*MEDICAID PROVIDER SERVICES*TE*8442352387~N1*PE*HEALTH SOLUTIONS MED CENTER*XX*1508250911~REF*TJ*841158933~LX*1~CLP*000100040540*2*272.99*19**MC*2020284001992~NM1*QC*1*BACA*FLORA*J***MR*N338297~NM1*82*1*GRONEMEYER*LEANNE*R***XX*1659521045~REF*EA*CBE1EB7FE83C4B16BA1B0C83A22BFF4E~DTM*232*20200914~DTM*233*20200914~SVC*HC:99214*272.99*19**1~DTM*472*20200914~CAS*CO*45*253.99~REF*6R*CPUYDZFNA94B~AMT*B6*19~LQ*HE*N45~LQ*HE*N381~LQ*HE*N381~CLP*000100040746*2*272.99*95.01**MC*2020284002001~NM1*QC*1*DIAZ ZERMENO*MARIA*D***MR*Y492828~NM1*74*1*DIAZ**J~NM1*82*1*GRONEMEYER*LEANNE*R***XX*1659521045~REF*EA*F521E815ACF240FC8B59D53C405A5A9D~DTM*232*20200917~DTM*233*20200917~SVC*HC:99214*272.99*95.01**1~DTM*472*20200917~CAS*CO*45*177.98~REF*6R*CP2MERB9DTP3~AMT*B6*95.01~LQ*HE*N45~LQ*HE*N381~LQ*HE*N381~CLP*000100040104*2*178.3*12.69**MC*2020284001994~NM1*QC*1*FENWICK*SUSAN****MR*I982356~NM1*82*1*CADDALI*ESTRELLA*A***XX*1164974580~REF*EA*51E254EC938E44069B12A6103BCC7DAD~DTM*232*20200903~DTM*233*20200903~SVC*HC:99213*178.3*12.69**1~DTM*472*20200903~CAS*CO*45*165.61~REF*6R*CPUYHZY4MPYG~AMT*B6*12.69~LQ*HE*N45~LQ*HE*N381~LQ*HE*N381~CLP*000100040162*2*178.3*3.44**MC*2020284001997~NM1*QC*1*FORTUNE*CATHERINE*M***MR*O812250~NM1*82*1*HOOSHMAND-PARSI*KAYHOSROW****XX*1447291851~REF*EA*12C25DA2E9A54D428CD51C21E3342A84~DTM*232*20200903~DTM*233*20200903~SVC*HC:99213*178.3*3.44**1~DTM*472*20200903~CAS*CO*45*174.86~REF*6R*CPUY1X7O8SYX~AMT*B6*3.44~LQ*HE*N45~LQ*HE*N381~LQ*HE*N381~CLP*000100040239*2*178.3*12.69**MC*2020284001983~NM1*QC*1*MARRONE*JOHN*H***MR*G491256~NM1*82*1*SEARLES*DENISE*A***XX*1396971230~REF*EA*B80934C04F4C436A9E7DFB79CB435673~DTM*232*20200908~DTM*233*20200908~SVC*HC:99213*178.3*12.69**1~DTM*472*20200908~CAS*CO*45*165.61~REF*6R*CPUYQ6D4JQH2~AMT*B6*12.69~LQ*HE*N45~LQ*HE*N381~LQ*HE*N381~CLP*000100040330*2*316.11*18.98**MC*2020284001999~NM1*QC*1*REINSMITH*GARY****MR*G105684~NM1*82*1*CADDALI*ESTRELLA*A***XX*1164974580~REF*EA*39BE7779B3994F84925EAA4B5EEF6E9C~DTM*232*20200909~DTM*233*20200909~SVC*HC:99213*178.3*12.69**1~DTM*472*20200909~CAS*CO*45*165.61~REF*6R*CPUYOMHSKI8F~AMT*B6*12.69~LQ*HE*N45~LQ*HE*N381~LQ*HE*N381~SVC*HC:G0444*30.75*0**1~DTM*472*20200909~CAS*CO*45*30.75~REF*6R*CPUY4SG2PM7M~SVC*HC:G0396*107.06*6.29**1~DTM*472*20200909~CAS*OA*P22*100.77~REF*6R*CPUY434PFSA1~AMT*B6*6.29~LQ*HE*MA125~LQ*HE*MA125~CLP*37710*2*272.99*40**MC*2220287005534~NM1*QC*1*TORRES*MIGUEL*L***MR*M887971~DTM*232*20200717~DTM*233*20200717~SVC*HC:99214*272.99*40**1~DTM*472*20200717~CAS*CO*45*232.99~REF*HPI*1396971230~AMT*B6*40~LQ*HE*N45~LQ*HE*N381~LQ*HE*N381~CLP*38420*2*272.99*40**MC*2220287005564~NM1*QC*1*TORRES*MIGUEL*L***MR*M887971~DTM*232*20200731~DTM*233*20200731~SVC*HC:99214*272.99*40**1~DTM*472*20200731~CAS*CO*45*232.99~REF*HPI*1396971230~AMT*B6*40~LQ*HE*N45~LQ*HE*N381~LQ*HE*N381~CLP*000100040438*2*327.66*21.99**MC*2020284001986~NM1*QC*1*ZARATE*JOHN****MR*I805862~NM1*82*1*CADDALI*ESTRELLA*A***XX*1164974580~REF*EA*E0B72557C36B4509A1B51ADEBC017AA8~DTM*232*20200911~DTM*233*20200911~SVC*HC:99214:25*272.99*19**1~DTM*472*20200911~CAS*CO*45*253.99~REF*6R*CPUY2MXSBDI1~AMT*B6*19~LQ*HE*N45~LQ*HE*N381~LQ*HE*N381~SVC*HC:93000*54.67*2.99**1~DTM*472*20200911~CAS*CO*45*51.68~REF*6R*CPUYRMH74QVU~AMT*B6*2.99~LQ*HE*N381~LQ*HE*N381~CLP*000100041383*1*178.3*63.15*2*MC*2020289085469~NM1*QC*1*AMENDOLA*CATHERINE*L***MR*I798984~NM1*82*1*CADDALI*ESTRELLA*A***XX*1164974580~REF*EA*635A0E910CC142FB8EA88EFBBAA5F5BA~DTM*232*20200929~DTM*233*20200929~SVC*HC:99213*178.3*63.15**1~DTM*472*20200929~CAS*PR*3*2~CAS*CO*45*113.15~REF*6R*CP3Q875DY3EK~AMT*B6*65.15~LQ*HE*N45~LQ*HE*N381~LQ*HE*N381~CLP*000100041215*1*178.3*65.15**MC*2020289085478~NM1*QC*1*APODACA*ALEX****MR*G175017~NM1*82*1*GRONEMEYER*LEANNE*R***XX*1659521045~REF*EA*EBC5549EE74D4B939B776E15E3800CB7~DTM*232*20200924~DTM*233*20200924~SVC*HC:99213*178.3*65.15**1~DTM*472*20200924~CAS*CO*45*113.15~REF*6R*CP3QVUE2C3ZC~AMT*B6*65.15~LQ*HE*N45~LQ*HE*N381~CLP*000100041279*1*178.3*63.15*2*MC*2020289085306~NM1*QC*1*ARAGON*VICTORIA*E***MR*G735675~NM1*82*1*CADDALI*ESTRELLA*A***XX*1164974580~REF*EA*C4A34498B08A4B19907B0AC4E742DD23~DTM*232*20200925~DTM*233*20200925~SVC*HC:99213*178.3*63.15**1~DTM*472*20200925~CAS*PR*3*2~CAS*CO*45*113.15~REF*6R*CP3QD60GXVPZ~AMT*B6*65.15~LQ*HE*N45~LQ*HE*N381~LQ*HE*N381~CLP*000100039726*1*40*10.89**MC*2020289085062~NM1*QC*1*AUGUSTINE*BRIAN*C***MR*O105761~NM1*82*1*GRONEMEYER*LEANNE*R***XX*1659521045~REF*EA*3DAEF40BDEC944598CFFA85AC8C671B4~DTM*232*20200826~DTM*233*20200826~SVC*HC:G8510*40*10.89**1~DTM*472*20200826~CAS*CO*45*29.11~REF*6R*CP3Y4HK5GDBN~AMT*B6*10.89~LQ*HE*N59~LQ*HE*N45~LQ*HE*N381~CLP*000100039398*1*15*8.34**MC*2020289085088~NM1*QC*1*AVILA*KRISTA*M***MR*K943511~NM1*82*1*SEARLES*DENISE*A***XX*1396971230~REF*EA*FA69D00E3C4B4FE7B3954096B12DD518~DTM*232*20200819~DTM*233*20200819~SVC*HC:81025*15*8.34**1~DTM*472*20200819~CAS*CO*45*6.66~REF*6R*CP3E9GMDV16O~AMT*B6*8.34~LQ*HE*N59~LQ*HE*N381~CLP*000100041280*1*272.99*94.14*2*MC*2020289085416~NM1*QC*1*BAIRD*JEANIE*M***MR*G251794~NM1*82*1*TSAMBIKOS*RICHARD****XX*1467985713~REF*EA*3EB1A4597EB644B488E2E7AAAAD8F1F7~DTM*232*20200925~DTM*233*20200925~SVC*HC:99214*272.99*94.14**1~DTM*472*20200925~CAS*PR*3*2~CAS*CO*45*176.85~REF*6R*CP3Q8LHN8P2V~AMT*B6*96.14~LQ*HE*N45~LQ*HE*N381~LQ*HE*N381~CLP*000100041344*1*272.99*96.14**MC*2020289085422~NM1*QC*1*BAKER*LORI****MR*O807456~NM1*82*1*GRONEMEYER*LEANNE*R***XX*1659521045~REF*EA*05926056CF5B479789FEB359C183BDD1~DTM*232*20200928~DTM*233*20200928~SVC*HC:99214*272.99*96.14**1~DTM*472*20200928~CAS*CO*45*176.85~REF*6R*CP3QCK72VPQU~AMT*B6*96.14~LQ*HE*N45~LQ*HE*N381~CLP*000100035230*1*4*3.4**MC*2020289085065~NM1*QC*1*BALDERAS*SAMANTHA*J***MR*G790804~NM1*82*1*CADDALI*ESTRELLA*A***XX*1164974580~REF*EA*C4CE6C93525D40BB9B088E6BC14DBDF2~DTM*232*20200526~DTM*233*20200526~SVC*HC:81002*4*3.4**1~DTM*472*20200526~CAS*CO*45*.6~REF*6R*CP3QCF1516BO~AMT*B6*3.4~LQ*HE*N381~CLP*000100041100*1*773.75*319.75**MC*2020289085378~NM1*QC*1*BALFOUR*JORDAN****MR*Q409319~NM1*82*1*TSAMBIKOS*RICHARD****XX*1467985713~REF*EA*78ACAA5A05094BA596892BC692A102A5~DTM*232*20200923~DTM*233*20200923~SVC*HC:99204:25*450.07*148.09**1~DTM*472*20200923~CAS*CO*45*301.98~REF*6R*CP3QOZBNJIYY~AMT*B6*148.09~LQ*HE*N45~LQ*HE*N381~SVC*HC:90471*53.53*19.27**1~DTM*472*20200923~CAS*CO*45*34.26~REF*6R*CP3QIQ67C04S~AMT*B6*19.27~LQ*HE*N45~LQ*HE*N381~SVC*HC:90756*35*20.31**1~DTM*472*20200923~CAS*CO*45*14.69~REF*6R*CP3QVH9POI4V~AMT*B6*20.31~LQ*HE*N381~SVC*HC:90472*41*11.19**1~DTM*472*20200923~CAS*CO*45*29.81~REF*6R*CP3QYBBGCEBW~AMT*B6*11.19~LQ*HE*N45~LQ*HE*N381~SVC*HC:90732*104.15*99.19**1~DTM*472*20200923~CAS*CO*45*4.96~REF*6R*CP3QSVREO0OU~AMT*B6*99.19~LQ*HE*N381~SVC*HC:H0049*50*10.81**1~DTM*472*20200923~CAS*CO*45*39.19~REF*6R*CP3QKUVP3FTU~AMT*B6*10.81~LQ*HE*N381~SVC*HC:G8510*40*10.89**1~DTM*472*20200923~CAS*CO*45*29.11~REF*6R*CP3QPQBMZIAA~AMT*B6*10.89~LQ*HE*N45~LQ*HE*N381~CLP*000100039496*1*17.1*12.43**MC*2020289085164~NM1*QC*1*BEDNAREK*ASHLEY*D***MR*H319550~NM1*82*1*TSAMBIKOS*RICHARD****XX*1467985713~REF*EA*C03A477842F1484B957134A2CEE405A7~DTM*232*20200820~DTM*233*20200820~SVC*HC:99406*17.1*12.43**1~DTM*472*20200820~CAS*CO*45*4.67~REF*6R*CP36GHIUPY81~AMT*B6*12.43~LQ*HE*N59~LQ*HE*N45~LQ*HE*N381~CLP*000100038255*1*15*7.34*1*MC*2020289084956~NM1*QC*1*BERRY*JENNIFER****MR*O283085~NM1*82*1*GRONEMEYER*LEANNE*R***XX*1659521045~REF*EA*AB5162D6812D47F0B7EB4A3327617845~DTM*232*20200728~DTM*233*20200728~SVC*HC:81025*15*7.34**1~DTM*472*20200728~CAS*PR*3*1~CAS*CO*45*6.66~REF*6R*CP2UXDB1TPCL~AMT*B6*8.34~LQ*HE*N77~LQ*HE*N381~LQ*HE*N381~CLP*000100039330*1*15*8.34**MC*2020289084970~NM1*QC*1*BOULIER*JEWEL*R***MR*W913486~NM1*82*1*SEARLES*DENISE*A***XX*1396971230~REF*EA*13A2D9C1C64E45E7B41F467659C96462~DTM*232*20200818~DTM*233*20200818~SVC*HC:81025*15*8.34**1~DTM*472*20200818~CAS*CO*45*6.66~REF*6R*CP3ENL7XT3TZ~AMT*B6*8.34~LQ*HE*N59~LQ*HE*N381~CLP*000100041116*1*178.3*63.15*2*MC*2020289085493~NM1*QC*1*BOYER*KRISSY*M***MR*P863345~NM1*82*1*TSAMBIKOS*RICHARD****XX*1467985713~REF*EA*279474C711C444099D0669F5B3EE9ABB~DTM*232*20200923~DTM*233*20200923~SVC*HC:99213*178.3*63.15**1~DTM*472*20200923~CAS*PR*3*2~CAS*CO*45*113.15~REF*6R*CP3QX9XYUQIT~AMT*B6*65.15~LQ*HE*N45~LQ*HE*N381~LQ*HE*N381~CLP*000100041377*1*884.85*386.29**MC*2020289085459~NM1*QC*1*BRAND*JOSEPH****MR*P893185~NM1*82*1*TSAMBIKOS*RICHARD****XX*1467985713~REF*EA*822715FE0D54412092669BD6083377B9~DTM*232*20200929~DTM*233*20200929~SVC*HC:99204:25*450.07*148.09**1~DTM*472*20200929~CAS*CO*45*301.98~REF*6R*CP3QVCWNFSAD~AMT*B6*148.09~LQ*HE*N45~LQ*HE*N381~SVC*HC:90471*53.53*19.27**1~DTM*472*20200929~CAS*CO*45*34.26~REF*6R*CP3QGD81F00F~AMT*B6*19.27~LQ*HE*N45~LQ*HE*N381~SVC*HC:90756*35*20.31**1~DTM*472*20200929~CAS*CO*45*14.69~REF*6R*CP3Q59GNHG6I~AMT*B6*20.31~LQ*HE*N381~SVC*HC:90472*82*22.38**2~DTM*472*20200929~CAS*CO*45*59.62~REF*6R*CP3QH8Y9XO9T~AMT*B6*22.38~LQ*HE*N45~LQ*HE*N381~SVC*HC:90732*104.15*99.19**1~DTM*472*20200929~CAS*CO*45*4.96~REF*6R*CP3Q519HOK0Z~AMT*B6*99.19~LQ*HE*N381~SVC*HC:90715*53*42.92**1~DTM*472*20200929~CAS*CO*45*10.08~REF*6R*CP3QZG3V9JA1~AMT*B6*42.92~LQ*HE*N381~SVC*HC:99406*17.1*12.43**1~DTM*472*20200929~CAS*CO*45*4.67~REF*6R*CP3QV3EXWWTN~AMT*B6*12.43~LQ*HE*N45~LQ*HE*N381~SVC*HC:H0049*50*10.81**1~DTM*472*20200929~CAS*CO*45*39.19~REF*6R*CP3QM65V0BOB~AMT*B6*10.81~LQ*HE*N381~SVC*HC:G8510*40*10.89**1~DTM*472*20200929~CAS*CO*45*29.11~REF*6R*CP3QW22XJ6CV~AMT*B6*10.89~LQ*HE*N45~LQ*HE*N381~CLP*000100041155*1*35*20.31**MC*2020289085143~NM1*QC*1*BRANDT*RONALD*J***MR*J865988~NM1*82*1*GRONEMEYER*LEANNE*R***XX*1659521045~REF*EA*6F641DF1D8AA491D899A9F6DAA7C1604~DTM*232*20200924~DTM*233*20200924~SVC*HC:90756*35*20.31**1~DTM*472*20200924~CAS*CO*45*14.69~REF*6R*CP3Q8JA3IC4Q~AMT*B6*20.31~LQ*HE*N77~LQ*HE*N381~CLP*000100041155*1*365.59*133.06**MC*2020289085147~NM1*QC*1*BRANDT*RONALD*J***MR*J865988~NM1*82*1*GRONEMEYER*LEANNE*R***XX*1659521045~REF*EA*3FB81CDD369549ED9E1AA51E5BEF056E~DTM*232*20200924~DTM*233*20200924~SVC*HC:99396:25*312.06*113.79**1~DTM*472*20200924~CAS*CO*45*198.27~REF*6R*CP3QX4KNJUAQ~AMT*B6*113.79~LQ*HE*N45~LQ*HE*N381~SVC*HC:90471*53.53*19.27**1~DTM*472*20200924~CAS*CO*45*34.26~REF*6R*CP3Q4UIU0NB1~AMT*B6*19.27~LQ*HE*N45~LQ*HE*N381~CLP*000100041624*1*88.54*37*2*MC*2020289084848~NM1*QC*1*CHAZAN*MARY*L***MR*O800446~NM1*82*1*CADDALI*ESTRELLA*A***XX*1164974580~REF*EA*03063C82764D4E8AB34B9768EB2F1B3A~DTM*232*20201001~DTM*233*20201001~SVC*HC:99212*88.54*37**1~DTM*472*20201001~CAS*PR*3*2~CAS*CO*45*49.54~REF*6R*CP3Q47LBAND3~AMT*B6*39~LQ*HE*N45~LQ*HE*N381~LQ*HE*N381~CLP*000100039613*1*137*66.44**MC*2020289085149~NM1*QC*1*CHURCHFIELD*WHITNEY****MR*V281356~NM1*82*1*HOOSHMAND-PARSI*KAYHOSROW****XX*1447291851~REF*EA*5488E3BC89F8400382890E4988FCD76C~DTM*232*20200825~DTM*233*20200825~SVC*HC:81025*15*8.34**1~DTM*472*20200825~CAS*CO*45*6.66~REF*6R*CP363S5YG5RW~AMT*B6*8.34~LQ*HE*N59~LQ*HE*N381~SVC*HC:93000*54.67*21.29**1~DTM*472*20200825~CAS*CO*45*33.38~REF*6R*CP36AH99SD7L~AMT*B6*21.29~LQ*HE*N59~LQ*HE*N381~SVC*HC:86580*27.33*6.6**1~DTM*472*20200825~CAS*CO*45*20.73~REF*6R*CP36O0IQ115Y~AMT*B6*6.6~LQ*HE*N59~LQ*HE*N381~SVC*HC:G8431*40*30.21**1~DTM*472*20200825~CAS*CO*45*9.79~REF*6R*CP36U5OK9417~AMT*B6*30.21~LQ*HE*N59~LQ*HE*N45~LQ*HE*N381~CLP*000100040384*1*217.66*54.8**MC*2020289085337~NM1*QC*1*CLAUSSEN*COREY****MR*Q548496~NM1*82*1*SANCHEZ*LEANN*V***XX*1508990961~REF*EA*78A5C2A4D2164ACCB8C57C4CE1CE304D~DTM*232*20200910~DTM*233*20200910~SVC*HC:90832*217.66*54.8**1~DTM*472*20200910~CAS*CO*45*162.86~REF*6R*CP3QZMKABBAV~AMT*B6*54.8~LQ*HE*N59~LQ*HE*N381~CLP*000100041465*1*272.99*96.14**MC*2020289085397~NM1*QC*1*COCHRAN*CHRISTINA*D***MR*P015584~NM1*82*1*TSAMBIKOS*RICHARD****XX*1467985713~REF*EA*387E931DB1134656A2B18B6152B7B363~DTM*232*20200929~DTM*233*20200929~SVC*HC:99214*272.99*96.14**1~DTM*472*20200929~CAS*CO*45*176.85~REF*6R*CP3QJEX4V8US~AMT*B6*96.14~LQ*HE*N45~LQ*HE*N381~CLP*000100041167*1*266.83*103.37*1.36*MC*2020289085108~NM1*QC*1*CORDOVA*ROBYN*P***MR*J022143~NM1*82*1*CADDALI*ESTRELLA*A***XX*1164974580~REF*EA*DE898B487CC84E8EA14A3225B9A946C4~DTM*232*20200924~DTM*233*20200924~SVC*HC:99213:25*178.3*63.79**1~DTM*472*20200924~CAS*PR*3*1.36~CAS*CO*45*113.15~REF*6R*CP3QZJ6UBCZ3~AMT*B6*65.15~LQ*HE*N45~LQ*HE*N381~LQ*HE*N381~SVC*HC:90471*53.53*19.27**1~DTM*472*20200924~CAS*CO*45*34.26~REF*6R*CP3QT2AVQQPQ~AMT*B6*19.27~LQ*HE*N45~LQ*HE*N381~SVC*HC:90756*35*20.31**1~DTM*472*20200924~CAS*CO*45*14.69~REF*6R*CP3Q1GAWC18M~AMT*B6*20.31~LQ*HE*N381~CLP*000100041191*1*178.3*65.15**MC*2020289084990~NM1*QC*1*DAVIS*KELLY****MR*W637291~NM1*82*1*GRONEMEYER*LEANNE*R***XX*1659521045~REF*EA*85096332659940669FB677D3237C30DE~DTM*232*20200924~DTM*233*20200924~SVC*HC:99213*178.3*65.15**1~DTM*472*20200924~CAS*CO*45*113.15~REF*6R*CP3Q0TKFHR4N~AMT*B6*65.15~LQ*HE*N45~LQ*HE*N381~CLP*000100041552*1*272.99*96.14**MC*2020289085077~NM1*QC*1*DELACRUZ*DAVID*D***MR*Q466657~NM1*82*1*HOOSHMAND-PARSI*KAYHOSROW****XX*1447291851~REF*EA*3C97233FC4124037AB41EEC39A0EFD49~DTM*232*20200930~DTM*233*20200930~SVC*HC:99214*272.99*96.14**1~DTM*472*20200930~CAS*CO*45*176.85~REF*6R*CP3QYKQIZQP9~AMT*B6*96.14~LQ*HE*N45~LQ*HE*N381~CLP*000100041537*1*217.66*54.8**MC*2020289084817~NM1*QC*1*DOMINGUEZ*MICHAEL****MR*Y391845~NM1*82*1*LEWIS*HOLLY*G***XX*1295234128~REF*EA*487DCCC07DBF4613AA578E4913ECBECF~DTM*232*20200930~DTM*233*20200930~SVC*HC:90832*217.66*54.8**1~DTM*472*20200930~CAS*CO*45*162.86~REF*6R*CP3QRXRX9LW3~AMT*B6*54.8~LQ*HE*N381~CLP*000100039363*1*15*8.34**MC*2020289084878~NM1*QC*1*ELZY*BETHANY****MR*U829312~NM1*82*1*SEARLES*DENISE*A***XX*1396971230~REF*EA*A01A717AFE7D4890983616ABC5ABE72E~DTM*232*20200819~DTM*233*20200819~SVC*HC:81025*15*8.34**1~DTM*472*20200819~CAS*CO*45*6.66~REF*6R*CP3E2XA4HGCY~AMT*B6*8.34~LQ*HE*N59~LQ*HE*N381~CLP*000100041565*1*272.99*96.14**MC*2020289085298~NM1*QC*1*ESPINOZA*ELIJAH*J***MR*O197652~NM1*82*1*TSAMBIKOS*RICHARD****XX*1467985713~REF*EA*06898B5E12E54B87829A2CEFC2601D5F~DTM*232*20200930~DTM*233*20200930~SVC*HC:99214*272.99*96.14**1~DTM*472*20200930~CAS*CO*45*176.85~REF*6R*CP3QI825R42A~AMT*B6*96.14~LQ*HE*N45~LQ*HE*N381~CLP*000100041232*1*178.3*65.15**MC*2020289085095~NM1*QC*1*ESQUIBEL*SANTINO****MR*Y798815~NM1*82*1*CADDALI*ESTRELLA*A***XX*1164974580~REF*EA*3F3332BF9C7E45B1A82A8F8111A5E6FA~DTM*232*20200925~DTM*233*20200925~SVC*HC:99213*178.3*65.15**1~DTM*472*20200925~CAS*CO*45*113.15~REF*6R*CP3QHQDNK1XK~AMT*B6*65.15~LQ*HE*N45~LQ*HE*N381~CLP*000100041162*1*266.83*104.73**MC*2020289084840~NM1*QC*1*FIORINI*CHRISTENA*E***MR*Y109693~NM1*82*1*CADDALI*ESTRELLA*A***XX*1164974580~REF*EA*781701B1E9C04CEF910DA25A66BE3561~DTM*232*20200924~DTM*233*20200924~SVC*HC:99213:25*178.3*65.15**1~DTM*472*20200924~CAS*CO*45*113.15~REF*6R*CP3QE368A4LX~AMT*B6*65.15~LQ*HE*N45~LQ*HE*N381~SVC*HC:90471*53.53*19.27**1~DTM*472*20200924~CAS*CO*45*34.26~REF*6R*CP3QDFMB8CIT~AMT*B6*19.27~LQ*HE*N45~LQ*HE*N381~SVC*HC:90756*35*20.31**1~DTM*472*20200924~CAS*CO*45*14.69~REF*6R*CP3QO5FP4ND7~AMT*B6*20.31~LQ*HE*N381~CLP*000100039396*1*40*30.21**MC*2020289085327~NM1*QC*1*FRANKMORE*CONNER****MR*G888118~NM1*82*1*GRONEMEYER*LEANNE*R***XX*1659521045~REF*EA*40DB4702A5ED48A1A30032E2B96E0210~DTM*232*20200819~DTM*233*20200819~SVC*HC:G8431*40*30.21**1~DTM*472*20200819~CAS*CO*45*9.79~REF*6R*CP3EVF9FU9AJ~AMT*B6*30.21~LQ*HE*N59~LQ*HE*N45~LQ*HE*N381~CLP*000100041281*1*498.33*91.23**MC*2020289085438~NM1*QC*1*FUTAMATA*MELISSA*L***MR*Q294000~NM1*82*1*CADDALI*ESTRELLA*A***XX*1164974580~REF*EA*584FCE2CD7C242A4A122751FCA8C25BB~DTM*232*20200925~DTM*233*20200925~SVC*HC:99213:25*178.3*65.15**1~DTM*472*20200925~CAS*CO*45*113.15~REF*6R*CP3Q26UHK9T8~AMT*B6*65.15~LQ*HE*N45~LQ*HE*N381~SVC*HC:10060*320.03*26.08**1~DTM*472*20200925~CAS*CO*45*293.95~REF*6R*CP3QUU165KA9~AMT*B6*26.08~LQ*HE*N381~LQ*HE*N381~CLP*000100041157*1*272.99*96.14**MC*2020289085252~NM1*QC*1*GANDARA*MANUEL****MR*U390760~NM1*82*1*GRONEMEYER*LEANNE*R***XX*1659521045~REF*EA*D347460BB1F341BABF0FCC6E5F771472~DTM*232*20200924~DTM*233*20200924~SVC*HC:99214*272.99*96.14**1~DTM*472*20200924~CAS*CO*45*176.85~REF*6R*CP3QJZ034BPK~AMT*B6*96.14~LQ*HE*N45~LQ*HE*N381~CLP*000100038230*1*40*30.21**MC*2020289085353~NM1*QC*1*GARCIA*JEREMY*D***MR*F687719~NM1*82*1*GRONEMEYER*LEANNE*R***XX*1659521045~REF*EA*0B45A770F4E849AB8D547CB036E586EB~DTM*232*20200728~DTM*233*20200728~SVC*HC:G8431*40*30.21**1~DTM*472*20200728~CAS*CO*45*9.79~REF*6R*CP36P4IDATWG~AMT*B6*30.21~LQ*HE*N77~LQ*HE*N45~LQ*HE*N381~CLP*000100041090*1*356.52*135.72**MC*2020289085126~NM1*QC*1*GEORGE*MARIE*A***MR*Y649179~NM1*82*1*TSAMBIKOS*RICHARD****XX*1467985713~REF*EA*ABA9A2A6F72944CF86B4E64ECBB6E7ED~DTM*232*20200923~DTM*233*20200923~SVC*HC:99214:25*272.99*96.14**1~DTM*472*20200923~CAS*CO*45*176.85~REF*6R*CP3QWET64EHK~AMT*B6*96.14~LQ*HE*N45~LQ*HE*N381~SVC*HC:90471*53.53*19.27**1~DTM*472*20200923~CAS*CO*45*34.26~REF*6R*CP3Q1W8DFT3Y~AMT*B6*19.27~LQ*HE*N45~LQ*HE*N381~SVC*HC:90756*30*20.31**1~DTM*472*20200923~CAS*CO*45*9.69~REF*6R*CP3QKQDGLOK0~AMT*B6*20.31~LQ*HE*N381~CLP*000100041557*1*272.99*96.14**MC*2020289085410~NM1*QC*1*GIBSON*JOSHUA*T***MR*Y083407~NM1*82*1*GRONEMEYER*LEANNE*R***XX*1659521045~REF*EA*9506B584212F476F90ECE0564F09267C~DTM*232*20200930~DTM*233*20200930~SVC*HC:99214*272.99*96.14**1~DTM*472*20200930~CAS*CO*45*176.85~REF*6R*CP3QLCABABA7~AMT*B6*96.14~LQ*HE*N45~LQ*HE*N381~CLP*000100041607*1*178.3*63.15*2*MC*2020289085201~NM1*QC*1*GOMEZ*CHARLEE****MR*Y224607~NM1*82*1*CADDALI*ESTRELLA*A***XX*1164974580~REF*EA*2806EC1494344EE792C2CE697623AF65~DTM*232*20201001~DTM*233*20201001~SVC*HC:99213*178.3*63.15**1~DTM*472*20201001~CAS*PR*3*2~CAS*CO*45*113.15~REF*6R*CP3Q366LWRVI~AMT*B6*65.15~LQ*HE*N45~LQ*HE*N381~LQ*HE*N381~CLP*000100039789*1*15*8.34**MC*2020289085414~NM1*QC*1*GONZALES*NICOLE****MR*G120912~NM1*82*1*TSAMBIKOS*RICHARD****XX*1467985713~REF*EA*FAE3DCD3B8B34AF7BF7186455FF4CD0F~DTM*232*20200827~DTM*233*20200827~SVC*HC:81025*15*8.34**1~DTM*472*20200827~CAS*CO*45*6.66~REF*6R*CP3YXSQQMIXS~AMT*B6*8.34~LQ*HE*N59~LQ*HE*N381~CLP*000100039721*1*15*8.34**MC*2020289085403~NM1*QC*1*GOW*LAYLA*A***MR*O314223~NM1*82*1*GRONEMEYER*LEANNE*R***XX*1659521045~REF*EA*28EC659F211744AA9F003E2ECBC147E5~DTM*232*20200826~DTM*233*20200826~SVC*HC:81025*15*8.34**1~DTM*472*20200826~CAS*CO*45*6.66~REF*6R*CP3YXQB4PDHY~AMT*B6*8.34~LQ*HE*N59~LQ*HE*N381~CLP*000100037895*1*40*10.89**MC*2020289085224~NM1*QC*1*GROSSO*JAMES****MR*K703279~NM1*82*1*GRONEMEYER*LEANNE*R***XX*1659521045~REF*EA*91A146D823B546A98E732534964694F3~DTM*232*20200721~DTM*233*20200721~SVC*HC:G8510*40*10.89**1~DTM*472*20200721~CAS*CO*45*29.11~REF*6R*CP3EV40B4MRB~AMT*B6*10.89~LQ*HE*N77~LQ*HE*N45~LQ*HE*N381~CLP*000100039641*1*15*8.34**MC*2020289084909~NM1*QC*1*HALL*KRISTINA*K***MR*S324169~NM1*82*1*HOOSHMAND-PARSI*KAYHOSROW****XX*1447291851~REF*EA*9B348E3B38844F41A4EE7116D35EC7B2~DTM*232*20200825~DTM*233*20200825~SVC*HC:81025*15*8.34**1~DTM*472*20200825~CAS*CO*45*6.66~REF*6R*CP368RI9CFW8~AMT*B6*8.34~LQ*HE*N59~LQ*HE*N381~CLP*000100041246*1*272.99*96.14**MC*2020289085070~NM1*QC*1*HARRIS*JANE****MR*G354297~NM1*82*1*CADDALI*ESTRELLA*A***XX*1164974580~REF*EA*F6203C16722A4D4C85AECFFAFAC8EC11~DTM*232*20200925~DTM*233*20200925~SVC*HC:99214*272.99*96.14**1~DTM*472*20200925~CAS*CO*45*176.85~REF*6R*CP3QNHDRUZA1~AMT*B6*96.14~LQ*HE*N45~LQ*HE*N381~CLP*000100041387*1*15*7.34*1*MC*2020289084982~NM1*QC*1*HELM*KARA*A***MR*O558457~NM1*82*1*SEARLES*DENISE*A***XX*1396971230~REF*EA*3790A8B2DA2F414D826347749AC1D911~DTM*232*20200929~DTM*233*20200929~SVC*HC:81025*15*7.34**1~DTM*472*20200929~CAS*PR*3*1~CAS*CO*45*6.66~REF*6R*CP3QWY7E6ZFB~AMT*B6*8.34~LQ*HE*N59~LQ*HE*N381~LQ*HE*N381~CLP*000100041082*1*261.83*104.73**MC*2020289084861~NM1*QC*1*HERRERA*CLORINDA*E***MR*C652229~NM1*82*1*CADDALI*ESTRELLA*A***XX*1164974580~REF*EA*AAE95CF85AC54098B95ADCC867B890A4~DTM*232*20200923~DTM*233*20200923~SVC*HC:99213:25*178.3*65.15**1~DTM*472*20200923~CAS*CO*45*113.15~REF*6R*CP3QB97R218W~AMT*B6*65.15~LQ*HE*N45~LQ*HE*N381~SVC*HC:90471*53.53*19.27**1~DTM*472*20200923~CAS*CO*45*34.26~REF*6R*CP3QNJ30ZMGT~AMT*B6*19.27~LQ*HE*N45~LQ*HE*N381~SVC*HC:90756*30*20.31**1~DTM*472*20200923~CAS*CO*45*9.69~REF*6R*CP3QIMJKO2PQ~AMT*B6*20.31~LQ*HE*N381~CLP*000100041564*1*178.3*65.15**MC*2020289084921~NM1*QC*1*JACKSON*TIMEKU****MR*M493473~NM1*82*1*CADDALI*ESTRELLA*A***XX*1164974580~REF*EA*8EC36F82584E44E78FB415D92079B8BA~DTM*232*20200930~DTM*233*20200930~SVC*HC:99213*178.3*65.15**1~DTM*472*20200930~CAS*CO*45*113.15~REF*6R*CP3QHDWVDB6I~AMT*B6*65.15~LQ*HE*N45~LQ*HE*N381~CLP*000100039080*1*55*18.23*1*MC*2020289085100~NM1*QC*1*JARAMILLO*RACHEL*A***MR*Y000126~NM1*82*1*SEARLES*DENISE*A***XX*1396971230~REF*EA*A6E296167E604130B653171EC4E179E3~DTM*232*20200813~DTM*233*20200813~SVC*HC:81025*15*7.34**1~DTM*472*20200813~CAS*PR*3*1~CAS*CO*45*6.66~REF*6R*CP2U9DR8TQM5~AMT*B6*8.34~LQ*HE*N59~LQ*HE*N381~LQ*HE*N381~SVC*HC:G8510*40*10.89**1~DTM*472*20200813~CAS*CO*45*29.11~REF*6R*CP2UJCGD06IS~AMT*B6*10.89~LQ*HE*N59~LQ*HE*N45~LQ*HE*N381~CLP*000100041328*1*272.99*96.14**MC*2020289085211~NM1*QC*1*JOHNSON*NORA****MR*J694925~NM1*82*1*GRONEMEYER*LEANNE*R***XX*1659521045~REF*EA*F03BFC167FBE4EBBBCC3FFA174EC201F~DTM*232*20200928~DTM*233*20200928~SVC*HC:99214*272.99*96.14**1~DTM*472*20200928~CAS*CO*45*176.85~REF*6R*CP3QFOE0WPVL~AMT*B6*96.14~LQ*HE*N45~LQ*HE*N381~CLP*000100039673*1*55*37.55*1*MC*2020289085235~NM1*QC*1*JURGENS*HOLLY*M***MR*U355037~NM1*82*1*SEARLES*DENISE*A***XX*1396971230~REF*EA*D1EF68F8245349F59CF937BCEFA739FD~DTM*232*20200825~DTM*233*20200825~SVC*HC:81025*15*7.34**1~DTM*472*20200825~CAS*PR*3*1~CAS*CO*45*6.66~REF*6R*CP3YQMQ3Y1SM~AMT*B6*8.34~LQ*HE*N59~LQ*HE*N381~LQ*HE*N381~SVC*HC:G8431*40*30.21**1~DTM*472*20200825~CAS*CO*45*9.79~REF*6R*CP3Y7JTG8BCN~AMT*B6*30.21~LQ*HE*N59~LQ*HE*N45~LQ*HE*N381~CLP*000100039802*1*40*30.21**MC*2020289085239~NM1*QC*1*JURGENS*HOLLY*M***MR*U355037~NM1*82*1*SANCHEZ*LEANN*V***XX*1508990961~REF*EA*55AE97F5FF234DD187BDA958D7BC3592~DTM*232*20200827~DTM*233*20200827~SVC*HC:G8431*40*30.21**1~DTM*472*20200827~CAS*CO*45*9.79~REF*6R*CP3YCVT9391D~AMT*B6*30.21~LQ*HE*N59~LQ*HE*N45~LQ*HE*N381~CLP*000100041111*1*361.52*135.72**MC*2020289085169~NM1*QC*1*KEENEY*AMBER*D***MR*G217802~NM1*82*1*CADDALI*ESTRELLA*A***XX*1164974580~REF*EA*D555FABD3FF646B5A340D92D55A6A400~DTM*232*20200923~DTM*233*20200923~SVC*HC:99214:25*272.99*96.14**1~DTM*472*20200923~CAS*CO*45*176.85~REF*6R*CP3QAYPPFT0B~AMT*B6*96.14~LQ*HE*N45~LQ*HE*N381~SVC*HC:90471*53.53*19.27**1~DTM*472*20200923~CAS*CO*45*34.26~REF*6R*CP3QMFFLPN5Q~AMT*B6*19.27~LQ*HE*N45~LQ*HE*N381~SVC*HC:90756*35*20.31**1~DTM*472*20200923~CAS*CO*45*14.69~REF*6R*CP3QW4PQQT45~AMT*B6*20.31~LQ*HE*N381~CLP*000100041196*1*15*7.34*1*MC*2020289085391~NM1*QC*1*KINCAID*JANAY*L***MR*Y577521~NM1*82*1*SEARLES*DENISE*A***XX*1396971230~REF*EA*B58777BA11314FD288C004162F1484AB~DTM*232*20200924~DTM*233*20200924~SVC*HC:81025*15*7.34**1~DTM*472*20200924~CAS*PR*3*1~CAS*CO*45*6.66~REF*6R*CP3QDKT2TB7I~AMT*B6*8.34~LQ*HE*N59~LQ*HE*N381~LQ*HE*N381~CLP*000100038082*1*437.77*108.61**MC*2020289085395~NM1*QC*1*KINCAID*JANAY*L***MR*Y577521~NM1*82*1*SANCHEZ*LEANN*V***XX*1508990961~REF*EA*30074115290B4812B2BAAE0B41FC0DE3~DTM*232*20200724~DTM*233*20200724~SVC*HC:90791*437.77*108.61**1~DTM*472*20200724~CAS*CO*45*329.16~REF*6R*CP3QR5W86PTK~AMT*B6*108.61~LQ*HE*N59~LQ*HE*N381~CLP*000100041459*1*272.99*96.14**MC*2020289085187~NM1*QC*1*LAIRD*AMY*J***MR*T813895~NM1*82*1*CADDALI*ESTRELLA*A***XX*1164974580~REF*EA*60F91337EB124B7C8A2D0EB7CBF92052~DTM*232*20200929~DTM*233*20200929~SVC*HC:99214*272.99*96.14**1~DTM*472*20200929~CAS*CO*45*176.85~REF*6R*CP3Q64JI08NQ~AMT*B6*96.14~LQ*HE*N45~LQ*HE*N381~CLP*000100041150*1*178.3*65.15**MC*2020289085204~NM1*QC*1*LARK*WILLIAM*R***MR*K533858~NM1*82*1*CADDALI*ESTRELLA*A***XX*1164974580~REF*EA*B80CF7ECF8F64DAFA3CC431FB5B192B2~DTM*232*20200924~DTM*233*20200924~SVC*HC:99213*178.3*65.15**1~DTM*472*20200924~CAS*CO*45*113.15~REF*6R*CP3QNO4YTCVW~AMT*B6*65.15~LQ*HE*N45~LQ*HE*N381~CLP*000100041119*1*407.59*155.32**MC*2020289085450~NM1*QC*1*LUCERO*ANEA*R***MR*T137493~NM1*82*1*TSAMBIKOS*RICHARD****XX*1467985713~REF*EA*78D83FB92E584BCD80FC7D945C5A23C6~DTM*232*20200923~DTM*233*20200923~SVC*HC:99214:25*272.99*96.14**1~DTM*472*20200923~CAS*CO*45*176.85~REF*6R*CP3QA2YW5GGX~AMT*B6*96.14~LQ*HE*N45~LQ*HE*N381~SVC*HC:90471*53.53*19.27**1~DTM*472*20200923~CAS*CO*45*34.26~REF*6R*CP3QP5DER9SB~AMT*B6*19.27~LQ*HE*N45~LQ*HE*N381~SVC*HC:90756*35*20.31**1~DTM*472*20200923~CAS*CO*45*14.69~REF*6R*CP3QSG0SOWO4~AMT*B6*20.31~LQ*HE*N381~SVC*HC:98926:59*46.07*19.6**1~DTM*472*20200923~CAS*CO*45*26.47~REF*6R*CP3QLXQ5PKQ2~AMT*B6*19.6~LQ*HE*N381~CLP*000100041355*1*178.3*63.15*2*MC*2020289084963~NM1*QC*1*MASSICK*KIMBERLEE*S***MR*O761338~NM1*82*1*HOOSHMAND-PARSI*KAYHOSROW****XX*1447291851~REF*EA*1504E86400414FB298A4EC3BFCEB82B8~DTM*232*20200928~DTM*233*20200928~SVC*HC:99213*178.3*63.15**1~DTM*472*20200928~CAS*PR*3*2~CAS*CO*45*113.15~REF*6R*CP3QOBCGRXZ9~AMT*B6*65.15~LQ*HE*N45~LQ*HE*N381~LQ*HE*N381~CLP*000100039484*1*15*8.34**MC*2020289084988~NM1*QC*1*MAXFIELD*KENDRA*M***MR*N150478~NM1*82*1*SEARLES*DENISE*A***XX*1396971230~REF*EA*D1D1FFFF1A2D4E35957E757E7B20D7A7~DTM*232*20200820~DTM*233*20200820~SVC*HC:81025*15*8.34**1~DTM*472*20200820~CAS*CO*45*6.66~REF*6R*CP3636FQKT52~AMT*B6*8.34~LQ*HE*N59~LQ*HE*N381~CLP*000100037397*1*1820*1266.14**MC*2020289085017~NM1*QC*1*MOORE*MELISSA****MR*O302777~NM1*82*1*SEARLES*DENISE*A***XX*1396971230~REF*EA*DE3A5600F84A4CBDAC5EE0087237783A~DTM*232*20200710~DTM*233*20200710~SVC*HC:J2315*1805*1257.8**380~DTM*472*20200710~CAS*CO*45*547.2~REF*6R*CP3EEJRXRDEJ~AMT*B6*1257.8~LQ*HE*N59~LQ*HE*N381~SVC*HC:81025*15*8.34**1~DTM*472*20200710~CAS*CO*45*6.66~REF*6R*CP3ELY4GX36C~AMT*B6*8.34~LQ*HE*N59~LQ*HE*N381~CLP*000100041262*1*280.17*104.49**MC*2020289085268~NM1*QC*1*MORRISON*VINCENT*R***MR*Y778118~NM1*82*1*TSAMBIKOS*RICHARD****XX*1467985713~REF*EA*E1846F8AE6204736868E15A4FBFF570C~DTM*232*20200925~DTM*233*20200925~SVC*HC:99394*280.17*104.49**1~DTM*472*20200925~CAS*CO*45*175.68~REF*6R*CP3QH58XYS8I~AMT*B6*104.49~LQ*HE*N45~LQ*HE*N381~CLP*000100041274*1*178.3*63.15*2*MC*2020289085195~NM1*QC*1*OHRDORF*JIMMI*L***MR*Y840687~NM1*82*1*CADDALI*ESTRELLA*A***XX*1164974580~REF*EA*642485AFDC3D4ADBB1BF3BF6D3563E1A~DTM*232*20200925~DTM*233*20200925~SVC*HC:99213*178.3*63.15**1~DTM*472*20200925~CAS*PR*3*2~CAS*CO*45*113.15~REF*6R*CP3QRY5PFHF0~AMT*B6*65.15~LQ*HE*N45~LQ*HE*N381~LQ*HE*N381~CLP*000100041210*1*247.14*95.81**MC*2020289085025~NM1*QC*1*PACHECO*JOSEPH*L***MR*P778684~NM1*82*1*GRONEMEYER*LEANNE*R***XX*1659521045~REF*EA*B8E777DB6E5444D69FE7CD963FFE1B7D~DTM*232*20200924~DTM*233*20200924~SVC*HC:99392*247.14*95.81**1~DTM*472*20200924~CAS*CO*45*151.33~REF*6R*CP3QUKAKFYCG~AMT*B6*95.81~LQ*HE*N381~CLP*000100039301*1*40*30.21**MC*2020289085166~NM1*QC*1*PALMERI*MARCO*L***MR*K220548~NM1*82*1*SEARLES*DENISE*A***XX*1396971230~REF*EA*5D398FB8C7024336BFB26A19AFCD91BC~DTM*232*20200818~DTM*233*20200818~SVC*HC:G8431*40*30.21**1~DTM*472*20200818~CAS*CO*45*9.79~REF*6R*CP2U94I2UA9M~AMT*B6*30.21~LQ*HE*N59~LQ*HE*N45~LQ*HE*N381~CLP*000100041098*1*476.52*182.99**MC*2020289084893~NM1*QC*1*PALUMBO*MICHAELA*S***MR*S474311~NM1*82*1*TSAMBIKOS*RICHARD****XX*1467985713~REF*EA*E954F37CA5EC451C9ED7530C1E1C7536~DTM*232*20200923~DTM*233*20200923~SVC*HC:99214:25*272.99*96.14**1~DTM*472*20200923~CAS*CO*45*176.85~REF*6R*CP3QNDSKMP0N~AMT*B6*96.14~LQ*HE*N45~LQ*HE*N381~SVC*HC:90471*53.53*19.27**1~DTM*472*20200923~CAS*CO*45*34.26~REF*6R*CP3Q3O8SMRLD~AMT*B6*19.27~LQ*HE*N45~LQ*HE*N381~SVC*HC:90756*30*20.31**1~DTM*472*20200923~CAS*CO*45*9.69~REF*6R*CP3Q7VEVLR64~AMT*B6*20.31~LQ*HE*N381~SVC*HC:20553:59*120*47.27**1~DTM*472*20200923~CAS*CO*45*72.73~REF*6R*CP3Q6ZKOIZ3W~AMT*B6*47.27~LQ*HE*N381~LQ*HE*N381~CLP*000100041388*1*437.77*108.61**MC*2020289084830~NM1*QC*1*PAULSEN*STACY*C***MR*W216187~NM1*82*1*LEWIS*HOLLY*G***XX*1295234128~REF*EA*0829C2F6DDE8466EA7BADE910C67ED57~DTM*232*20200929~DTM*233*20200929~SVC*HC:90791*437.77*108.61**1~DTM*472*20200929~CAS*CO*45*329.16~REF*6R*CP3QI1SXPX9I~AMT*B6*108.61~LQ*HE*N381~CLP*000100041255*1*178.3*65.15**MC*2020289085247~NM1*QC*1*PAULSEN*STACY*C***MR*W216187~NM1*82*1*CADDALI*ESTRELLA*A***XX*1164974580~REF*EA*0E25DFAACB5F4D9B816CA16094BDF0BB~DTM*232*20200925~DTM*233*20200925~SVC*HC:99213*178.3*65.15**1~DTM*472*20200925~CAS*CO*45*113.15~REF*6R*CP3QXC0CUGV9~AMT*B6*65.15~LQ*HE*N45~LQ*HE*N381~CLP*000100038725*1*272.99*118.45**MC*2020289085232~NM1*QC*1*PINO*SAMANTHA*M***MR*O785220~NM1*82*1*GRONEMEYER*LEANNE*R***XX*1659521045~REF*EA*39B7DF576E8A4215AE286E1BF67ED6E0~DTM*232*20200806~DTM*233*20200806~SVC*HC:99214:FP*272.99*118.45**1~DTM*472*20200806~CAS*CO*45*154.54~REF*6R*CP3Q50RKX8XG~AMT*B6*118.45~LQ*HE*N45~LQ*HE*N381~CLP*000100041358*1*178.3*65.15**MC*2020289085083~NM1*QC*1*RAINS*ANTUAN****MR*Y554154~NM1*82*1*GRONEMEYER*LEANNE*R***XX*1659521045~REF*EA*19DFE8E8B9E049ACB701C77844FB9B6E~DTM*232*20200928~DTM*233*20200928~SVC*HC:99213*178.3*65.15**1~DTM*472*20200928~CAS*CO*45*113.15~REF*6R*CP3QE5UN5CWC~AMT*B6*65.15~LQ*HE*N45~LQ*HE*N381~CLP*000100041102*1*178.3*65.15**MC*2020289084888~NM1*QC*1*RAMIREZ*TRINITY*R***MR*G594023~NM1*82*1*CADDALI*ESTRELLA*A***XX*1164974580~REF*EA*CB19A13F3D624F6785268907BFB74C5E~DTM*232*20200923~DTM*233*20200923~SVC*HC:99213*178.3*65.15**1~DTM*472*20200923~CAS*CO*45*113.15~REF*6R*CP3QPAYT36CK~AMT*B6*65.15~LQ*HE*N45~LQ*HE*N381~CLP*000100041570*1*272.99*96.14**MC*2020289084931~NM1*QC*1*REYES*ANGELEQUE*L***MR*L233631~NM1*82*1*TSAMBIKOS*RICHARD****XX*1467985713~REF*EA*BFF700DC54434003A3BFB9E5450A56FA~DTM*232*20200930~DTM*233*20200930~SVC*HC:99214*272.99*96.14**1~DTM*472*20200930~CAS*CO*45*176.85~REF*6R*CP3QQQ56O404~AMT*B6*96.14~LQ*HE*N45~LQ*HE*N381~CLP*000100041275*1*319.06*113.74*2*MC*2020289085052~NM1*QC*1*RICH*ELECTRA*C***MR*P928666~NM1*82*1*TSAMBIKOS*RICHARD****XX*1467985713~REF*EA*896B475D6D994D4085E9624DACDF55ED~DTM*232*20200925~DTM*233*20200925~SVC*HC:99214:25*272.99*94.14**1~DTM*472*20200925~CAS*PR*3*2~CAS*CO*45*176.85~REF*6R*CP3QQCAUA9UQ~AMT*B6*96.14~LQ*HE*N45~LQ*HE*N381~LQ*HE*N381~SVC*HC:98926*46.07*19.6**1~DTM*472*20200925~CAS*CO*45*26.47~REF*6R*CP3Q1J8FB8LI~AMT*B6*19.6~LQ*HE*N381~CLP*000100041132*1*406.98*213.11*2*MC*2020289085156~NM1*QC*1*RIVERA*JANNETTE****MR*Y173829~NM1*82*1*TSAMBIKOS*RICHARD****XX*1467985713~REF*EA*7CF1292D83B540C48986E2C9A911CA50~DTM*232*20200923~DTM*233*20200923~SVC*HC:99213:25*178.3*63.15**1~DTM*472*20200923~CAS*PR*3*2~CAS*CO*45*113.15~REF*6R*CP3QXM6XJLP0~AMT*B6*65.15~LQ*HE*N45~LQ*HE*N381~LQ*HE*N381~SVC*HC:90471*53.53*19.27**1~DTM*472*20200923~CAS*CO*45*34.26~REF*6R*CP3QYX2QCBQP~AMT*B6*19.27~LQ*HE*N45~LQ*HE*N381~SVC*HC:90756*30*20.31**1~DTM*472*20200923~CAS*CO*45*9.69~REF*6R*CP3QR4HT7CW2~AMT*B6*20.31~LQ*HE*N381~SVC*HC:90472*41*11.19**1~DTM*472*20200923~CAS*CO*45*29.81~REF*6R*CP3QQI9ZPS1X~AMT*B6*11.19~LQ*HE*N45~LQ*HE*N381~SVC*HC:90732*104.15*99.19**1~DTM*472*20200923~CAS*CO*45*4.96~REF*6R*CP3QR7ZVAYSC~AMT*B6*99.19~LQ*HE*N381~CLP*000100041231*1*268.3*86.85**MC*2020289085116~NM1*QC*1*RIVERA*MANUEL*J***MR*I331935~NM1*82*1*CADDALI*ESTRELLA*A***XX*1164974580~REF*EA*504F97B7BB8F40459FEF2CFB70DE398A~DTM*232*20200925~DTM*233*20200925~SVC*HC:99213:25*178.3*65.15**1~DTM*472*20200925~CAS*CO*45*113.15~REF*6R*CP3QDFKOSLUB~AMT*B6*65.15~LQ*HE*N45~LQ*HE*N381~SVC*HC:H0049*50*10.81**1~DTM*472*20200925~CAS*CO*45*39.19~REF*6R*CP3Q15ZP3DER~AMT*B6*10.81~LQ*HE*N381~SVC*HC:G8510*40*10.89**1~DTM*472*20200925~CAS*CO*45*29.11~REF*6R*CP3QE9X6GL43~AMT*B6*10.89~LQ*HE*N45~LQ*HE*N381~CLP*000100039362*1*15*7.34*1*MC*2020289084854~NM1*QC*1*ROBIN*RONDI*L***MR*L564167~NM1*82*1*GRONEMEYER*LEANNE*R***XX*1659521045~REF*EA*37EEA921CFBF4F1FBB4DEEA8D6234FD2~DTM*232*20200819~DTM*233*20200819~SVC*HC:81025*15*7.34**1~DTM*472*20200819~CAS*PR*3*1~CAS*CO*45*6.66~REF*6R*CP3EQG53WAZ1~AMT*B6*8.34~LQ*HE*N59~LQ*HE*N381~LQ*HE*N381~CLP*000100041178*1*178.3*65.15**MC*2020289085136~NM1*QC*1*ROBLES*ELIJAH****MR*G787722~NM1*82*1*GRONEMEYER*LEANNE*R***XX*1659521045~REF*EA*5191507A075B477C9B277F2341E7F51B~DTM*232*20200924~DTM*233*20200924~SVC*HC:99213*178.3*65.15**1~DTM*472*20200924~CAS*CO*45*113.15~REF*6R*CP3Q4MHZPRZW~AMT*B6*65.15~LQ*HE*N45~LQ*HE*N381~CLP*000100041476*1*178.3*65.15**MC*2020289084998~NM1*QC*1*ROMERO*MARGARITO*L***MR*I929050~NM1*82*1*CADDALI*ESTRELLA*A***XX*1164974580~REF*EA*A2FE07536B914308BCBC25BAE7FE926F~DTM*232*20200929~DTM*233*20200929~SVC*HC:99213*178.3*65.15**1~DTM*472*20200929~CAS*CO*45*113.15~REF*6R*CP3QL3VCCUSX~AMT*B6*65.15~LQ*HE*N45~LQ*HE*N381~CLP*000100041543*1*178.3*65.15**MC*2020289085242~NM1*QC*1*SALAZAR*TAZIO*M***MR*N789226~NM1*82*1*TSAMBIKOS*RICHARD****XX*1467985713~REF*EA*9943FC8012474A699F0E705E15AD24CF~DTM*232*20200930~DTM*233*20200930~SVC*HC:99213*178.3*65.15**1~DTM*472*20200930~CAS*CO*45*113.15~REF*6R*CP3Q52M6QU7M~AMT*B6*65.15~LQ*HE*N45~LQ*HE*N381~CLP*000100037866*1*55*19.23**MC*2020289085041~NM1*QC*1*SANTISTEVAN*KEANA*L***MR*S912880~NM1*82*1*GRONEMEYER*LEANNE*R***XX*1659521045~REF*EA*E9A9F6B8AC534A75BB9C80025F640353~DTM*232*20200721~DTM*233*20200721~SVC*HC:G8510*40*10.89**1~DTM*472*20200721~CAS*CO*45*29.11~REF*6R*CP3E5BKDUDYW~AMT*B6*10.89~LQ*HE*N77~LQ*HE*N45~LQ*HE*N381~SVC*HC:81025*15*8.34**1~DTM*472*20200721~CAS*CO*45*6.66~REF*6R*CP3ER3Z4CD91~AMT*B6*8.34~LQ*HE*N77~LQ*HE*N381~CLP*000100037941*1*40*10.89**MC*2020289084826~NM1*QC*1*SCHUDAR*JOHN*R***MR*Y988342~NM1*82*1*LEWIS*HOLLY*G***XX*1295234128~REF*EA*20DD7C79352D49CB908A87C42CDC8923~DTM*232*20200722~DTM*233*20200722~SVC*HC:G8510*40*10.89**1~DTM*472*20200722~CAS*CO*45*29.11~REF*6R*CP36GM9S4HUW~AMT*B6*10.89~LQ*HE*N59~LQ*HE*N45~LQ*HE*N381~CLP*000100041395*1*88.54*39**MC*2020289085362~NM1*QC*1*SISNEROS*GREGORY*A***MR*H774507~NM1*82*1*CADDALI*ESTRELLA*A***XX*1164974580~REF*EA*2FE6938280DC46CB99389E2934DD4298~DTM*232*20200929~DTM*233*20200929~SVC*HC:99212*88.54*39**1~DTM*472*20200929~CAS*CO*45*49.54~REF*6R*CP3QS8KFN2IP~AMT*B6*39~LQ*HE*N45~LQ*HE*N381~CLP*000100041146*1*356.52*135.72**MC*2020289085373~NM1*QC*1*SISNEROS*GREGORY*A***MR*H774507~NM1*82*1*CADDALI*ESTRELLA*A***XX*1164974580~REF*EA*1F8316369CEC4242A64F34094B81B504~DTM*232*20200924~DTM*233*20200924~SVC*HC:99214:25*272.99*96.14**1~DTM*472*20200924~CAS*CO*45*176.85~REF*6R*CP3QDLQYAZ2C~AMT*B6*96.14~LQ*HE*N45~LQ*HE*N381~SVC*HC:90471*53.53*19.27**1~DTM*472*20200924~CAS*CO*45*34.26~REF*6R*CP3QQKZMYV0Q~AMT*B6*19.27~LQ*HE*N45~LQ*HE*N381~SVC*HC:90756*30*20.31**1~DTM*472*20200924~CAS*CO*45*9.69~REF*6R*CP3Q1V1CXMVQ~AMT*B6*20.31~LQ*HE*N381~CLP*000100041310*1*361.52*135.72**MC*2020289085482~NM1*QC*1*SNYDER*LINDSAY*D***MR*O394273~NM1*82*1*GRONEMEYER*LEANNE*R***XX*1659521045~REF*EA*BE425FEBD0564B54B86F6ADD9A225F21~DTM*232*20200928~DTM*233*20200928~SVC*HC:99214:25*272.99*96.14**1~DTM*472*20200928~CAS*CO*45*176.85~REF*6R*CP3QBQDJLP4Q~AMT*B6*96.14~LQ*HE*N45~LQ*HE*N381~SVC*HC:90471*53.53*19.27**1~DTM*472*20200928~CAS*CO*45*34.26~REF*6R*CP3Q3UT7IARL~AMT*B6*19.27~LQ*HE*N45~LQ*HE*N381~SVC*HC:90756*35*20.31**1~DTM*472*20200928~CAS*CO*45*14.69~REF*6R*CP3QSUBUWK50~AMT*B6*20.31~LQ*HE*N381~CLP*000100041164*1*272.99*94.14*2*MC*2020289085028~NM1*QC*1*SOSA*KENDRA*E***MR*R268169~NM1*82*1*GRONEMEYER*LEANNE*R***XX*1659521045~REF*EA*52CDD3548E07450B937C070E9A5C2B5B~DTM*232*20200924~DTM*233*20200924~SVC*HC:99214*272.99*94.14**1~DTM*472*20200924~CAS*PR*3*2~CAS*CO*45*176.85~REF*6R*CP3Q0501S7BB~AMT*B6*96.14~LQ*HE*N45~LQ*HE*N381~LQ*HE*N381~CLP*000100041206*1*272.99*96.14**MC*2020289085274~NM1*QC*1*STRAIT*LORRAINE*A***MR*Y360507~NM1*82*1*GRONEMEYER*LEANNE*R***XX*1659521045~REF*EA*1AC89D92359E484C8FF65853198320BA~DTM*232*20200924~DTM*233*20200924~SVC*HC:99214*272.99*96.14**1~DTM*472*20200924~CAS*CO*45*176.85~REF*6R*CP3QT2MT8YF4~AMT*B6*96.14~LQ*HE*N45~LQ*HE*N381~CLP*000100041637*1*178.3*65.15**MC*2020289085287~NM1*QC*1*STRAIT*LORRAINE*A***MR*Y360507~NM1*82*1*GRONEMEYER*LEANNE*R***XX*1659521045~REF*EA*1358AD1390DE4D5087EA9C2DF233943C~DTM*232*20201001~DTM*233*20201001~SVC*HC:99213*178.3*65.15**1~DTM*472*20201001~CAS*CO*45*113.15~REF*6R*CP3QYL51H0SZ~AMT*B6*65.15~LQ*HE*N45~LQ*HE*N381~CLP*000100039645*1*15*8.34**MC*2020289085114~NM1*QC*1*TANKSLEY*DAYSHA*A***MR*O203621~NM1*82*1*HOOSHMAND-PARSI*KAYHOSROW****XX*1447291851~REF*EA*C6D549F0EF6441058EF7C9D0096A5740~DTM*232*20200825~DTM*233*20200825~SVC*HC:81025*15*8.34**1~DTM*472*20200825~CAS*CO*45*6.66~REF*6R*CP36Z2F41E4U~AMT*B6*8.34~LQ*HE*N59~LQ*HE*N381~CLP*000100041382*1*272.99*96.14**MC*2020289085321~NM1*QC*1*TERRONES*KIMBERLY*L***MR*Y212096~NM1*82*1*TSAMBIKOS*RICHARD****XX*1467985713~REF*EA*9FD08EFE0E924F8EAE03A732589EA814~DTM*232*20200929~DTM*233*20200929~SVC*HC:99214*272.99*96.14**1~DTM*472*20200929~CAS*CO*45*176.85~REF*6R*CP3QCH3BRTS8~AMT*B6*96.14~LQ*HE*N45~LQ*HE*N381~CLP*000100039060*1*40*30.21**MC*2020289085178~NM1*QC*1*TRUJILLO*CHRISTA*J***MR*Y845938~NM1*82*1*SEARLES*DENISE*A***XX*1396971230~REF*EA*F52EC16B0CE7458EB39DF4929D852D54~DTM*232*20200813~DTM*233*20200813~SVC*HC:G8431*40*30.21**1~DTM*472*20200813~CAS*CO*45*9.79~REF*6R*CP2UEJ4H1I9Q~AMT*B6*30.21~LQ*HE*N59~LQ*HE*N45~LQ*HE*N381~CLP*000100041479*1*178.3*65.15**MC*2020289084977~NM1*QC*1*VARGAS*VALENTINO****MR*G210630~NM1*82*1*TSAMBIKOS*RICHARD****XX*1467985713~REF*EA*B9B931EF618B49E5948F4AD106847B60~DTM*232*20200929~DTM*233*20200929~SVC*HC:99213*178.3*65.15**1~DTM*472*20200929~CAS*CO*45*113.15~REF*6R*CP3QHY46AEVS~AMT*B6*65.15~LQ*HE*N45~LQ*HE*N381~CLP*000100041214*1*266.84*96.46**MC*2020289084981~NM1*QC*1*VARGAS*VALENTINO****MR*G210630~NM1*82*1*TSAMBIKOS*RICHARD****XX*1467985713~REF*EA*AB4330F87BF04B67988DF124820264B4~DTM*232*20200924~DTM*233*20200924~SVC*HC:99203*266.84*96.46**1~DTM*472*20200924~CAS*CO*45*170.38~REF*6R*CP3QOX6F41U2~AMT*B6*96.46~LQ*HE*N45~LQ*HE*N381~CLP*000100039460*1*40*30.21**MC*2020289085435~NM1*QC*1*VIGIL*ERNEST*J***MR*M248364~NM1*82*1*TSAMBIKOS*RICHARD****XX*1467985713~REF*EA*1818D676FA3C4DD8BAC3640AF5390965~DTM*232*20200820~DTM*233*20200820~SVC*HC:G8431*40*30.21**1~DTM*472*20200820~CAS*CO*45*9.79~REF*6R*CP36QO9EGJRX~AMT*B6*30.21~LQ*HE*N59~LQ*HE*N45~LQ*HE*N381~CLP*000100041368*1*178.3*65.15**MC*2020289085225~NM1*QC*1*VILLEDA*JESSICA*I***MR*M729827~NM1*82*1*CADDALI*ESTRELLA*A***XX*1164974580~REF*EA*8CF5883C8C1E4525B996CC576F5477A5~DTM*232*20200929~DTM*233*20200929~SVC*HC:99213*178.3*65.15**1~DTM*472*20200929~CAS*CO*45*113.15~REF*6R*CP3QTR42FXK7~AMT*B6*65.15~LQ*HE*N45~LQ*HE*N381~CLP*000100041647*1*272.99*96.14**MC*2020289085183~NM1*QC*1*WAL*ARRI*L***MR*P498566~NM1*82*1*GRONEMEYER*LEANNE*R***XX*1659521045~REF*EA*9D6E06F87DD941A6B94410298B9306DC~DTM*232*20201001~DTM*233*20201001~SVC*HC:99214*272.99*96.14**1~DTM*472*20201001~CAS*CO*45*176.85~REF*6R*CP3Q97KEIRIU~AMT*B6*96.14~LQ*HE*N45~LQ*HE*N381~CLP*000100041650*1*178.3*65.15**MC*2020289084942~NM1*QC*1*WALKER*CHANTEL*R***MR*P824583~NM1*82*1*CADDALI*ESTRELLA*A***XX*1164974580~REF*EA*42B3FE384F4F4E968C809DD5F1247E15~DTM*232*20201001~DTM*233*20201001~SVC*HC:99213*178.3*65.15**1~DTM*472*20201001~CAS*CO*45*113.15~REF*6R*CP3Q97XLBVB9~AMT*B6*65.15~LQ*HE*N45~LQ*HE*N381~CLP*000100041089*1*376.67*146.32**MC*2020289084952~NM1*QC*1*WALKER*CHANTEL*R***MR*P824583~NM1*82*1*CADDALI*ESTRELLA*A***XX*1164974580~REF*EA*348DB32CDADC490681D5E0F14480A906~DTM*232*20200923~DTM*233*20200923~SVC*HC:99395:25*288.14*106.74**1~DTM*472*20200923~CAS*CO*45*181.4~REF*6R*CP3QYG2904B3~AMT*B6*106.74~LQ*HE*N45~LQ*HE*N381~SVC*HC:90471*53.53*19.27**1~DTM*472*20200923~CAS*CO*45*34.26~REF*6R*CP3Q9FK07IEM~AMT*B6*19.27~LQ*HE*N45~LQ*HE*N381~SVC*HC:90756*35*20.31**1~DTM*472*20200923~CAS*CO*45*14.69~REF*6R*CP3QCIB8C9R8~AMT*B6*20.31~LQ*HE*N381~CLP*000100041106*1*178.3*65.15**MC*2020289084872~NM1*QC*1*WILLIAMS*DEVREN****MR*O169306~NM1*82*1*CADDALI*ESTRELLA*A***XX*1164974580~REF*EA*D778F9E6C85A4EB7B80F722F548985A3~DTM*232*20200923~DTM*233*20200923~SVC*HC:99213*178.3*65.15**1~DTM*472*20200923~CAS*CO*45*113.15~REF*6R*CP3QYSEXX01T~AMT*B6*65.15~LQ*HE*N45~LQ*HE*N381~CLP*000100041259*1*178.3*63.15*2*MC*2020289085058~NM1*QC*1*WILLIAMS*KALLIE****MR*O184978~NM1*82*1*CADDALI*ESTRELLA*A***XX*1164974580~REF*EA*CF90EDA3CF32469FB5CD66881E945FE4~DTM*232*20200925~DTM*233*20200925~SVC*HC:99213*178.3*63.15**1~DTM*472*20200925~CAS*PR*3*2~CAS*CO*45*113.15~REF*6R*CP3QXX3E4P5T~AMT*B6*65.15~LQ*HE*N45~LQ*HE*N381~LQ*HE*N381~CLP*000100034551*4*22*0**MC*2020289085125~NM1*QC*1*ACOSTA*ROSALINA****MR*P610914~NM1*82*1*GRONEMEYER*LEANNE*R***XX*1659521045~REF*EA*FD86B0826B2F498CB7168F6EFEF67705~DTM*232*20200511~DTM*233*20200511~SVC*HC:G2012*22*0**0**1~DTM*472*20200511~CAS*CO*56*22~REF*6R*CP368H14CDGF~LQ*HE*N130~LQ*HE*N130~CLP*000100038502*4*88.54*0**MC*2020289085335~NM1*QC*1*CLAUSSEN*COREY****MR*Q548496~NM1*82*2*HEALTH SOLUTIONS*****XX*1033165527~REF*EA*1F50C92CD9C94292B6A929289BDA36E7~DTM*232*20200803~DTM*233*20200803~SVC*HC:H0002*88.54*0**0**1~DTM*472*20200803~CAS*PI*185*88.54~REF*6R*CP3QTZRZ9DL3~LQ*HE*N59~LQ*HE*N290~LQ*HE*N198~CLP*000100037057*4*373.56*0**MC*2020289084976~NM1*QC*1*WAGNER*DOROTHY*J***MR*P790476~NM1*82*1*CADDALI*ESTRELLA*A***XX*1164974580~REF*EA*97D99BD629F3437886B17681F786E667~DTM*232*20200702~DTM*233*20200702~SVC*HC:G0439*373.56*0**0**1~DTM*472*20200702~CAS*PI*96*373.56~REF*6R*CP3Q4GU8CM2C~LQ*HE*N30~CLP*000100038510*22*-437.77*-108.61**MC*2020275061097~NM1*QC*1*CLAUSSEN*COREY****MR*Q548496~NM1*82*1*SANCHEZ*LEANN*V***XX*1508990961~REF*EA*6AA5FE51189A4DBDB0467409F7ED9872~DTM*232*20200803~DTM*233*20200803~SVC*HC:90791*-437.77*-108.61**1~DTM*472*20200803~CAS*CO*45*-329.16~REF*6R*CP2MJCVRLQA6~AMT*B6*108.61~LQ*HE*N59~LQ*HE*N381~CLP*000100038510*4*437.77*0**MC*5920290011388~NM1*QC*1*CLAUSSEN*COREY****MR*Q548496~NM1*82*1*SANCHEZ*LEANN*V***XX*1508990961~REF*EA*6AA5FE51189A4DBDB0467409F7ED9872~DTM*232*20200803~DTM*233*20200803~SVC*HC:90791*437.77*0**1~DTM*472*20200803~CAS*CO*129*437.77~REF*6R*CP2MJCVRLQA6~LQ*HE*N59~CLP*000100039976*22*-290.21*-70.54**MC*2020275061106~NM1*QC*1*CLAUSSEN*COREY****MR*Q548496~NM1*82*1*SANCHEZ*LEANN*V***XX*1508990961~REF*EA*AB8EF745C1F341658AE81E4050805391~DTM*232*20200901~DTM*233*20200901~SVC*HC:90834*-290.21*-70.54**1~DTM*472*20200901~CAS*CO*45*-219.67~REF*6R*CP2MMLU6LN5S~AMT*B6*70.54~LQ*HE*N59~LQ*HE*N381~CLP*000100039976*4*290.21*0**MC*5920290011391~NM1*QC*1*CLAUSSEN*COREY****MR*Q548496~NM1*82*1*SANCHEZ*LEANN*V***XX*1508990961~REF*EA*AB8EF745C1F341658AE81E4050805391~DTM*232*20200901~DTM*233*20200901~SVC*HC:90834*290.21*0**1~DTM*472*20200901~CAS*CO*129*290.21~REF*6R*CP2MMLU6LN5S~LQ*HE*N59~CLP*000100039077*22*-467.15*-165.17**MC*2020261038500~NM1*QC*1*DUGGAN*WILLIAM*C***MR*P934905~NM1*82*1*GRONEMEYER*LEANNE*R***XX*1659521045~REF*EA*8C3C49689B894FBEB86E020107EA8B66~DTM*232*20200813~DTM*233*20200813~SVC*HC:99204:25*-450.07*-148.09**1~DTM*472*20200813~CAS*CO*45*-301.98~REF*6R*CPTAB2LDUL4J~AMT*B6*148.09~LQ*HE*N45~LQ*HE*N381~SVC*HC:96127:59*-17.08*-17.08**1~DTM*472*20200813~REF*6R*CPTAJVLPSNJU~AMT*B6*17.08~CLP*000100039077*4*467.15*0**MC*5920286005326~NM1*QC*1*DUGGAN*WILLIAM*C***MR*P934905~NM1*82*1*GRONEMEYER*LEANNE*R***XX*1659521045~REF*EA*8C3C49689B894FBEB86E020107EA8B66~DTM*232*20200813~DTM*233*20200813~SVC*HC:99204:25*450.07*0**1~DTM*472*20200813~CAS*CO*129*450.07~REF*6R*CPTAB2LDUL4J~LQ*HE*N59~SVC*HC:96127:59*17.08*0**1~DTM*472*20200813~CAS*CO*129*17.08~REF*6R*CPTAJVLPSNJU~LQ*HE*N59~CLP*000100039283*22*-217.66*-54.8**MC*2020261038318~NM1*QC*1*DUGGAN*WILLIAM*C***MR*P934905~NM1*82*1*LEWIS*HOLLY*G***XX*1295234128~REF*EA*0F0B61D0C63C4099B976A4A32F48D9AE~DTM*232*20200818~DTM*233*20200818~SVC*HC:90832*-217.66*-54.8**1~DTM*472*20200818~CAS*CO*45*-162.86~REF*6R*CPTAEE54FES7~AMT*B6*54.8~LQ*HE*N381~CLP*000100039283*4*217.66*0**MC*5920286005341~NM1*QC*1*DUGGAN*WILLIAM*C***MR*P934905~NM1*82*1*LEWIS*HOLLY*G***XX*1295234128~REF*EA*0F0B61D0C63C4099B976A4A32F48D9AE~DTM*232*20200818~DTM*233*20200818~SVC*HC:90832*217.66*0**1~DTM*472*20200818~CAS*CO*129*217.66~REF*6R*CPTAEE54FES7~LQ*HE*N59~PLB*1508250911*20201231*CS:0000376675725*-165.17*CS:0000376675725*165.17*CS:0000376675736*-54.8*CS:0000376675736*54.8*CS:0000376680143*-108.61*CS:0000376680143*108.61~PLB*1508250911*20201231*CS:0000376680146*-70.54*CS:0000376680146*70.54~SE*1909*000010012~GE*1*100027053~IEA*1*100027053~