ISA*00*          *00*          *ZZ*COMEDASSISTPROG*ZZ*6769489        *201012*0231*^*00501*100020215*0*P*:~GS*HP*COMEDASSISTPROG*6769489*20201012*023142*100020215*X*005010X221A1~ST*835*000010012~BPR*I*10372.49*C*ACH*CCP*01*075911603*DA*00000004556640373*1811725341**01*102106569*DA*2200002989138*20201012~TRN*1*001108965*1811725341~REF*EV*1508250911~DTM*405*20201009~N1*PR*CO_TXIX*XV*7912900843~N3*P.O. BOX 30~N4*DENVER*CO*80201~PER*CX*MEDICAID PROVIDER SERVICES*TE*8442352387~PER*BL*MEDICAID PROVIDER SERVICES*TE*8442352387~N1*PE*HEALTH SOLUTIONS MED CENTER*XX*1508250911~REF*TJ*841158933~LX*1~CLP*000100039678*2*327.66*21.99**MC*2020277003449~NM1*QC*1*FENWICK*SUSAN****MR*I982356~NM1*82*1*CADDALI*ESTRELLA*A***XX*1164974580~REF*EA*93D6516BB9E34D4EAA344A6CC5B9C4E3~DTM*232*20200825~DTM*233*20200825~SVC*HC:99214:25*272.99*19**1~DTM*472*20200825~CAS*CO*45*253.99~REF*6R*CPTA6N6RDD68~AMT*B6*19~LQ*HE*N45~LQ*HE*N381~LQ*HE*N381~SVC*HC:93000*54.67*2.99**1~DTM*472*20200825~CAS*CO*45*51.68~REF*6R*CPTAIY8LIWQD~AMT*B6*2.99~LQ*HE*N381~LQ*HE*N381~CLP*000100039813*2*327.66*10.24**MC*2020277003438~NM1*QC*1*MARTINEZ*DAVID*J***MR*D899225~NM1*82*1*HOOSHMAND-PARSI*KAYHOSROW****XX*1447291851~REF*EA*EF1F6F66ED8D45F285479B931712CBAD~DTM*232*20200827~DTM*233*20200827~SVC*HC:99214:25*272.99*6.72**1~DTM*472*20200827~CAS*CO*45*266.27~REF*6R*CPTA1K2SJ3EG~AMT*B6*6.72~LQ*HE*N45~LQ*HE*N381~LQ*HE*N381~SVC*HC:93000*54.67*3.52**1~DTM*472*20200827~CAS*CO*45*51.15~REF*6R*CPTAD5XK46B5~AMT*B6*3.52~LQ*HE*N381~LQ*HE*N381~CLP*000100040197*2*272.99*19**MC*2020277003459~NM1*QC*1*MARTINEZ*PAULINE*M***MR*I735002~NM1*82*1*CADDALI*ESTRELLA*A***XX*1164974580~REF*EA*A358583064AF462C912EECCFCB8B151D~DTM*232*20200908~DTM*233*20200908~SVC*HC:99214*272.99*19**1~DTM*472*20200908~CAS*CO*45*253.99~REF*6R*CPTALWAC56VB~AMT*B6*19~LQ*HE*N45~LQ*HE*N381~LQ*HE*N381~CLP*000100029793*2*315*26.72**MC*2020277003485~NM1*QC*1*SINTAS*MARY*F***MR*B729473~NM1*82*1*HOOSHMAND-PARSI*KAYHOSROW****XX*1447291851~REF*EA*1CC1648C73154FC38D3D94FB48D47974~DTM*232*20200212~DTM*233*20200212~SVC*HC:99205:25*255*19.32**1~DTM*472*20200212~CAS*CO*45*235.68~REF*6R*CPTA1KYB1YTZ~AMT*B6*19.32~LQ*HE*N381~LQ*HE*N381~SVC*HC:G0444*20*0**1~DTM*472*20200212~CAS*CO*45*20~REF*6R*CPTA3EZAML0V~SVC*HC:G0396*40*7.4**1~DTM*472*20200212~CAS*OA*P22*32.6~REF*6R*CPTAFS3BGKCW~AMT*B6*7.4~LQ*HE*MA125~LQ*HE*MA125~CLP*000100040035*2*602.88*34.97**MC*2020277003462~NM1*QC*1*TRUJILLO*STEPHANIE*J***MR*H288367~NM1*82*1*SEARLES*DENISE*A***XX*1396971230~REF*EA*2A3D67288DD1453A99F76883E7E6E422~DTM*232*20200902~DTM*233*20200902~SVC*HC:99204:25*450.07*28.68**1~DTM*472*20200902~CAS*CO*45*421.39~REF*6R*CPTAW7Y8ON4V~AMT*B6*28.68~LQ*HE*N45~LQ*HE*N381~LQ*HE*N381~SVC*HC:G0444*30.75*0**1~DTM*472*20200902~CAS*CO*45*30.75~REF*6R*CPTAR8SA484W~SVC*HC:G0396*107.06*6.29**1~DTM*472*20200902~CAS*OA*P22*100.77~REF*6R*CPTAG3EZI6MO~AMT*B6*6.29~LQ*HE*MA125~LQ*HE*MA125~SVC*HC:81025*15*0**1~DTM*472*20200902~CAS*CO*45*15~REF*6R*CPTAM0HXXBGA~LQ*HE*N381~CLP*000100034413*2*55*2.28**MC*2020277003484~NM1*QC*1*VIGIL*ANDREA****MR*F904809~NM1*82*1*GRONEMEYER*LEANNE*R***XX*1659521045~REF*EA*85D293C2D09B4978AA3487FC55B3E7DD~DTM*232*20200507~DTM*233*20200507~SVC*HC:G2012*55*2.28**1~DTM*472*20200507~CAS*OA*P22*52.72~REF*6R*CPTACLJ56U7Y~AMT*B6*2.28~LQ*HE*MA125~CLP*000100039928*2*178.3*3.44**MC*2020277003470~NM1*QC*1*VIGIL*AUGUSTINE****MR*Y811310~NM1*82*1*HOOSHMAND-PARSI*KAYHOSROW****XX*1447291851~REF*EA*D02E104209714A5BAB2C97FB319EEB05~DTM*232*20200901~DTM*233*20200901~SVC*HC:99213*178.3*3.44**1~DTM*472*20200901~CAS*CO*45*174.86~REF*6R*CPTAJ3OAFZC5~AMT*B6*3.44~LQ*HE*N45~LQ*HE*N381~LQ*HE*N381~CLP*000100040048*2*178.3*12.69**MC*2020277003488~NM1*QC*1*WAGNER*DOROTHY*J***MR*P790476~NM1*82*1*CADDALI*ESTRELLA*A***XX*1164974580~REF*EA*54524F3C7A5442BCB356C454AFBB0AB8~DTM*232*20200902~DTM*233*20200902~SVC*HC:99213*178.3*12.69**1~DTM*472*20200902~CAS*CO*45*165.61~REF*6R*CPTAPWHN1CES~AMT*B6*12.69~LQ*HE*N45~LQ*HE*N381~LQ*HE*N381~CLP*000100040322*2*178.3*12.69**MC*2020277003490~NM1*QC*1*WAGNER*DOROTHY*J***MR*P790476~NM1*82*1*CADDALI*ESTRELLA*A***XX*1164974580~REF*EA*C8E3DC03E04C4DC29FF16961D9FA7512~DTM*232*20200909~DTM*233*20200909~SVC*HC:99213*178.3*12.69**1~DTM*472*20200909~CAS*CO*45*165.61~REF*6R*CPTARALUB25V~AMT*B6*12.69~LQ*HE*N45~LQ*HE*N381~LQ*HE*N381~CLP*000100039995*2*604.98*20.53**MC*2020277003477~NM1*QC*1*WOOD*JEREMY****MR*O493490~NM1*82*1*TSAMBIKOS*RICHARD****XX*1467985713~REF*EA*0907CEE3645B453C98ECEA025E83DBCF~DTM*232*20200901~DTM*233*20200901~SVC*HC:99204:25*450.07*13.13**1~DTM*472*20200901~CAS*CO*45*436.94~REF*6R*CPTA9T6L6T9I~AMT*B6*13.13~LQ*HE*N45~LQ*HE*N381~LQ*HE*N381~SVC*HC:99406*17.1*0**1~DTM*472*20200901~CAS*CO*45*17.1~REF*6R*CPTAF5M01W12~LQ*HE*N45~LQ*HE*N381~SVC*HC:G0444*30.75*0**1~DTM*472*20200901~CAS*CO*45*30.75~REF*6R*CPTAUZH72D9G~SVC*HC:G0396*107.06*7.4**1~DTM*472*20200901~CAS*OA*P22*99.66~REF*6R*CPTA7CCFKAS3~AMT*B6*7.4~LQ*HE*MA125~CLP*000100041064*1*272.99*96.14**MC*2020283043377~NM1*QC*1*ARCHULETA*DAVID*M***MR*D940730~NM1*82*1*TSAMBIKOS*RICHARD****XX*1467985713~REF*EA*8B13D13BCB694B209BA6DDA035F04BA7~DTM*232*20200923~DTM*233*20200923~SVC*HC:99214*272.99*96.14**1~DTM*472*20200923~CAS*CO*45*176.85~REF*6R*CP2UYRCDCYX6~AMT*B6*96.14~LQ*HE*N45~LQ*HE*N381~CLP*000100038787*1*15*8.34**MC*2020283043385~NM1*QC*1*AVILA*KRISTA*M***MR*K943511~NM1*82*1*SEARLES*DENISE*A***XX*1396971230~REF*EA*EAB2FE51BA694B11B5FA9C658CA4E9FB~DTM*232*20200807~DTM*233*20200807~SVC*HC:81025*15*8.34**1~DTM*472*20200807~CAS*CO*45*6.66~REF*6R*CP2QHUZOV1PU~AMT*B6*8.34~LQ*HE*N59~LQ*HE*N381~CLP*000100040957*1*272.99*96.14**MC*2020283043490~NM1*QC*1*BACA*RUBEN*A***MR*Y047437~NM1*82*1*CADDALI*ESTRELLA*A***XX*1164974580~REF*EA*C2365254E8C94CA38054B7449BF1D53B~DTM*232*20200922~DTM*233*20200922~SVC*HC:99214*272.99*96.14**1~DTM*472*20200922~CAS*CO*45*176.85~REF*6R*CP2UKEQOJ1OI~AMT*B6*96.14~LQ*HE*N45~LQ*HE*N381~CLP*000100040889*1*268.3*86.85**MC*2020283043467~NM1*QC*1*BAEZ*DIANA*E***MR*P092722~NM1*82*1*GRONEMEYER*LEANNE*R***XX*1659521045~REF*EA*1BA98D60B0E4424A9CA1DD0431AE8620~DTM*232*20200921~DTM*233*20200921~SVC*HC:99213:25*178.3*65.15**1~DTM*472*20200921~CAS*CO*45*113.15~REF*6R*CP2U3N4V349F~AMT*B6*65.15~LQ*HE*N45~LQ*HE*N381~SVC*HC:H0049*50*10.81**1~DTM*472*20200921~CAS*CO*45*39.19~REF*6R*CP2U56A6F2ZM~AMT*B6*10.81~LQ*HE*N381~SVC*HC:G8510*40*10.89**1~DTM*472*20200921~CAS*CO*45*29.11~REF*6R*CP2UFK9H6XCL~AMT*B6*10.89~LQ*HE*N45~LQ*HE*N381~CLP*000100040933*1*280.17*104.49**MC*2020283043392~NM1*QC*1*BARAY*DIEGO****MR*G583978~NM1*82*1*GRONEMEYER*LEANNE*R***XX*1659521045~REF*EA*50224478F217407FB5D8B1ED851CA8FA~DTM*232*20200921~DTM*233*20200921~SVC*HC:99394*280.17*104.49**1~DTM*472*20200921~CAS*CO*45*175.68~REF*6R*CP2UY17E5BEN~AMT*B6*104.49~LQ*HE*N45~LQ*HE*N381~CLP*000100038930*1*15*8.34**MC*2020283043354~NM1*QC*1*BOULIER*JEWEL*R***MR*W913486~NM1*82*1*SEARLES*DENISE*A***XX*1396971230~REF*EA*AF9D25FD87F94764A53A724A72CEEBF3~DTM*232*20200811~DTM*233*20200811~SVC*HC:81025*15*8.34**1~DTM*472*20200811~CAS*CO*45*6.66~REF*6R*CP2IAQVJDQMX~AMT*B6*8.34~LQ*HE*N59~LQ*HE*N381~CLP*000100040014*1*540.26*196.36**MC*2020283043326~NM1*QC*1*CASADOS*ROBERT****MR*Y828703~NM1*82*1*HOOSHMAND-PARSI*KAYHOSROW****XX*1447291851~REF*EA*7CD8473599194ECBBF73CD00E7AE19C7~DTM*232*20200902~DTM*233*20200902~SVC*HC:99396:25*312.06*113.79**1~DTM*472*20200902~CAS*CO*45*198.27~REF*6R*CP2U77R9JENO~AMT*B6*113.79~LQ*HE*N45~LQ*HE*N381~SVC*HC:93000*54.67*21.29**1~DTM*472*20200902~CAS*CO*45*33.38~REF*6R*CP2UNHKH8UGL~AMT*B6*21.29~LQ*HE*N381~SVC*HC:90471*53.53*19.27**1~DTM*472*20200902~CAS*CO*45*34.26~REF*6R*CP2UKFKURW1S~AMT*B6*19.27~LQ*HE*N45~LQ*HE*N381~SVC*HC:90756*30*20.31**1~DTM*472*20200902~CAS*CO*45*9.69~REF*6R*CP2UG7R3ANQX~AMT*B6*20.31~LQ*HE*N381~SVC*HC:H0049*50*10.81**1~DTM*472*20200902~CAS*CO*45*39.19~REF*6R*CP2U4O5MQUZ7~AMT*B6*10.81~LQ*HE*N381~SVC*HC:G8510*40*10.89**1~DTM*472*20200902~CAS*CO*45*29.11~REF*6R*CP2UQAQ53UWT~AMT*B6*10.89~LQ*HE*N45~LQ*HE*N381~CLP*000100039598*1*327.66*94.14*2*MC*2020283043461~NM1*QC*1*COOK*DAVID*T***MR*M267307~NM1*82*1*CADDALI*ESTRELLA*A***XX*1164974580~REF*EA*BBB0B288D22B4ED8B4BE44F58B7A4053~DTM*232*20200825~DTM*233*20200825~SVC*HC:99214:25*272.99*94.14**1~DTM*472*20200825~CAS*PR*3*2~CAS*CO*45*176.85~REF*6R*CP2UAS446GSH~AMT*B6*96.14~LQ*HE*N45~LQ*HE*N381~LQ*HE*N381~SVC*HC:93000*54.67*0**0**1~DTM*472*20200825~CAS*PI*16*54.67~REF*6R*CP2UJ3B3G70Y~LQ*HE*N30~LQ*HE*MA92~LQ*HE*MA92~LQ*HE*MA92~LQ*HE*N56~CLP*000100040863*1*272.99*94.14*2*MC*2020283043482~NM1*QC*1*DIAZ*DOMINIC*M***MR*U857412~NM1*82*1*CADDALI*ESTRELLA*A***XX*1164974580~REF*EA*513B557F63DD45EC81993912BC25B466~DTM*232*20200918~DTM*233*20200918~SVC*HC:99214*272.99*94.14**1~DTM*472*20200918~CAS*PR*3*2~CAS*CO*45*176.85~REF*6R*CP2UW9THOR8G~AMT*B6*96.14~LQ*HE*N45~LQ*HE*N381~LQ*HE*N381~CLP*000100039000*1*4*3.37**MC*2020283043484~NM1*QC*1*DIAZ*DOMINIC*M***MR*U857412~NM1*82*1*GRONEMEYER*LEANNE*R***XX*1659521045~REF*EA*910C91FD0F4942C7B22B718E53D4C16E~DTM*232*20200812~DTM*233*20200812~SVC*HC:81002*4*3.37**1~DTM*472*20200812~CAS*CO*45*.63~REF*6R*CP2ISWWTRDU0~AMT*B6*3.37~LQ*HE*N59~LQ*HE*N381~CLP*000100039472*1*327.66*117.43**MC*2020283043439~NM1*QC*1*DUGGAN*KACI****MR*P931699~NM1*82*1*CADDALI*ESTRELLA*A***XX*1164974580~REF*EA*542225AB682E4DE28FE6EA6EBB3AD699~DTM*232*20200820~DTM*233*20200820~SVC*HC:99214:25*272.99*96.14**1~DTM*472*20200820~CAS*CO*45*176.85~REF*6R*CP2UASUN4AUC~AMT*B6*96.14~LQ*HE*N45~LQ*HE*N381~SVC*HC:93000*54.67*21.29**1~DTM*472*20200820~CAS*CO*45*33.38~REF*6R*CP2UIPL952LW~AMT*B6*21.29~LQ*HE*N381~CLP*000100040845*1*178.3*65.15**MC*2020283043406~NM1*QC*1*DURAN*LUCIANO*K***MR*P804952~NM1*82*1*CADDALI*ESTRELLA*A***XX*1164974580~REF*EA*A8B6FE06E25E48E79E00833CAC3B1BBD~DTM*232*20200918~DTM*233*20200918~SVC*HC:99213*178.3*65.15**1~DTM*472*20200918~CAS*CO*45*113.15~REF*6R*CP2UVSIBLLVO~AMT*B6*65.15~LQ*HE*N45~LQ*HE*N381~CLP*000100039854*1*90*21.7**MC*2020283043470~NM1*QC*1*FARMER*ROBERT*E***MR*G099295~NM1*82*1*CADDALI*ESTRELLA*A***XX*1164974580~REF*EA*9684891F9020444B866583782C2EE969~DTM*232*20200828~DTM*233*20200828~SVC*HC:H0049*50*10.81**1~DTM*472*20200828~CAS*CO*45*39.19~REF*6R*CP2ULG1JXT8V~AMT*B6*10.81~LQ*HE*N381~SVC*HC:G8510*40*10.89**1~DTM*472*20200828~CAS*CO*45*29.11~REF*6R*CP2U5WTWM7ZL~AMT*B6*10.89~LQ*HE*N45~LQ*HE*N381~CLP*000100038993*1*15*8.34**MC*2020283043251~NM1*QC*1*FIORINI*CHRISTENA*E***MR*Y109693~NM1*82*1*GRONEMEYER*LEANNE*R***XX*1659521045~REF*EA*C568216C1FF445EEB4A7D57A614F4C19~DTM*232*20200812~DTM*233*20200812~SVC*HC:81025*15*8.34**1~DTM*472*20200812~CAS*CO*45*6.66~REF*6R*CP2IS8ZWU11W~AMT*B6*8.34~LQ*HE*N59~LQ*HE*N381~CLP*000100040976*1*361.52*135.72**MC*2020283043430~NM1*QC*1*GALLEGOS*JESTIN****MR*Y543950~NM1*82*1*TSAMBIKOS*RICHARD****XX*1467985713~REF*EA*5A8D109F3F3A49F58F56EADF121E4E1C~DTM*232*20200922~DTM*233*20200922~SVC*HC:99214:25*272.99*96.14**1~DTM*472*20200922~CAS*CO*45*176.85~REF*6R*CP2UESIH3MQK~AMT*B6*96.14~LQ*HE*N45~LQ*HE*N381~SVC*HC:90471*53.53*19.27**1~DTM*472*20200922~CAS*CO*45*34.26~REF*6R*CP2UVXFMGYVI~AMT*B6*19.27~LQ*HE*N45~LQ*HE*N381~SVC*HC:90756*35*20.31**1~DTM*472*20200922~CAS*CO*45*14.69~REF*6R*CP2UAS1G9DLD~AMT*B6*20.31~LQ*HE*N381~CLP*000100038685*1*15*8.34**MC*2020283043379~NM1*QC*1*GAMBINO*GINA*M***MR*Y618943~NM1*82*1*SEARLES*DENISE*A***XX*1396971230~REF*EA*E928A735AF65405588653E7B125B2A4E~DTM*232*20200805~DTM*233*20200805~SVC*HC:81025*15*8.34**1~DTM*472*20200805~CAS*CO*45*6.66~REF*6R*CP2Q1H29EQRX~AMT*B6*8.34~LQ*HE*N59~LQ*HE*N381~CLP*000100041094*1*1805*1257.8**MC*2020283043269~NM1*QC*1*GRAY*JAMES****MR*J248474~NM1*82*1*GRONEMEYER*LEANNE*R***XX*1659521045~REF*EA*97476E063CCD46E49FA943FBF332F89C~DTM*232*20200923~DTM*233*20200923~SVC*HC:J2315*1805*1257.8**380~DTM*472*20200923~CAS*CO*45*547.2~REF*6R*CP2QAAHI7PBR~AMT*B6*1257.8~LQ*HE*N59~LQ*HE*N381~CLP*000100039716*1*1809*1261.17**MC*2020283043279~NM1*QC*1*GRAY*JAMES****MR*J248474~NM1*82*1*GRONEMEYER*LEANNE*R***XX*1659521045~REF*EA*E829ADC94B0C4032A5F1DE99BDB5D930~DTM*232*20200826~DTM*233*20200826~SVC*HC:J2315*1805*1257.8**380~DTM*472*20200826~CAS*CO*45*547.2~REF*6R*CP2QZZKGD8K3~AMT*B6*1257.8~LQ*HE*N59~LQ*HE*N381~SVC*HC:81002*4*3.37**1~DTM*472*20200826~CAS*CO*45*.63~REF*6R*CP2Q05KVT7F3~AMT*B6*3.37~LQ*HE*N59~LQ*HE*N381~CLP*000100040866*1*178.3*63.15*2*MC*2020283043363~NM1*QC*1*HELM*KARA*A***MR*O558457~NM1*82*1*TSAMBIKOS*RICHARD****XX*1467985713~REF*EA*D4ADE80B86BE4425B25E991A16B2295D~DTM*232*20200918~DTM*233*20200918~SVC*HC:99213*178.3*63.15**1~DTM*472*20200918~CAS*PR*3*2~CAS*CO*45*113.15~REF*6R*CP2UX6N0PFO5~AMT*B6*65.15~LQ*HE*N45~LQ*HE*N381~LQ*HE*N381~CLP*000100040980*1*15*7.34*1*MC*2020283043369~NM1*QC*1*HELM*KARA*A***MR*O558457~NM1*82*1*SEARLES*DENISE*A***XX*1396971230~REF*EA*76E5F0EF2F8749FFBBDCB1B0CDA13242~DTM*232*20200922~DTM*233*20200922~SVC*HC:81025*15*7.34**1~DTM*472*20200922~CAS*PR*3*1~CAS*CO*45*6.66~REF*6R*CP2UP7S9RLIM~AMT*B6*8.34~LQ*HE*N381~LQ*HE*N381~CLP*000100040864*1*178.3*65.15**MC*2020283043410~NM1*QC*1*JACKSON*TANESHUA****MR*G112920~NM1*82*1*CADDALI*ESTRELLA*A***XX*1164974580~REF*EA*1245BBEEB1424EA186F156D39DBB3B93~DTM*232*20200918~DTM*233*20200918~SVC*HC:99213*178.3*65.15**1~DTM*472*20200918~CAS*CO*45*113.15~REF*6R*CP2UE6KXMRK0~AMT*B6*65.15~LQ*HE*N45~LQ*HE*N381~CLP*000100038686*1*15*7.34*1*MC*2020283043388~NM1*QC*1*JARAMILLO*RACHEL*A***MR*Y000126~NM1*82*1*SEARLES*DENISE*A***XX*1396971230~REF*EA*6604E1D6C2A24F0D8CB9F2C77C9A9CC4~DTM*232*20200805~DTM*233*20200805~SVC*HC:81025*15*7.34**1~DTM*472*20200805~CAS*PR*3*1~CAS*CO*45*6.66~REF*6R*CP2QN2AUIHGH~AMT*B6*8.34~LQ*HE*N59~LQ*HE*N381~LQ*HE*N381~CLP*000100038849*1*1849*1272.06**MC*2020283043351~NM1*QC*1*JIRON*ROMAN****MR*G679343~NM1*82*1*HOOSHMAND-PARSI*KAYHOSROW****XX*1447291851~REF*EA*2A358D1B104D4AE1B78677AF957375AD~DTM*232*20200810~DTM*233*20200810~SVC*HC:J2315*1805*1257.8**380~DTM*472*20200810~CAS*CO*45*547.2~REF*6R*CP2QSYE5GVPR~AMT*B6*1257.8~LQ*HE*N59~LQ*HE*N381~SVC*HC:81002*4*3.37**1~DTM*472*20200810~CAS*CO*45*.63~REF*6R*CP2QWYJAWXRW~AMT*B6*3.37~LQ*HE*N59~LQ*HE*N381~SVC*HC:G8510*40*10.89**1~DTM*472*20200810~CAS*CO*45*29.11~REF*6R*CP2Q6CGZC04S~AMT*B6*10.89~LQ*HE*N59~LQ*HE*N45~LQ*HE*N381~CLP*000100040855*1*362.99*135.16*2*MC*2020283043415~NM1*QC*1*JOHNSON*LASHAWN*J***MR*J148245~NM1*82*1*CADDALI*ESTRELLA*A***XX*1164974580~REF*EA*87D35BCA5EB84554B073FDD191EFE262~DTM*232*20200918~DTM*233*20200918~SVC*HC:99214:25*272.99*94.14**1~DTM*472*20200918~CAS*PR*3*2~CAS*CO*45*176.85~REF*6R*CP2UNHFC9HZO~AMT*B6*96.14~LQ*HE*N45~LQ*HE*N381~LQ*HE*N381~SVC*HC:H0049*50*10.81**1~DTM*472*20200918~CAS*CO*45*39.19~REF*6R*CP2UBNQQSQ3K~AMT*B6*10.81~LQ*HE*N381~SVC*HC:G8431*40*30.21**1~DTM*472*20200918~CAS*CO*45*9.79~REF*6R*CP2UMCRMNJ3W~AMT*B6*30.21~LQ*HE*N45~LQ*HE*N381~CLP*000100037261*1*1845*1268.69**MC*2020283043259~NM1*QC*1*LINDSAY SANDERS*SHABREA*D***MR*Q818873~NM1*74*1*LINDSAYSANDERS~NM1*82*1*SEARLES*DENISE*A***XX*1396971230~REF*EA*85316FCFC2094CB68C301E8BC66BA6D4~DTM*232*20200708~DTM*233*20200708~SVC*HC:J2315*1805*1257.8**380~DTM*472*20200708~CAS*CO*45*547.2~REF*6R*CP2EQDG2PUIY~AMT*B6*1257.8~LQ*HE*N59~LQ*HE*N381~SVC*HC:G8510*40*10.89**1~DTM*472*20200708~CAS*CO*45*29.11~REF*6R*CP2ELO7MI8Y0~AMT*B6*10.89~LQ*HE*N59~LQ*HE*N45~LQ*HE*N381~CLP*000100035286*1*402.06*11**MC*2020283043312~NM1*QC*1*LUND*ROSELLA*E***MR*P292373~NM1*82*1*HOOSHMAND-PARSI*KAYHOSROW****XX*1447291851~REF*EA*97CDE5D6B7934DE799A411B9DC8AB32B~DTM*232*20200526~DTM*233*20200526~SVC*HC:99396*312.06*0**0**1~DTM*472*20200526~CAS*PI*5*312.06~REF*6R*CP2URUY37TOJ~LQ*HE*M77~SVC*HC:H0049*50*0**0**1~DTM*472*20200526~CAS*PI*96*50~REF*6R*CP2UYID31W5W~LQ*HE*N30~LQ*HE*N381~SVC*HC:G8510*40*11**1~DTM*472*20200526~CAS*CO*45*29~REF*6R*CP2UZSFMOVDC~AMT*B6*11~LQ*HE*N381~CLP*000100027909*1*178.3*65.81**MC*2020283043424~NM1*QC*1*MAES*ERNEST*R***MR*K993029~NM1*82*1*HOOSHMAND-PARSI*KAYHOSROW****XX*1447291851~REF*EA*3636AB4F996740B19B785A1C04F334CD~DTM*232*20200109~DTM*233*20200109~SVC*HC:99213*178.3*65.81**1~DTM*472*20200109~CAS*CO*45*112.49~REF*6R*CP2UIO502KFE~AMT*B6*65.81~LQ*HE*N381~CLP*000100040919*1*288.14*106.74**MC*2020283043457~NM1*QC*1*MARQUEZ*ANTONIO*J***MR*Y743964~NM1*74*1*MARGUEZ~NM1*82*1*GRONEMEYER*LEANNE*R***XX*1659521045~REF*EA*0EB6C0D34BE24E3C91A550D9D0915D2E~DTM*232*20200921~DTM*233*20200921~SVC*HC:99395*288.14*106.74**1~DTM*472*20200921~CAS*CO*45*181.4~REF*6R*CP2US2SEZ688~AMT*B6*106.74~LQ*HE*N45~LQ*HE*N381~CLP*000100040920*1*178.3*65.15**MC*2020283043359~NM1*QC*1*MARQUEZ*JUSTIN*T***MR*G210609~NM1*74*1*MARGUEZ~NM1*82*1*GRONEMEYER*LEANNE*R***XX*1659521045~REF*EA*FC7DF116B7C74564BEB0803E90A4FEF6~DTM*232*20200921~DTM*233*20200921~SVC*HC:99213*178.3*65.15**1~DTM*472*20200921~CAS*CO*45*113.15~REF*6R*CP2UTECBWLKN~AMT*B6*65.15~LQ*HE*N45~LQ*HE*N381~CLP*000100040848*1*623.6*209.37**MC*2020283043381~NM1*QC*1*MARSH*ANGELA*R***MR*P470830~NM1*82*1*TSAMBIKOS*RICHARD****XX*1467985713~REF*EA*F6B568EC8AE64DDAA287709B3B7F06DA~DTM*232*20200918~DTM*233*20200918~SVC*HC:99204:25*450.07*148.09**1~DTM*472*20200918~CAS*CO*45*301.98~REF*6R*CP2UI3NPR8HG~AMT*B6*148.09~LQ*HE*N45~LQ*HE*N381~SVC*HC:90471*53.53*19.27**1~DTM*472*20200918~CAS*CO*45*34.26~REF*6R*CP2UVW8MPNGT~AMT*B6*19.27~LQ*HE*N45~LQ*HE*N381~SVC*HC:90756*30*20.31**1~DTM*472*20200918~CAS*CO*45*9.69~REF*6R*CP2UXNC4KTYD~AMT*B6*20.31~LQ*HE*N381~SVC*HC:H0049*50*10.81**1~DTM*472*20200918~CAS*CO*45*39.19~REF*6R*CP2UHP4XQ0ZV~AMT*B6*10.81~LQ*HE*N381~SVC*HC:G8510*40*10.89**1~DTM*472*20200918~CAS*CO*45*29.11~REF*6R*CP2U7YIU7A89~AMT*B6*10.89~LQ*HE*N45~LQ*HE*N381~CLP*000100040916*1*88.54*39**MC*2020283043242~NM1*QC*1*MARTINEZ*ESTEVAN****MR*Y497937~NM1*82*1*GRONEMEYER*LEANNE*R***XX*1659521045~REF*EA*ABEAD562497E4B47903E0434BEAC0DCE~DTM*232*20200921~DTM*233*20200921~SVC*HC:99212*88.54*39**1~DTM*472*20200921~CAS*CO*45*49.54~REF*6R*CP2US6QRP5NY~AMT*B6*39~LQ*HE*N45~LQ*HE*N381~CLP*000100041041*1*175.85*66.46**MC*2020283043488~NM1*QC*1*MARTINEZ WRIGHT*SANTINO****MR*O188567~NM1*74*1*MARTINEZWRIGHT*MARQUIS*A~NM1*82*1*CADDALI*ESTRELLA*A***XX*1164974580~REF*EA*A8BB46CE1EF4407289842A062B4B8DC5~DTM*232*20200922~DTM*233*20200922~SVC*HC:99202*175.85*66.46**1~DTM*472*20200922~CAS*CO*45*109.39~REF*6R*CP2UB6DOB2A0~AMT*B6*66.46~LQ*HE*N45~LQ*HE*N381~CLP*000100040884*1*362.99*159.47**MC*2020283043453~NM1*QC*1*MCKINNEY*AMANDA*B***MR*O934299~NM1*82*1*GRONEMEYER*LEANNE*R***XX*1659521045~REF*EA*5D94F8D3803748789E8F39EEE402A154~DTM*232*20200921~DTM*233*20200921~SVC*HC:99214:25:FP*272.99*118.45**1~DTM*472*20200921~CAS*CO*45*154.54~REF*6R*CP2UR6TF9W0C~AMT*B6*118.45~LQ*HE*N45~LQ*HE*N381~SVC*HC:H0049:FP*50*10.81**1~DTM*472*20200921~CAS*CO*45*39.19~REF*6R*CP2UMMW611NO~AMT*B6*10.81~LQ*HE*N381~SVC*HC:G8431:FP*40*30.21**1~DTM*472*20200921~CAS*CO*45*9.79~REF*6R*CP2UM67D156H~AMT*B6*30.21~LQ*HE*N45~LQ*HE*N381~CLP*000100040807*1*182.3*68.52**MC*2020283043285~NM1*QC*1*MILLION*VICKI*L***MR*I504747~NM1*82*1*HOOSHMAND-PARSI*KAYHOSROW****XX*1447291851~REF*EA*E048975EB4DD4F90A783CD3FD0D0DE6D~DTM*232*20200917~DTM*233*20200917~SVC*HC:99213:25*178.3*65.15**1~DTM*472*20200917~CAS*CO*45*113.15~REF*6R*CP2UNQUFT9BD~AMT*B6*65.15~LQ*HE*N45~LQ*HE*N381~SVC*HC:81002*4*3.37**1~DTM*472*20200917~CAS*CO*45*.63~REF*6R*CP2UZQQCKNY1~AMT*B6*3.37~LQ*HE*N381~CLP*000100040068*1*451.52*176.74**MC*2020283043300~NM1*QC*1*MILLION*VICKI*L***MR*I504747~NM1*82*1*HOOSHMAND-PARSI*KAYHOSROW****XX*1447291851~REF*EA*8F5FA9A5A0DA46B589ECEBF82D3C2E6F~DTM*232*20200902~DTM*233*20200902~SVC*HC:99214:25*272.99*96.14**1~DTM*472*20200902~CAS*CO*45*176.85~REF*6R*CP2UIWIQD1KU~AMT*B6*96.14~LQ*HE*N45~LQ*HE*N381~SVC*HC:90471*53.53*19.27**1~DTM*472*20200902~CAS*CO*45*34.26~REF*6R*CP2UAJXWK4A6~AMT*B6*19.27~LQ*HE*N45~LQ*HE*N381~SVC*HC:90756*35*20.31**1~DTM*472*20200902~CAS*CO*45*14.69~REF*6R*CP2UGW2ZZHZF~AMT*B6*20.31~LQ*HE*N381~SVC*HC:H0049*50*10.81**1~DTM*472*20200902~CAS*CO*45*39.19~REF*6R*CP2UQSLSQM1H~AMT*B6*10.81~LQ*HE*N381~SVC*HC:G8431*40*30.21**1~DTM*472*20200902~CAS*CO*45*9.79~REF*6R*CP2U6397ZBYI~AMT*B6*30.21~LQ*HE*N45~LQ*HE*N381~CLP*000100041035*1*356.84*118.16**MC*2020283043454~NM1*QC*1*MORRISON*VINCENT*R***MR*Y778118~NM1*82*1*TSAMBIKOS*RICHARD****XX*1467985713~REF*EA*AA9401A8E8E541FBB6F95E6EAE8A49C9~DTM*232*20200922~DTM*233*20200922~SVC*HC:99203:25*266.84*96.46**1~DTM*472*20200922~CAS*CO*45*170.38~REF*6R*CP2UBAVLJ9C8~AMT*B6*96.46~LQ*HE*N45~LQ*HE*N381~SVC*HC:H0049*50*10.81**1~DTM*472*20200922~CAS*CO*45*39.19~REF*6R*CP2UB02EKAR2~AMT*B6*10.81~LQ*HE*N381~SVC*HC:G8510*40*10.89**1~DTM*472*20200922~CAS*CO*45*29.11~REF*6R*CP2UCUF3V0P5~AMT*B6*10.89~LQ*HE*N45~LQ*HE*N381~CLP*000100039938*1*437.77*108.61**MC*2020283043434~NM1*QC*1*ORTEGA*STYLES****MR*Y046561~NM1*82*1*SANCHEZ*LEANN*V***XX*1508990961~REF*EA*C96313A5288D46E1AC88EFD48055FDE4~DTM*232*20200901~DTM*233*20200901~SVC*HC:90791*437.77*108.61**1~DTM*472*20200901~CAS*CO*45*329.16~REF*6R*CP2UO3H8MDW9~AMT*B6*108.61~LQ*HE*N59~LQ*HE*N381~CLP*000100040850*1*178.3*65.15**MC*2020283043449~NM1*QC*1*PAULSEN*STACY*C***MR*W216187~NM1*82*1*CADDALI*ESTRELLA*A***XX*1164974580~REF*EA*E8673E91A1A04673881E32E93CCAA133~DTM*232*20200918~DTM*233*20200918~SVC*HC:99213*178.3*65.15**1~DTM*472*20200918~CAS*CO*45*113.15~REF*6R*CP2U27K82MKA~AMT*B6*65.15~LQ*HE*N45~LQ*HE*N381~CLP*000100038717*1*1899*10.81**MC*2020283043402~NM1*QC*1*PETTY*TIMOTHY*J***MR*N984082~NM1*82*1*SEARLES*DENISE*A***XX*1396971230~REF*EA*5A1C8A3636F74600A96CA584C37066DE~DTM*232*20200806~DTM*233*20200806~SVC*HC:J2315*1805*0**0**380~DTM*472*20200806~CAS*PI*16*1805~REF*6R*CP2QOIQPOVKT~LQ*HE*N59~LQ*HE*MA92~SVC*HC:H0049*50*10.81**1~DTM*472*20200806~CAS*CO*45*39.19~REF*6R*CP2QUJU4RGHS~AMT*B6*10.81~LQ*HE*N59~LQ*HE*N381~SVC*HC:G8510*40*0**0**1~DTM*472*20200806~CAS*PI*16*40~REF*6R*CP2QPX5JASQF~LQ*HE*N59~LQ*HE*MA92~SVC*HC:81002*4*0**0**1~DTM*472*20200806~CAS*PI*16*4~REF*6R*CP2QCRBL94KN~LQ*HE*N59~LQ*HE*MA92~CLP*000100041022*1*392.99*143.41**MC*2020283043485~NM1*QC*1*POPE*YVETTE*M***MR*Q003915~NM1*82*1*TSAMBIKOS*RICHARD****XX*1467985713~REF*EA*D5F664E8386849E5B690BF1B3EF695D1~DTM*232*20200922~DTM*233*20200922~SVC*HC:99214:25*272.99*96.14**1~DTM*472*20200922~CAS*CO*45*176.85~REF*6R*CP2U47Y8T1H1~AMT*B6*96.14~LQ*HE*N45~LQ*HE*N381~SVC*HC:20553*120*47.27**1~DTM*472*20200922~CAS*CO*45*72.73~REF*6R*CP2UTIDRX56G~AMT*B6*47.27~LQ*HE*N381~LQ*HE*N381~CLP*000100040915*1*178.3*65.15**MC*2020283043478~NM1*QC*1*QUASTHOFF*ELIZABETH*A***MR*P470059~NM1*82*1*GRONEMEYER*LEANNE*R***XX*1659521045~REF*EA*5D22833AC0B7425BB7CE12DF1F6E6680~DTM*232*20200921~DTM*233*20200921~SVC*HC:99213*178.3*65.15**1~DTM*472*20200921~CAS*CO*45*113.15~REF*6R*CP2UDWBEX0QL~AMT*B6*65.15~LQ*HE*N45~LQ*HE*N381~CLP*000100041005*1*178.3*63.15*2*MC*2020283043473~NM1*QC*1*RAMIREZ*ANTHONY*J***MR*P811929~NM1*82*1*CADDALI*ESTRELLA*A***XX*1164974580~REF*EA*593F0AC96C57448A815A50C6BE177A2F~DTM*232*20200922~DTM*233*20200922~SVC*HC:99213*178.3*63.15**1~DTM*472*20200922~CAS*PR*3*2~CAS*CO*45*113.15~REF*6R*CP2UA1GOD0LI~AMT*B6*65.15~LQ*HE*N45~LQ*HE*N381~LQ*HE*N381~CLP*000100040888*1*446.52*155.42*2*MC*2020283043320~NM1*QC*1*SALAZAR*SAUL*B***MR*J808608~NM1*82*1*GRONEMEYER*LEANNE*R***XX*1659521045~REF*EA*29A4EA753DB840AAA3B92AE64E26B8C8~DTM*232*20200921~DTM*233*20200921~SVC*HC:99214:25*272.99*94.14**1~DTM*472*20200921~CAS*PR*3*2~CAS*CO*45*176.85~REF*6R*CP2U5CWX6X2G~AMT*B6*96.14~LQ*HE*N45~LQ*HE*N381~LQ*HE*N381~SVC*HC:90471*53.53*19.27**1~DTM*472*20200921~CAS*CO*45*34.26~REF*6R*CP2UWVRB5T48~AMT*B6*19.27~LQ*HE*N45~LQ*HE*N381~SVC*HC:90756*30*20.31**1~DTM*472*20200921~CAS*CO*45*9.69~REF*6R*CP2USC3M3FYQ~AMT*B6*20.31~LQ*HE*N381~SVC*HC:H0049*50*10.81**1~DTM*472*20200921~CAS*CO*45*39.19~REF*6R*CP2UE57L13YO~AMT*B6*10.81~LQ*HE*N381~SVC*HC:G8510*40*10.89**1~DTM*472*20200921~CAS*CO*45*29.11~REF*6R*CP2UN5CN7B3J~AMT*B6*10.89~LQ*HE*N45~LQ*HE*N381~CLP*000100038708*1*1902.3*1284.84*1*MC*2020283043458~NM1*QC*1*SANCHEZ*EUGENE****MR*K263217~NM1*82*1*SEARLES*DENISE*A***XX*1396971230~REF*EA*63649CA1DE9A4181AD50EC501B1F1109~DTM*232*20200806~DTM*233*20200806~SVC*HC:J2315*1805*1257.8**380~DTM*472*20200806~CAS*CO*45*547.2~REF*6R*CP2QPCMMWHFT~AMT*B6*1257.8~LQ*HE*N77~LQ*HE*N381~SVC*HC:36415*3.3*2.97**1~DTM*472*20200806~CAS*CO*45*.33~REF*6R*CP2QVKX0YJ15~AMT*B6*2.97~LQ*HE*N77~LQ*HE*N45~LQ*HE*N381~SVC*HC:H0049*50*10.81**1~DTM*472*20200806~CAS*CO*45*39.19~REF*6R*CP2Q42VLKZLS~AMT*B6*10.81~LQ*HE*N77~LQ*HE*N381~SVC*HC:G8510*40*10.89**1~DTM*472*20200806~CAS*CO*45*29.11~REF*6R*CP2QYHU2TNB2~AMT*B6*10.89~LQ*HE*N77~LQ*HE*N45~LQ*HE*N381~SVC*HC:81002*4*2.37**1~DTM*472*20200806~CAS*PR*3*1~CAS*CO*45*.63~REF*6R*CP2QTW2MLTE3~AMT*B6*3.37~LQ*HE*N77~LQ*HE*N381~LQ*HE*N381~CLP*000100040886*1*272.99*94.14*2*MC*2020283043331~NM1*QC*1*SANCHEZ*YVONNE*A***MR*J289148~NM1*82*1*GRONEMEYER*LEANNE*R***XX*1659521045~REF*EA*6FCC52E2EFE44384B177ECE63C10F29D~DTM*232*20200921~DTM*233*20200921~SVC*HC:99214*272.99*94.14**1~DTM*472*20200921~CAS*PR*3*2~CAS*CO*45*176.85~REF*6R*CP2UQPWRXCQK~AMT*B6*96.14~LQ*HE*N45~LQ*HE*N381~LQ*HE*N381~CLP*000100038600*1*15*8.34**MC*2020283043343~NM1*QC*1*SANCHEZ*YVONNE*A***MR*J289148~NM1*82*1*SEARLES*DENISE*A***XX*1396971230~REF*EA*B8DADDC6F6C04D6AB807AA1C033D9F85~DTM*232*20200804~DTM*233*20200804~SVC*HC:81025*15*8.34**1~DTM*472*20200804~CAS*CO*45*6.66~REF*6R*CP2IWB3ZXRPB~AMT*B6*8.34~LQ*HE*N59~LQ*HE*N381~CLP*000100040895*1*272.99*96.14**MC*2020283043393~NM1*QC*1*SANDOVAL*THERESA*M***MR*D398624~NM1*82*1*GRONEMEYER*LEANNE*R***XX*1659521045~REF*EA*1F346AE9C6894B1984DB656DD593E433~DTM*232*20200921~DTM*233*20200921~SVC*HC:99214*272.99*96.14**1~DTM*472*20200921~CAS*CO*45*176.85~REF*6R*CP2UMDBY8GON~AMT*B6*96.14~LQ*HE*N45~LQ*HE*N381~CLP*000100040927*1*361.52*135.72**MC*2020283043345~NM1*QC*1*SUSANJ*PAMILA****MR*G602621~NM1*82*1*GRONEMEYER*LEANNE*R***XX*1659521045~REF*EA*715440A34D8440028AB105F2F662BF45~DTM*232*20200921~DTM*233*20200921~SVC*HC:99214:25*272.99*96.14**1~DTM*472*20200921~CAS*CO*45*176.85~REF*6R*CP2USJ99GFMW~AMT*B6*96.14~LQ*HE*N45~LQ*HE*N381~SVC*HC:90471*53.53*19.27**1~DTM*472*20200921~CAS*CO*45*34.26~REF*6R*CP2UUSQV40V3~AMT*B6*19.27~LQ*HE*N45~LQ*HE*N381~SVC*HC:90756*35*20.31**1~DTM*472*20200921~CAS*CO*45*14.69~REF*6R*CP2UAVL13WM2~AMT*B6*20.31~LQ*HE*N381~CLP*000100038945*1*15*8.34**MC*2020283043400~NM1*QC*1*TANKSLEY*DAYSHA*A***MR*O203621~NM1*82*1*SEARLES*DENISE*A***XX*1396971230~REF*EA*589B5C1C8C03462C98A15EB96383649B~DTM*232*20200811~DTM*233*20200811~SVC*HC:81025*15*8.34**1~DTM*472*20200811~CAS*CO*45*6.66~REF*6R*CP2IJ5FVJR9U~AMT*B6*8.34~LQ*HE*N59~LQ*HE*N381~CLP*000100041069*1*550.7*200.1**MC*2020283043316~NM1*QC*1*WEST*SHANNON*D***MR*S204700~NM1*82*1*TSAMBIKOS*RICHARD****XX*1467985713~REF*EA*A42A709A29B1456390521FE28C94771D~DTM*232*20200923~DTM*233*20200923~SVC*HC:99204:25*450.07*148.09**1~DTM*472*20200923~CAS*CO*45*301.98~REF*6R*CP2U6VZ2Q7NH~AMT*B6*148.09~LQ*HE*N45~LQ*HE*N381~SVC*HC:90471*53.53*19.27**1~DTM*472*20200923~CAS*CO*45*34.26~REF*6R*CP2UCPR5N11U~AMT*B6*19.27~LQ*HE*N45~LQ*HE*N381~SVC*HC:90756*30*20.31**1~DTM*472*20200923~CAS*CO*45*9.69~REF*6R*CP2UZQEJYNM9~AMT*B6*20.31~LQ*HE*N381~SVC*HC:99406*17.1*12.43**1~DTM*472*20200923~CAS*CO*45*4.67~REF*6R*CP2U20SVWKXQ~AMT*B6*12.43~LQ*HE*N45~LQ*HE*N381~CLP*000100040905*1*689.86*312.89**MC*2020283043445~NM1*QC*1*WINSTON*LATORIA*T***MR*P274606~NM1*82*1*GRONEMEYER*LEANNE*R***XX*1659521045~REF*EA*A639906495AA4181B7BE8703560595FA~DTM*232*20200921~DTM*233*20200921~SVC*HC:99214:25:FP*272.99*118.45**1~DTM*472*20200921~CAS*CO*45*154.54~REF*6R*CP2UMXT2O8P2~AMT*B6*118.45~LQ*HE*N45~LQ*HE*N381~SVC*HC:11982:FP*326.87*172.74**1~DTM*472*20200921~CAS*CO*45*154.13~REF*6R*CP2UN0JQXFQ4~AMT*B6*172.74~LQ*HE*N45~LQ*HE*N381~LQ*HE*N381~SVC*HC:H0049:FP*50*10.81**1~DTM*472*20200921~CAS*CO*45*39.19~REF*6R*CP2U10BBOLRM~AMT*B6*10.81~LQ*HE*N381~SVC*HC:G8510:FP*40*10.89**1~DTM*472*20200921~CAS*CO*45*29.11~REF*6R*CP2UHH6MAM8U~AMT*B6*10.89~LQ*HE*N45~LQ*HE*N381~CLP*000100037800*4*15*0**MC*2020283043310~NM1*QC*1*CRAMER*CHELSEA*C***MR*G314138~NM1*82*1*HOOSHMAND-PARSI*KAYHOSROW****XX*1447291851~REF*EA*E79AB075A1964802BA1B1F90E7FE89A4~DTM*232*20200720~DTM*233*20200720~SVC*HC:81025*15*0**0**1~DTM*472*20200720~CAS*PI*5*15~REF*6R*CP2ULWRKVTH4~LQ*HE*N59~LQ*HE*M77~LQ*HE*M77~CLP*000100040144*4*88.54*0**MC*2020283043405~NM1*QC*1*MANNON*ANGELA*T***MR*O289251~NM1*82*1*HOOSHMAND-PARSI*KAYHOSROW****XX*1447291851~REF*EA*704D44A793134C7695563844E1AE9E0D~DTM*232*20200903~DTM*233*20200903~SVC*HC:99212*88.54*0**0**1~DTM*472*20200903~CAS*PI*167*88.54~REF*6R*CP2UOO4LO3QQ~LQ*HE*MA63~LQ*HE*MA92~LQ*HE*N56~CLP*000100038816*4*40*0**MC*2020283043422~NM1*QC*1*MARTINEZ*JENA*S***MR*P057622~NM1*82*1*GRONEMEYER*LEANNE*R***XX*1659521045~REF*EA*A0B5B25C25ED4B588DC80B940990696D~DTM*232*20200810~DTM*233*20200810~SVC*HC:G8510*40*0**0**1~DTM*472*20200810~CAS*OA*18*40~REF*6R*CP2QFZPIUNMM~LQ*HE*N59~LQ*HE*N45~LQ*HE*N381~CLP*000100039935*4*88.54*0**MC*2020283043438~NM1*QC*1*ORTEGA*STYLES****MR*Y046561~NM1*82*2*HEALTH SOLUTIONS*****XX*1033165527~REF*EA*C97725F5721D44A799345B5C1C94ED2C~DTM*232*20200901~DTM*233*20200901~SVC*HC:H0002*88.54*0**0**1~DTM*472*20200901~CAS*PI*185*88.54~REF*6R*CP2UMA6ME6PQ~LQ*HE*N59~LQ*HE*N290~LQ*HE*N198~CLP*000100037513*4*1809*0**MC*2020283043372~NM1*QC*1*SEGURA*MARK****MR*I900499~NM1*82*1*SEARLES*DENISE*A***XX*1396971230~REF*EA*CCC0C5F799D44115877BCD0F61E4615F~DTM*232*20200714~DTM*233*20200714~SVC*HC:J2315*1805*0**0**380~DTM*472*20200714~CAS*PI*16*1805~REF*6R*CP2QNGTQ1V44~LQ*HE*N59~LQ*HE*N381~SVC*HC:81002*4*0**0**1~DTM*472*20200714~CAS*PI*16*4~REF*6R*CP2QBEPPPDNM~LQ*HE*N59~LQ*HE*N381~CLP*38679*4*395.17*0**MC*2220283005580~NM1*QC*1*SILVER*GENE****MR*G292581~DTM*232*20200805~DTM*233*20200805~SVC*HC:99394:25*280.17*0**0**1~DTM*472*20200805~CAS*PI*16*280.17~REF*HPI*1164974580~LQ*HE*N45~LQ*HE*N381~SVC*HC:99173*25*0**0**1~DTM*472*20200805~CAS*PI*16*25~REF*HPI*1164974580~LQ*HE*N381~SVC*HC:H0049*50*0**0**1~DTM*472*20200805~CAS*PI*16*50~REF*HPI*1164974580~LQ*HE*N381~SVC*HC:G8510*40*0**0**1~DTM*472*20200805~CAS*PI*16*40~REF*HPI*1164974580~LQ*HE*N45~LQ*HE*N381~CLP*000100039585*4*217.66*0**MC*2020283043206~NM1*QC*1*SUSANJ*PAMILA****MR*G602621~NM1*82*1*LEWIS*HOLLY*G***XX*1295234128~REF*EA*4EC2CDBE762149138D07BF1695203D80~DTM*232*20200824~DTM*233*20200824~SVC*HC:H0004*217.66*0**0**2~DTM*472*20200824~CAS*CO*109*217.66~REF*6R*CP2UJXMHTCEJ~LQ*HE*N381~CLP*000100040322*4*178.3*0**MC*2020283043358~NM1*QC*1*WAGNER*DOROTHY*J***MR*P790476~NM1*82*1*CADDALI*ESTRELLA*A***XX*1164974580~REF*EA*E78878636E1B4479831226C58ABDC058~DTM*232*20200909~DTM*233*20200909~SVC*HC:99213:95*178.3*0**0**1~DTM*472*20200909~CAS*PI*96*178.3~REF*6R*CP2U1DBAPZC1~LQ*HE*N30~LQ*HE*MA92~CLP*000100038729*22*-283.92*-113.54**MC*2020255039535~NM1*QC*1*DUGGAN*KACI****MR*P931699~NM1*82*1*CADDALI*ESTRELLA*A***XX*1164974580~REF*EA*0E2FA4AC2EE54F308B257796464AE262~DTM*232*20200806~DTM*233*20200806~SVC*HC:99203:25*-266.84*-96.46**1~DTM*472*20200806~CAS*CO*45*-170.38~REF*6R*CPTMYIMIHSJ3~AMT*B6*96.46~LQ*HE*N45~LQ*HE*N381~SVC*HC:96127*-17.08*-17.08**1~DTM*472*20200806~REF*6R*CPTMKULM7SYX~AMT*B6*17.08~CLP*000100038729*4*283.92*0**MC*5920281012432~NM1*QC*1*DUGGAN*KACI****MR*P931699~NM1*82*1*CADDALI*ESTRELLA*A***XX*1164974580~REF*EA*0E2FA4AC2EE54F308B257796464AE262~DTM*232*20200806~DTM*233*20200806~SVC*HC:99203:25*266.84*0**1~DTM*472*20200806~CAS*CO*129*266.84~REF*6R*CPTMYIMIHSJ3~LQ*HE*N59~SVC*HC:96127*17.08*0**1~DTM*472*20200806~CAS*CO*129*17.08~REF*6R*CPTMKULM7SYX~LQ*HE*N59~PLB*1508250911*20201231*CS:0000376668603*-113.54*CS:0000376668603*113.54~SE*1397*000010012~GE*1*100020215~IEA*1*100020215~