ISA*00*          *00*          *ZZ*COMEDASSISTPROG*ZZ*6769489        *201123*0229*^*00501*300007681*0*P*:~GS*HP*COMEDASSISTPROG*6769489*20201123*022945*300007681*X*005010X221A1~ST*835*000010012~BPR*I*4860.96*C*ACH*CCP*01*075911603*DA*00000004556640373*1811725341**01*102106569*DA*2200002989138*20201123~TRN*1*001146302*1811725341~REF*EV*1508250911~DTM*405*20201120~N1*PR*CO_TXIX*XV*7912900843~N3*P.O. BOX 30~N4*DENVER*CO*80201~PER*CX*MEDICAID PROVIDER SERVICES*TE*8442352387~PER*BL*MEDICAID PROVIDER SERVICES*TE*8442352387~N1*PE*HEALTH SOLUTIONS MED CENTER*XX*1508250911~REF*TJ*841158933~LX*1~CLP*000100042178*2*428.23*2.99**MC*2020319010691~NM1*QC*1*CIRULLO*ROSEANN****MR*L489928~NM1*82*1*CADDALI*ESTRELLA*A***XX*1164974580~REF*EA*88030A57B8094287A7368B040E87DD58~DTM*232*20201013~DTM*233*20201013~SVC*HC:G0439:25*373.56*0**1~DTM*472*20201013~CAS*OA*P22*373.56~REF*6R*CP4U24JJ3M4Q~LQ*HE*MA125~SVC*HC:93000*54.67*2.99**1~DTM*472*20201013~CAS*CO*45*51.68~REF*6R*CP4UM5TZCNPC~AMT*B6*2.99~LQ*HE*N381~LQ*HE*N381~CLP*000100041166*2*535.1*36.05**MC*2020319010677~NM1*QC*1*DICKERSON*RAUNITA****MR*G832391~NM1*82*1*GRONEMEYER*LEANNE*R***XX*1659521045~REF*EA*5BD7766EBB124B37A7F133B318B50D0A~DTM*232*20200924~DTM*233*20200924~SVC*HC:99213:25:FP*178.3*13.11**1~DTM*472*20200924~CAS*CO*45*165.19~REF*6R*CP4UA1U1PYBW~AMT*B6*13.11~LQ*HE*N45~LQ*HE*N381~LQ*HE*N381~SVC*HC:96372:FP*83.99*2.49**1~DTM*472*20200924~CAS*CO*45*81.5~REF*6R*CP4UZ8JAM6WW~AMT*B6*2.49~LQ*HE*N381~LQ*HE*N381~SVC*HC:J1050:FP*135*14.16**150~DTM*472*20200924~CAS*CO*45*120.84~REF*6R*CP4UMEZBDW2I~AMT*B6*14.16~LQ*HE*N381~LQ*HE*N381~SVC*HC:G0444*30.75*0**1~DTM*472*20200924~CAS*CO*45*30.75~REF*6R*CP4UXMPUJYMF~SVC*HC:G0396*107.06*6.29**1~DTM*472*20200924~CAS*OA*P22*100.77~REF*6R*CP4UCZAIHZ9O~AMT*B6*6.29~LQ*HE*MA125~CLP*000100036358*2*22*2.28**MC*2020319010683~NM1*QC*1*GARCIA*DANIELLE*N***MR*Q868241~NM1*82*1*SEARLES*DENISE*A***XX*1396971230~REF*EA*3231AD408F3F446FBD181E429E68131A~DTM*232*20200617~DTM*233*20200617~SVC*HC:G2012*22*2.28**1~DTM*472*20200617~CAS*OA*P22*19.72~REF*6R*CP4EGGCCLINH~AMT*B6*2.28~LQ*HE*MA125~LQ*HE*MA125~CLP*000100041638*2*371.52*19**MC*2020319010682~NM1*QC*1*GREEN*DAVID*W***MR*N673974~NM1*82*1*GRONEMEYER*LEANNE*R***XX*1659521045~REF*EA*CF098294498946F79B7657DB027C8357~DTM*232*20201001~DTM*233*20201001~SVC*HC:99214:25*272.99*19**1~DTM*472*20201001~CAS*CO*45*253.99~REF*6R*CP4UQK975Y2J~AMT*B6*19~LQ*HE*N45~LQ*HE*N381~LQ*HE*N381~SVC*HC:G0008*53.53*0**0**1~DTM*472*20201001~CAS*PI*16*53.53~REF*6R*CP4UCRKB4B13~LQ*HE*N381~LQ*HE*N56~SVC*HC:Q2038*45*0**0**1~DTM*472*20201001~CAS*CO*56*45~REF*6R*CP4UN1FZQ5Q2~LQ*HE*N130~LQ*HE*N130~CLP*000100042404*2*272.99*19**MC*2020319010696~NM1*QC*1*GURGANUS*ANTHONY****MR*O603264~NM1*82*1*GRONEMEYER*LEANNE*R***XX*1659521045~REF*EA*00C31EC959DD447C9A54FC5A61995ECA~DTM*232*20201015~DTM*233*20201015~SVC*HC:99214*272.99*19**1~DTM*472*20201015~CAS*CO*45*253.99~REF*6R*CP4UB7L3SHTQ~AMT*B6*19~LQ*HE*N45~LQ*HE*N381~LQ*HE*N381~CLP*000100042376*2*272.99*6.72**MC*2020319010689~NM1*QC*1*LUCERO*JOSEPH*M***MR*R578443~NM1*82*1*HOOSHMAND-PARSI*KAYHOSROW****XX*1447291851~REF*EA*87EA22B257034FE09B31D2986906D0C0~DTM*232*20201015~DTM*233*20201015~SVC*HC:99214*272.99*6.72**1~DTM*472*20201015~CAS*CO*45*266.27~REF*6R*CP4UL5KZF9AM~AMT*B6*6.72~LQ*HE*N45~LQ*HE*N381~LQ*HE*N381~CLP*38644*2*450.07*28.68**MC*2220324007889~NM1*QC*1*ROBINSON*JASMINE****MR*Y094819~DTM*232*20200805~DTM*233*20200805~SVC*HC:99204:25*450.07*28.68**1~DTM*472*20200805~CAS*CO*45*421.39~REF*HPI*1164974580~AMT*B6*28.68~LQ*HE*N45~LQ*HE*N381~LQ*HE*N381~CLP*38769*2*272.99*13.74**MC*2220324008079~NM1*QC*1*ROBINSON*JASMINE****MR*Y094819~DTM*232*20200807~DTM*233*20200807~SVC*HC:99214*272.99*13.74**1~DTM*472*20200807~CAS*CO*45*259.25~REF*HPI*1164974580~AMT*B6*13.74~LQ*HE*N45~LQ*HE*N381~LQ*HE*N381~CLP*38942*2*287.99*19**MC*2220324008149~NM1*QC*1*ROBINSON*JASMINE****MR*Y094819~DTM*232*20200811~DTM*233*20200811~SVC*HC:99214:25*272.99*19**1~DTM*472*20200811~CAS*CO*45*253.99~REF*HPI*1164974580~AMT*B6*19~LQ*HE*N45~LQ*HE*N381~LQ*HE*N381~SVC*HC:81025*15*0**1~DTM*472*20200811~CAS*CO*45*15~REF*HPI*1164974580~LQ*HE*N381~CLP*39132*2*178.3*8.93**MC*2220324008300~NM1*QC*1*ROBINSON*JASMINE****MR*Y094819~DTM*232*20200814~DTM*233*20200814~SVC*HC:99213*178.3*8.93**1~DTM*472*20200814~CAS*CO*45*169.37~REF*HPI*1396971230~AMT*B6*8.93~LQ*HE*N45~LQ*HE*N381~LQ*HE*N381~CLP*39271*2*193.3*12.69**MC*2220324008370~NM1*QC*1*ROBINSON*JASMINE****MR*Y094819~DTM*232*20200814~DTM*233*20200814~SVC*HC:99213:25*178.3*12.69**1~DTM*472*20200814~CAS*CO*45*165.61~REF*HPI*1396971230~AMT*B6*12.69~LQ*HE*N45~LQ*HE*N381~LQ*HE*N381~SVC*HC:81025*15*0**1~DTM*472*20200814~CAS*CO*45*15~REF*HPI*1396971230~LQ*HE*N381~CLP*39356*2*327.66*21.99**MC*2220324008588~NM1*QC*1*ROBINSON*JASMINE****MR*Y094819~DTM*232*20200819~DTM*233*20200819~SVC*HC:99214:25*272.99*19**1~DTM*472*20200819~CAS*CO*45*253.99~REF*HPI*1164974580~AMT*B6*19~LQ*HE*N45~LQ*HE*N381~LQ*HE*N381~SVC*HC:93000*54.67*2.99**1~DTM*472*20200819~CAS*CO*45*51.68~REF*HPI*1164974580~AMT*B6*2.99~LQ*HE*N381~LQ*HE*N381~CLP*000100042161*2*178.3*3.44**MC*2020319010694~NM1*QC*1*VIGIL*AUGUSTINE****MR*Y811310~NM1*82*1*HOOSHMAND-PARSI*KAYHOSROW****XX*1447291851~REF*EA*A65A9EED8C524341A3BA9FC237AFCDF6~DTM*232*20201013~DTM*233*20201013~SVC*HC:99213*178.3*3.44**1~DTM*472*20201013~CAS*CO*45*174.86~REF*6R*CP4UHYNNVJQW~AMT*B6*3.44~LQ*HE*N45~LQ*HE*N381~LQ*HE*N381~CLP*000100041604*4*587.88*0**MC*2020319010681~NM1*QC*1*GETTERLY*VALENE*T***MR*Y215953~NM1*82*1*WARE*SONDRA*E***XX*1386181444~REF*EA*3801A1E0011F4FD6BFAA9BC843BBD927~DTM*232*20201001~DTM*233*20201001~SVC*HC:99204:25*450.07*0**0**1~DTM*472*20201001~CAS*PI*16*450.07~REF*6R*CP4UDNTPH7WB~LQ*HE*MA70~SVC*HC:G0444*30.75*0**0**1~DTM*472*20201001~CAS*PI*16*30.75~REF*6R*CP4U487C1B08~LQ*HE*MA70~SVC*HC:G0396*107.06*0**0**1~DTM*472*20201001~CAS*PI*16*107.06~REF*6R*CP4U1L4R1SAZ~LQ*HE*MA70~CLP*38961*4*272.99*0**MC*2220324008206~NM1*QC*1*ROBINSON*JASMINE****MR*Y094819~DTM*232*20200812~DTM*233*20200812~SVC*HC:99214*272.99*0**0**1~DTM*472*20200812~CAS*PI*167*272.99~REF*HPI*1164974580~LQ*HE*MA63~CLP*000100043048*1*272.99*96.14**MC*2020324030608~NM1*QC*1*AMOS*JAMES*R***MR*O815925~NM1*82*1*WARE*SONDRA*E***XX*1386181444~REF*EA*2393344DCA134C23961D1F9E23664FA9~DTM*232*20201027~DTM*233*20201027~SVC*HC:99214*272.99*96.14**1~DTM*472*20201027~CAS*CO*45*176.85~REF*6R*CPDUA8GXFBA8~AMT*B6*96.14~LQ*HE*N45~LQ*HE*N381~CLP*000100042966*1*361.52*133.72*2*MC*2020324030629~NM1*QC*1*ARELLANO*CHELSEA****MR*O487114~NM1*82*1*TSAMBIKOS*RICHARD****XX*1467985713~REF*EA*0B9CCD7883E44F7D9EAAAA482C1DCA32~DTM*232*20201023~DTM*233*20201023~SVC*HC:99214:25*272.99*94.14**1~DTM*472*20201023~CAS*PR*3*2~CAS*CO*45*176.85~REF*6R*CPDUP021MW0W~AMT*B6*96.14~LQ*HE*N45~LQ*HE*N381~LQ*HE*N381~SVC*HC:90471*53.53*19.27**1~DTM*472*20201023~CAS*CO*45*34.26~REF*6R*CPDUQLDVB09I~AMT*B6*19.27~LQ*HE*N45~LQ*HE*N381~SVC*HC:90756*35*20.31**1~DTM*472*20201023~CAS*CO*45*14.69~REF*6R*CPDUHTDV5ED5~AMT*B6*20.31~LQ*HE*N381~CLP*000100042944*1*450.07*148.09**MC*2020324030830~NM1*QC*1*ARELLANO*IVAH****MR*O119483~NM1*82*1*TSAMBIKOS*RICHARD****XX*1467985713~REF*EA*A971CB1A918C4700AFAA6F5B48E2C012~DTM*232*20201023~DTM*233*20201023~SVC*HC:99204*450.07*148.09**1~DTM*472*20201023~CAS*CO*45*301.98~REF*6R*CPDURL4WU1JY~AMT*B6*148.09~LQ*HE*N45~LQ*HE*N381~CLP*000100043095*1*178.3*63.15*2*MC*2020324030778~NM1*QC*1*BACA*JESSE****MR*Y236624~NM1*82*1*CADDALI*ESTRELLA*A***XX*1164974580~REF*EA*42C1089EDC58443E894E4C3F8659C4C0~DTM*232*20201028~DTM*233*20201028~SVC*HC:99213*178.3*63.15**1~DTM*472*20201028~CAS*PR*3*2~CAS*CO*45*113.15~REF*6R*CPDURU2QYDPC~AMT*B6*65.15~LQ*HE*N45~LQ*HE*N381~LQ*HE*N381~CLP*000100042200*1*270.83*108.1**MC*2020324030737~NM1*QC*1*BACKUSH*SUMAYAH*H***MR*Y862562~NM1*82*1*WARE*SONDRA*E***XX*1386181444~REF*EA*BA70859D442343FA9A642C35DBE34030~DTM*232*20201013~DTM*233*20201013~SVC*HC:99213:25*178.3*65.15**1~DTM*472*20201013~CAS*CO*45*113.15~REF*6R*CPD2SU1ZTN3C~AMT*B6*65.15~LQ*HE*N45~LQ*HE*N381~SVC*HC:90471*53.53*19.27**1~DTM*472*20201013~CAS*CO*45*34.26~REF*6R*CPD2459ZONZA~AMT*B6*19.27~LQ*HE*N45~LQ*HE*N381~SVC*HC:90756*35*20.31**1~DTM*472*20201013~CAS*CO*45*14.69~REF*6R*CPD2CV4TGS9P~AMT*B6*20.31~LQ*HE*N381~SVC*HC:81002*4*3.37**1~DTM*472*20201013~CAS*CO*45*.63~REF*6R*CPD263IPQ8QL~AMT*B6*3.37~LQ*HE*N381~CLP*000100043139*1*272.99*96.14**MC*2020324030689~NM1*QC*1*CHADDIC*KARINA*A***MR*Y573460~NM1*82*1*TSAMBIKOS*RICHARD****XX*1467985713~REF*EA*1401DA69C04D4994975715B461D7B543~DTM*232*20201028~DTM*233*20201028~SVC*HC:99214*272.99*96.14**1~DTM*472*20201028~CAS*CO*45*176.85~REF*6R*CPDULBDJKC34~AMT*B6*96.14~LQ*HE*N45~LQ*HE*N381~CLP*000100039472*1*327.66*117.43**MC*2020324030788~NM1*QC*1*DUGGAN*KACI****MR*P931699~NM1*82*1*CADDALI*ESTRELLA*A***XX*1164974580~REF*EA*37362F8E668E45DBA915E7EA7ED82DF2~DTM*232*20200820~DTM*233*20200820~SVC*HC:99214:25*272.99*96.14**1~DTM*472*20200820~CAS*CO*45*176.85~REF*6R*CPDUIF2CMJHE~AMT*B6*96.14~LQ*HE*N45~LQ*HE*N381~SVC*HC:93000*54.67*21.29**1~DTM*472*20200820~CAS*CO*45*33.38~REF*6R*CPDUCJQERHSR~AMT*B6*21.29~LQ*HE*N381~CLP*000100043143*1*450.07*148.09**MC*2020324030827~NM1*QC*1*ELBOWSHEILD*DANIEL*L***MR*O119714~NM1*74*1*ELBOW SHIELD~NM1*82*1*TSAMBIKOS*RICHARD****XX*1467985713~REF*EA*9126C582E2704F4A8ECA5070180D1ADC~DTM*232*20201028~DTM*233*20201028~SVC*HC:99204*450.07*148.09**1~DTM*472*20201028~CAS*CO*45*301.98~REF*6R*CPDUXAO2JK5C~AMT*B6*148.09~LQ*HE*N45~LQ*HE*N381~CLP*000100043043*1*15*8.34**MC*2020324030870~NM1*QC*1*ESPINOZA*BRITTANY*R***MR*K573276~NM1*82*1*SEARLES*DENISE*A***XX*1396971230~REF*EA*CE24F8A8733446E183D2F7892245BD56~DTM*232*20201027~DTM*233*20201027~SVC*HC:81025*15*8.34**1~DTM*472*20201027~CAS*CO*45*6.66~REF*6R*CPDUU9U3GCUZ~AMT*B6*8.34~LQ*HE*N381~CLP*000100043054*1*178.3*65.15**MC*2020324030817~NM1*QC*1*ESPINOZA*ELIJAH*J***MR*O197652~NM1*82*1*TSAMBIKOS*RICHARD****XX*1467985713~REF*EA*400C7DC7D0254B9DA398450876D09290~DTM*232*20201027~DTM*233*20201027~SVC*HC:99213*178.3*65.15**1~DTM*472*20201027~CAS*CO*45*113.15~REF*6R*CPDUH332T9FF~AMT*B6*65.15~LQ*HE*N45~LQ*HE*N381~CLP*000100043136*1*217.66*54.8**MC*2020324030423~NM1*QC*1*FERNANDEZ*RICO*J***MR*P485087~NM1*82*1*LEWIS*HOLLY*G***XX*1295234128~REF*EA*D790EF04F7D248E48EDA70E754FF3E6F~DTM*232*20201028~DTM*233*20201028~SVC*HC:90832*217.66*54.8**1~DTM*472*20201028~CAS*CO*45*162.86~REF*6R*CPDUFIZN3CS7~AMT*B6*54.8~LQ*HE*N381~CLP*000100043113*1*466.67*187.34**MC*2020324030808~NM1*QC*1*FERNANDEZ*RICO*J***MR*P485087~NM1*82*1*CADDALI*ESTRELLA*A***XX*1164974580~REF*EA*D99360D3BB2A468C9ADB5D202871CCD0~DTM*232*20201028~DTM*233*20201028~SVC*HC:99395:25*288.14*106.74**1~DTM*472*20201028~CAS*CO*45*181.4~REF*6R*CPDU564R2F71~AMT*B6*106.74~LQ*HE*N45~LQ*HE*N381~SVC*HC:90471*53.53*19.27**1~DTM*472*20201028~CAS*CO*45*34.26~REF*6R*CPDU1TKDS1FY~AMT*B6*19.27~LQ*HE*N45~LQ*HE*N381~SVC*HC:90756*35*20.31**1~DTM*472*20201028~CAS*CO*45*14.69~REF*6R*CPDUWGG3KESK~AMT*B6*20.31~LQ*HE*N381~SVC*HC:H0049*50*10.81**1~DTM*472*20201028~CAS*CO*45*39.19~REF*6R*CPDUDNG80TV8~AMT*B6*10.81~LQ*HE*N381~SVC*HC:G8431*40*30.21**1~DTM*472*20201028~CAS*CO*45*9.79~REF*6R*CPDUMX0VWB9O~AMT*B6*30.21~LQ*HE*N45~LQ*HE*N381~CLP*000100043164*1*272.99*96.14**MC*2020324030516~NM1*QC*1*FIELDS*HEATHER*R***MR*Y397869~NM1*82*1*GRONEMEYER*LEANNE*R***XX*1659521045~REF*EA*FE421EE84FD54114B710ED102C8E33A9~DTM*232*20201028~DTM*233*20201028~SVC*HC:99214*272.99*96.14**1~DTM*472*20201028~CAS*CO*45*176.85~REF*6R*CPDUBCTOYHH5~AMT*B6*96.14~LQ*HE*N45~LQ*HE*N381~CLP*000100040547*1*288.14*104.74*2*MC*2020324030430~NM1*QC*1*FIENE*ALAURA****MR*G541414~NM1*82*1*TSAMBIKOS*RICHARD****XX*1467985713~REF*EA*474F585A48F84CE3BEF0A37BAC4C371B~DTM*232*20200915~DTM*233*20200915~SVC*HC:99395*288.14*104.74**1~DTM*472*20200915~CAS*PR*3*2~CAS*CO*45*181.4~REF*6R*CPDUTYCWYTHY~AMT*B6*106.74~LQ*HE*N45~LQ*HE*N381~LQ*HE*N381~CLP*000100043110*1*178.3*65.15**MC*2020324030473~NM1*QC*1*FREIDENBERGER*JOANN****MR*D982237~NM1*82*1*TSAMBIKOS*RICHARD****XX*1467985713~REF*EA*2E6BE70298B14615B867A7A496AAE550~DTM*232*20201028~DTM*233*20201028~SVC*HC:99213*178.3*65.15**1~DTM*472*20201028~CAS*CO*45*113.15~REF*6R*CPDUUVG89Q9H~AMT*B6*65.15~LQ*HE*N45~LQ*HE*N381~CLP*000100043131*1*490.07*178.3**MC*2020324030713~NM1*QC*1*GONZALES*JESS*G***MR*M120068~NM1*74*1*GONZALE~NM1*82*1*TSAMBIKOS*RICHARD****XX*1467985713~REF*EA*2D003CFD3A2B493DA51383CA565AEFE4~DTM*232*20201028~DTM*233*20201028~SVC*HC:99204:25*450.07*148.09**1~DTM*472*20201028~CAS*CO*45*301.98~REF*6R*CPDUZ425PA1V~AMT*B6*148.09~LQ*HE*N45~LQ*HE*N381~SVC*HC:G8431*40*30.21**1~DTM*472*20201028~CAS*CO*45*9.79~REF*6R*CPDUSH7RMU2J~AMT*B6*30.21~LQ*HE*N45~LQ*HE*N381~CLP*000100043160*1*272.99*96.14**MC*2020324030567~NM1*QC*1*GONZALES*KAYLA****MR*P429565~NM1*74*1*GONZALEZ**A~NM1*82*1*GRONEMEYER*LEANNE*R***XX*1659521045~REF*EA*4D661CE9AC0244D99EDA34E96981B530~DTM*232*20201028~DTM*233*20201028~SVC*HC:99214*272.99*96.14**1~DTM*472*20201028~CAS*CO*45*176.85~REF*6R*CPDUU15F79MV~AMT*B6*96.14~LQ*HE*N45~LQ*HE*N381~CLP*000100042876*1*628.6*228.69**MC*2020324030750~NM1*QC*1*GRAVES*KRISTEY****MR*P971612~NM1*82*1*TSAMBIKOS*RICHARD****XX*1467985713~REF*EA*A073017F7D8A4DD188CE304D4C2C8426~DTM*232*20201022~DTM*233*20201022~SVC*HC:99204:25*450.07*148.09**1~DTM*472*20201022~CAS*CO*45*301.98~REF*6R*CPDUM7N0ETD5~AMT*B6*148.09~LQ*HE*N45~LQ*HE*N381~SVC*HC:90471*53.53*19.27**1~DTM*472*20201022~CAS*CO*45*34.26~REF*6R*CPDU017ZAR0J~AMT*B6*19.27~LQ*HE*N45~LQ*HE*N381~SVC*HC:90756*35*20.31**1~DTM*472*20201022~CAS*CO*45*14.69~REF*6R*CPDU8S54XLQB~AMT*B6*20.31~LQ*HE*N381~SVC*HC:H0049*50*10.81**1~DTM*472*20201022~CAS*CO*45*39.19~REF*6R*CPDUT6FMJMZ2~AMT*B6*10.81~LQ*HE*N381~SVC*HC:G8431*40*30.21**1~DTM*472*20201022~CAS*CO*45*9.79~REF*6R*CPDUYGPHFPH5~AMT*B6*30.21~LQ*HE*N45~LQ*HE*N381~CLP*000100043191*1*178.3*65.15**MC*2020324030446~NM1*QC*1*HERRERA*CLORINDA*E***MR*C652229~NM1*82*1*CADDALI*ESTRELLA*A***XX*1164974580~REF*EA*FBC45F7CA54A4867987D0F8CE68C814B~DTM*232*20201029~DTM*233*20201029~SVC*HC:99213*178.3*65.15**1~DTM*472*20201029~CAS*CO*45*113.15~REF*6R*CPDU0EOEU8CD~AMT*B6*65.15~LQ*HE*N45~LQ*HE*N381~CLP*000100041629*1*547.43*177.06**MC*2020324030834~NM1*QC*1*HOUCHIN*JOSHUA*D***MR*P954609~NM1*82*1*WARE*SONDRA*E***XX*1386181444~REF*EA*B3C42B266CE648D58E089013FA6336A1~DTM*232*20201001~DTM*233*20201001~SVC*HC:99203:25*266.84*96.46**1~DTM*472*20201001~CAS*CO*45*170.38~REF*6R*CPD2BN0FOJ0M~AMT*B6*96.46~LQ*HE*N45~LQ*HE*N381~SVC*HC:69210:50*107.06*0**0**1~DTM*472*20201001~CAS*PI*16*107.06~REF*6R*CPD2YQVUTC30~LQ*HE*N572~SVC*HC:90471*53.53*19.27**1~DTM*472*20201001~CAS*CO*45*34.26~REF*6R*CPD2B6KDDIF4~AMT*B6*19.27~LQ*HE*N45~LQ*HE*N381~SVC*HC:90756*30*20.31**1~DTM*472*20201001~CAS*CO*45*9.69~REF*6R*CPD24VA5UXRM~AMT*B6*20.31~LQ*HE*N381~SVC*HC:H0049*50*10.81**1~DTM*472*20201001~CAS*CO*45*39.19~REF*6R*CPD2NRDLLZSM~AMT*B6*10.81~LQ*HE*N381~SVC*HC:G8431*40*30.21**1~DTM*472*20201001~CAS*CO*45*9.79~REF*6R*CPD2C0DIRVSS~AMT*B6*30.21~LQ*HE*N45~LQ*HE*N381~CLP*000100042955*1*288.14*106.74**MC*2020324030501~NM1*QC*1*JACKSON*TIMEKU****MR*M493473~NM1*82*1*CADDALI*ESTRELLA*A***XX*1164974580~REF*EA*49CD0674F1A64E6AB3BF22B1BC637BB8~DTM*232*20201023~DTM*233*20201023~SVC*HC:99395*288.14*106.74**1~DTM*472*20201023~CAS*CO*45*181.4~REF*6R*CPDU3LL8NHLI~AMT*B6*106.74~LQ*HE*N45~LQ*HE*N381~CLP*000100042379*1*540.07*169.79**MC*2020324030508~NM1*QC*1*JOHNSON*JULIET*A***MR*P371870~NM1*82*1*WARE*SONDRA*E***XX*1386181444~REF*EA*734A0D7F20C34FB099B5E5CA89172585~DTM*232*20201015~DTM*233*20201015~SVC*HC:99204:25*450.07*148.09**1~DTM*472*20201015~CAS*CO*45*301.98~REF*6R*CPD2PUDGIUCR~AMT*B6*148.09~LQ*HE*N45~LQ*HE*N381~SVC*HC:H0049*50*10.81**1~DTM*472*20201015~CAS*CO*45*39.19~REF*6R*CPD2J6D5D1PH~AMT*B6*10.81~LQ*HE*N381~SVC*HC:G8510*40*10.89**1~DTM*472*20201015~CAS*CO*45*29.11~REF*6R*CPD23XKI5L4N~AMT*B6*10.89~LQ*HE*N45~LQ*HE*N381~CLP*000100043038*1*303.14*106.74**MC*2020324030676~NM1*QC*1*KEENEY*AMBER*D***MR*G217802~NM1*82*1*CADDALI*ESTRELLA*A***XX*1164974580~REF*EA*07C0B1C80626402DA8D9ADEE8833EF2C~DTM*232*20201027~DTM*233*20201027~SVC*HC:99395:25*288.14*106.74**1~DTM*472*20201027~CAS*CO*45*181.4~REF*6R*CPDU6P4LJO7F~AMT*B6*106.74~LQ*HE*N45~LQ*HE*N381~SVC*HC:99000*15*0**0**1~DTM*472*20201027~CAS*PI*97*15~REF*6R*CPDUNVORLEA3~LQ*HE*M15~LQ*HE*N381~CLP*000100043149*1*178.3*65.15**MC*2020324030701~NM1*QC*1*LAIRD*AMY*J***MR*T813895~NM1*82*1*CADDALI*ESTRELLA*A***XX*1164974580~REF*EA*1A1C5EF3ABD842EEBC1934E96E14AB2D~DTM*232*20201028~DTM*233*20201028~SVC*HC:99213*178.3*65.15**1~DTM*472*20201028~CAS*CO*45*113.15~REF*6R*CPDUOU2JLF7P~AMT*B6*65.15~LQ*HE*N45~LQ*HE*N381~CLP*000100043132*1*628.6*207.37*2*MC*2020324030724~NM1*QC*1*LANTIS*SHY****MR*G316865~NM1*82*1*WARE*SONDRA*E***XX*1386181444~REF*EA*F10CCFF6BF1743E7B0D3617CBFE3F035~DTM*232*20201028~DTM*233*20201028~SVC*HC:99204:25*450.07*146.09**1~DTM*472*20201028~CAS*PR*3*2~CAS*CO*45*301.98~REF*6R*CPDU883JURBZ~AMT*B6*148.09~LQ*HE*N45~LQ*HE*N381~LQ*HE*N381~SVC*HC:90471*53.53*19.27**1~DTM*472*20201028~CAS*CO*45*34.26~REF*6R*CPDUKBP5BIY8~AMT*B6*19.27~LQ*HE*N45~LQ*HE*N381~SVC*HC:90756*35*20.31**1~DTM*472*20201028~CAS*CO*45*14.69~REF*6R*CPDUY2CH14E4~AMT*B6*20.31~LQ*HE*N381~SVC*HC:H0049*50*10.81**1~DTM*472*20201028~CAS*CO*45*39.19~REF*6R*CPDUJMZ1S3J1~AMT*B6*10.81~LQ*HE*N381~SVC*HC:G8510*40*10.89**1~DTM*472*20201028~CAS*CO*45*29.11~REF*6R*CPDUROZKRWME~AMT*B6*10.89~LQ*HE*N45~LQ*HE*N381~CLP*000100043195*1*272.99*94.14*2*MC*2020324030433~NM1*QC*1*LEFFEL*AMY*N***MR*O980464~NM1*82*1*GRONEMEYER*LEANNE*R***XX*1659521045~REF*EA*63385EA557D3448A9C495BAC7DEE9DC5~DTM*232*20201029~DTM*233*20201029~SVC*HC:99214*272.99*94.14**1~DTM*472*20201029~CAS*PR*3*2~CAS*CO*45*176.85~REF*6R*CPDUII3LFUUB~AMT*B6*96.14~LQ*HE*N45~LQ*HE*N381~LQ*HE*N381~CLP*000100043114*1*600.07*10.81**MC*2020324030644~NM1*QC*1*LEIBSEIT*HEIDI*A***MR*R466623~NM1*82*1*TSAMBIKOS*RICHARD****XX*1467985713~REF*EA*3475AE4972FF4DEFBBF627853DCBCD33~DTM*232*20201028~DTM*233*20201028~SVC*HC:99204:25*450.07*0**0**1~DTM*472*20201028~CAS*PI*16*450.07~REF*6R*CPDU6OB7KJ9P~LQ*HE*MA92~SVC*HC:87426*60*0**0**1~DTM*472*20201028~CAS*PI*16*60~REF*6R*CPDUZ1BD3LFI~LQ*HE*MA92~SVC*HC:H0049*50*10.81**1~DTM*472*20201028~CAS*CO*45*39.19~REF*6R*CPDUNGV2U4U7~AMT*B6*10.81~LQ*HE*N381~SVC*HC:G8510*40*0**0**1~DTM*472*20201028~CAS*PI*16*40~REF*6R*CPDUUYYPJG8W~LQ*HE*MA92~CLP*000100043107*1*224.37*84.75**MC*2020324030906~NM1*QC*1*LUCERO*ANEA*R***MR*T137493~NM1*82*1*TSAMBIKOS*RICHARD****XX*1467985713~REF*EA*D303610182694E32B79ABE86FE92433A~DTM*232*20201028~DTM*233*20201028~SVC*HC:99213:25*178.3*65.15**1~DTM*472*20201028~CAS*CO*45*113.15~REF*6R*CPDU7CNXI5SR~AMT*B6*65.15~LQ*HE*N45~LQ*HE*N381~SVC*HC:98926*46.07*19.6**1~DTM*472*20201028~CAS*CO*45*26.47~REF*6R*CPDUHBBS4JIK~AMT*B6*19.6~LQ*HE*N381~CLP*000100042870*1*432.83*215.11**MC*2020324030653~NM1*QC*1*MARTINEZ*KARA*M***MR*P293930~NM1*82*1*HOOSHMAND-PARSI*KAYHOSROW****XX*1447291851~REF*EA*7B559E25A7E043A3A08DAF626AD45947~DTM*232*20201022~DTM*233*20201022~SVC*HC:99213:25*178.3*65.15**1~DTM*472*20201022~CAS*CO*45*113.15~REF*6R*CPDU9IKNH7QT~AMT*B6*65.15~LQ*HE*N45~LQ*HE*N381~SVC*HC:90471*53.53*19.27**1~DTM*472*20201022~CAS*CO*45*34.26~REF*6R*CPDUYDHBQ1UD~AMT*B6*19.27~LQ*HE*N45~LQ*HE*N381~SVC*HC:90756*30*20.31**1~DTM*472*20201022~CAS*CO*45*9.69~REF*6R*CPDU6BWXPHI5~AMT*B6*20.31~LQ*HE*N381~SVC*HC:90472*41*11.19**1~DTM*472*20201022~CAS*CO*45*29.81~REF*6R*CPDUR83XV2KB~AMT*B6*11.19~LQ*HE*N45~LQ*HE*N381~SVC*HC:90732*130*99.19**1~DTM*472*20201022~CAS*CO*45*30.81~REF*6R*CPDUZQVR7NNT~AMT*B6*99.19~LQ*HE*N381~CLP*000100043089*1*272.99*96.14**MC*2020324030587~NM1*QC*1*MARTINEZ*LOUIE*M***MR*H926677~NM1*82*1*WARE*SONDRA*E***XX*1386181444~REF*EA*EB4C4447597444B9B5A49C4CA5948A80~DTM*232*20201028~DTM*233*20201028~SVC*HC:99214*272.99*96.14**1~DTM*472*20201028~CAS*CO*45*176.85~REF*6R*CPDU9A2ZCXT3~AMT*B6*96.14~LQ*HE*N45~LQ*HE*N381~CLP*000100042177*1*628.6*209.37**MC*2020324030596~NM1*QC*1*MARTINEZ*LOUIE*M***MR*H926677~NM1*82*1*WARE*SONDRA*E***XX*1386181444~REF*EA*A2C93B1AEAE344C281803BC0938374EA~DTM*232*20201013~DTM*233*20201013~SVC*HC:99204:25*450.07*148.09**1~DTM*472*20201013~CAS*CO*45*301.98~REF*6R*CPD2KPJFQTN5~AMT*B6*148.09~LQ*HE*N45~LQ*HE*N381~SVC*HC:90471*53.53*19.27**1~DTM*472*20201013~CAS*CO*45*34.26~REF*6R*CPD2XV0JG3N5~AMT*B6*19.27~LQ*HE*N45~LQ*HE*N381~SVC*HC:90756*35*20.31**1~DTM*472*20201013~CAS*CO*45*14.69~REF*6R*CPD24QUL4VVY~AMT*B6*20.31~LQ*HE*N381~SVC*HC:H0049*50*10.81**1~DTM*472*20201013~CAS*CO*45*39.19~REF*6R*CPD2AOHOW59A~AMT*B6*10.81~LQ*HE*N381~SVC*HC:G8510*40*10.89**1~DTM*472*20201013~CAS*CO*45*29.11~REF*6R*CPD2AHX4RZQJ~AMT*B6*10.89~LQ*HE*N45~LQ*HE*N381~CLP*000100043088*1*312.06*113.79**MC*2020324030541~NM1*QC*1*MELTON*DAVID*V***MR*I854928~NM1*82*1*WARE*SONDRA*E***XX*1386181444~REF*EA*20EB6A6CBE9641F19B4B10E42EAB6292~DTM*232*20201028~DTM*233*20201028~SVC*HC:99396*312.06*113.79**1~DTM*472*20201028~CAS*CO*45*198.27~REF*6R*CPDU5SOLOK97~AMT*B6*113.79~LQ*HE*N45~LQ*HE*N381~CLP*000100043126*1*178.3*63.15*2*MC*2020324030765~NM1*QC*1*MITCHELL*DEBORAH****MR*W309719~NM1*82*1*CADDALI*ESTRELLA*A***XX*1164974580~REF*EA*10F5F905E7B145B0891AFD0BC5CA382B~DTM*232*20201028~DTM*233*20201028~SVC*HC:99213*178.3*63.15**1~DTM*472*20201028~CAS*PR*3*2~CAS*CO*45*113.15~REF*6R*CPDUWR5NUJBD~AMT*B6*65.15~LQ*HE*N45~LQ*HE*N381~LQ*HE*N381~CLP*000100042335*1*540.07*187.11*2*MC*2020324030578~NM1*QC*1*MORRIS*CASSANDRA****MR*O129192~NM1*82*1*WARE*SONDRA*E***XX*1386181444~REF*EA*819B30A3A0EB4B8DA44B8CF291C0C664~DTM*232*20201015~DTM*233*20201015~SVC*HC:99204:25*450.07*146.09**1~DTM*472*20201015~CAS*PR*3*2~CAS*CO*45*301.98~REF*6R*CPD2LKLVGPUS~AMT*B6*148.09~LQ*HE*N45~LQ*HE*N381~LQ*HE*N381~SVC*HC:H0049*50*10.81**1~DTM*472*20201015~CAS*CO*45*39.19~REF*6R*CPD2POMH2JRW~AMT*B6*10.81~LQ*HE*N381~SVC*HC:G8431*40*30.21**1~DTM*472*20201015~CAS*CO*45*9.79~REF*6R*CPD21CR7JVOC~AMT*B6*30.21~LQ*HE*N45~LQ*HE*N381~CLP*000100042882*1*178.3*65.15**MC*2020324030488~NM1*QC*1*OVERTURF*TAMIKA*T***MR*O419065~NM1*82*1*TSAMBIKOS*RICHARD****XX*1467985713~REF*EA*4F42EBA1F72C4D4E81FE120EC81AE3C1~DTM*232*20201022~DTM*233*20201022~SVC*HC:99213*178.3*65.15**1~DTM*472*20201022~CAS*CO*45*113.15~REF*6R*CPDUEGRBCRYS~AMT*B6*65.15~LQ*HE*N45~LQ*HE*N381~CLP*000100042943*1*327.66*117.43**MC*2020324030462~NM1*QC*1*PARRIS*LARRY*E***MR*P998954~NM1*82*1*CADDALI*ESTRELLA*A***XX*1164974580~REF*EA*31FD3DA1FAAC40BEAF15318225EF2306~DTM*232*20201023~DTM*233*20201023~SVC*HC:99214:25*272.99*96.14**1~DTM*472*20201023~CAS*CO*45*176.85~REF*6R*CPDUJ5HWU5CG~AMT*B6*96.14~LQ*HE*N45~LQ*HE*N381~SVC*HC:93000*54.67*21.29**1~DTM*472*20201023~CAS*CO*45*33.38~REF*6R*CPDU67PQ0S9I~AMT*B6*21.29~LQ*HE*N381~CLP*000100043166*1*178.3*65.15**MC*2020324030859~NM1*QC*1*PHILLIPS*LENORA*L***MR*A067537~NM1*82*1*GRONEMEYER*LEANNE*R***XX*1659521045~REF*EA*BC072CDDAD614DFBAA0DAC4A1BCEF282~DTM*232*20201028~DTM*233*20201028~SVC*HC:99213*178.3*65.15**1~DTM*472*20201028~CAS*CO*45*113.15~REF*6R*CPDU7QUPAEFK~AMT*B6*65.15~LQ*HE*N45~LQ*HE*N381~CLP*000100043056*1*272.99*96.14**MC*2020324030555~NM1*QC*1*PRIGMORE*BRETT****MR*P231555~NM1*82*1*TSAMBIKOS*RICHARD****XX*1467985713~REF*EA*F2A79B2F851D45F4A85B03FB37AE23EC~DTM*232*20201027~DTM*233*20201027~SVC*HC:99214*272.99*96.14**1~DTM*472*20201027~CAS*CO*45*176.85~REF*6R*CPDU4018G6J7~AMT*B6*96.14~LQ*HE*N45~LQ*HE*N381~CLP*000100043153*1*272.99*94.14*2*MC*2020324030666~NM1*QC*1*RIVERA*JANNETTE****MR*Y173829~NM1*82*1*TSAMBIKOS*RICHARD****XX*1467985713~REF*EA*FAD2D16E781C42CF93C90B918FEE95CF~DTM*232*20201028~DTM*233*20201028~SVC*HC:99214*272.99*94.14**1~DTM*472*20201028~CAS*PR*3*2~CAS*CO*45*176.85~REF*6R*CPDUDT0GPMJF~AMT*B6*96.14~LQ*HE*N45~LQ*HE*N381~LQ*HE*N381~CLP*000100042863*1*362.99*137.16**MC*2020324030528~NM1*QC*1*STELLE*NANCY*B***MR*E258967~NM1*82*1*GRONEMEYER*LEANNE*R***XX*1659521045~REF*EA*83148316653A4E05983D37EA0FC26F07~DTM*232*20201022~DTM*233*20201022~SVC*HC:99214:25*272.99*96.14**1~DTM*472*20201022~CAS*CO*45*176.85~REF*6R*CPDU6GWPC8QK~AMT*B6*96.14~LQ*HE*N45~LQ*HE*N381~SVC*HC:H0049*50*10.81**1~DTM*472*20201022~CAS*CO*45*39.19~REF*6R*CPDU2B1FQ1UY~AMT*B6*10.81~LQ*HE*N381~SVC*HC:G8431*40*30.21**1~DTM*472*20201022~CAS*CO*45*9.79~REF*6R*CPDU7908XVAN~AMT*B6*30.21~LQ*HE*N45~LQ*HE*N381~CLP*000100043186*1*272.99*96.14**MC*2020324030847~NM1*QC*1*SUNCELIA*POLLYANN*M***MR*B249910~NM1*82*1*GRONEMEYER*LEANNE*R***XX*1659521045~REF*EA*80C8F6C4A92E4A2EBA5ED33A3000B68B~DTM*232*20201029~DTM*233*20201029~SVC*HC:99214*272.99*96.14**1~DTM*472*20201029~CAS*CO*45*176.85~REF*6R*CPDUSCSKY2OT~AMT*B6*96.14~LQ*HE*N45~LQ*HE*N381~CLP*000100043041*1*272.99*94.14*2*MC*2020324030616~NM1*QC*1*TANKSLEY*DAYSHA*A***MR*O203621~NM1*82*1*TSAMBIKOS*RICHARD****XX*1467985713~REF*EA*4D132091E11F491BA55A4CD6997EC6A0~DTM*232*20201027~DTM*233*20201027~SVC*HC:99214*272.99*94.14**1~DTM*472*20201027~CAS*PR*3*2~CAS*CO*45*176.85~REF*6R*CPDUL0PHG9IP~AMT*B6*96.14~LQ*HE*N45~LQ*HE*N381~LQ*HE*N381~CLP*000100043144*1*272.99*96.14**MC*2020324030799~NM1*QC*1*TENFINGERS*CRYSTAL*L***MR*O119705~NM1*82*1*TSAMBIKOS*RICHARD****XX*1467985713~REF*EA*6B44B2766A1249EF87F5D29C89A09BAA~DTM*232*20201028~DTM*233*20201028~SVC*HC:99214*272.99*96.14**1~DTM*472*20201028~CAS*CO*45*176.85~REF*6R*CPDU31VR4I5V~AMT*B6*96.14~LQ*HE*N45~LQ*HE*N381~CLP*000100043064*1*178.3*65.15**MC*2020324030881~NM1*QC*1*TORRES*HAVEN*D***MR*L088241~NM1*82*1*CADDALI*ESTRELLA*A***XX*1164974580~REF*EA*CBEBA196F79549D5B2C636F48D177895~DTM*232*20201027~DTM*233*20201027~SVC*HC:99213*178.3*65.15**1~DTM*472*20201027~CAS*CO*45*113.15~REF*6R*CPDU055QKHMW~AMT*B6*65.15~LQ*HE*N45~LQ*HE*N381~CLP*000100040113*4*17.08*0**MC*2020324030565~NM1*QC*1*COLLINGSWORTH*MARY*C***MR*P209875~NM1*82*1*HOOSHMAND-PARSI*KAYHOSROW****XX*1447291851~REF*EA*F3132BEDFC0A42B8A3F762B2D63CA393~DTM*232*20200903~DTM*233*20200903~SVC*HC:96127*17.08*0**0**1~DTM*472*20200903~CAS*PI*16*17.08~REF*6R*CPDUNJQF3X6J~LQ*HE*N30~LQ*HE*MA92~LQ*HE*MA92~LQ*HE*MA92~LQ*HE*N56~CLP*000100042927*4*88.54*0**MC*2020324030898~NM1*QC*1*MADRID*CLORISSA****MR*G303592~NM1*82*2*HEALTH SOLUTIONS*****XX*1033165527~REF*EA*2913E486A20747F4963C4B0F731E35AD~DTM*232*20201023~DTM*233*20201023~SVC*HC:H0002*88.54*0**0**1~DTM*472*20201023~CAS*PI*185*88.54~REF*6R*CPDU60SQ1JF6~LQ*HE*N59~LQ*HE*N290~LQ*HE*N198~CLP*000100042395*4*276.99*0**MC*2020324030554~NM1*QC*1*RICH*ELECTRA*C***MR*P928666~NM1*82*1*WARE*SONDRA*E***XX*1386181444~REF*EA*CAC11B32146F48E3A4CA20D681ACA71B~DTM*232*20201015~DTM*233*20201015~SVC*HC:99214:25*272.99*0**0**1~DTM*472*20201015~CAS*PI*16*272.99~REF*6R*CPD2HZTU5RUM~LQ*HE*N554~SVC*HC:81002*4*0**0**1~DTM*472*20201015~CAS*PI*16*4~REF*6R*CPD2G0FNGB87~LQ*HE*N554~CLP*000100039077*22*-467.15*-165.17**MC*2020303072409~NM1*QC*1*DUGGAN*WILLIAM*C***MR*P934905~NM1*82*1*GRONEMEYER*LEANNE*R***XX*1659521045~REF*EA*FF9C703A032249B8975871CCF004205E~DTM*232*20200813~DTM*233*20200813~SVC*HC:99204:25*-450.07*-148.09**1~DTM*472*20200813~CAS*CO*45*-301.98~REF*6R*CP4U0AE34O9K~AMT*B6*148.09~LQ*HE*N45~LQ*HE*N381~SVC*HC:96127:59*-17.08*-17.08**1~DTM*472*20200813~REF*6R*CP4UCLE20RIQ~AMT*B6*17.08~CLP*000100039077*4*467.15*0**MC*5920322012464~NM1*QC*1*DUGGAN*WILLIAM*C***MR*P934905~NM1*82*1*GRONEMEYER*LEANNE*R***XX*1659521045~REF*EA*FF9C703A032249B8975871CCF004205E~DTM*232*20200813~DTM*233*20200813~SVC*HC:99204:25*450.07*0**1~DTM*472*20200813~CAS*CO*129*450.07~REF*6R*CP4U0AE34O9K~LQ*HE*N59~SVC*HC:96127:59*17.08*0**1~DTM*472*20200813~CAS*CO*129*17.08~REF*6R*CP4UCLE20RIQ~LQ*HE*N59~CLP*000100039283*22*-217.66*-54.8**MC*2020303072281~NM1*QC*1*DUGGAN*WILLIAM*C***MR*P934905~NM1*82*1*LEWIS*HOLLY*G***XX*1295234128~REF*EA*5C4CFB23DE6D44E8B519D1E8585819F4~DTM*232*20200818~DTM*233*20200818~SVC*HC:90832*-217.66*-54.8**1~DTM*472*20200818~CAS*CO*45*-162.86~REF*6R*CP4U7JJTOVCX~AMT*B6*54.8~LQ*HE*N381~CLP*000100039283*4*217.66*0**MC*5920322012468~NM1*QC*1*DUGGAN*WILLIAM*C***MR*P934905~NM1*82*1*LEWIS*HOLLY*G***XX*1295234128~REF*EA*5C4CFB23DE6D44E8B519D1E8585819F4~DTM*232*20200818~DTM*233*20200818~SVC*HC:90832*217.66*0**1~DTM*472*20200818~CAS*CO*129*217.66~REF*6R*CP4U7JJTOVCX~LQ*HE*N59~CLP*000100040910*22*-15*-8.34**MC*2020303072457~NM1*QC*1*JOHNSON*TIFFANY*S***MR*L497210~NM1*82*1*SANCHEZ*LEANN*V***XX*1508990961~REF*EA*713673D9F8A14663A00AB5D46FBC5B4C~DTM*232*20200921~DTM*233*20200921~SVC*HC:81025*-15*-8.34**1~DTM*472*20200921~CAS*CO*45*-6.66~REF*6R*CP4ALNH26JV3~AMT*B6*8.34~LQ*HE*N59~LQ*HE*N381~CLP*000100040910*4*15*0**MC*5920322012491~NM1*QC*1*JOHNSON*TIFFANY*S***MR*L497210~NM1*82*1*SANCHEZ*LEANN*V***XX*1508990961~REF*EA*713673D9F8A14663A00AB5D46FBC5B4C~DTM*232*20200921~DTM*233*20200921~SVC*HC:81025*15*0**1~DTM*472*20200921~CAS*CO*129*15~REF*6R*CP4ALNH26JV3~LQ*HE*N59~PLB*1508250911*20201231*CS:0000376998623*-165.17*CS:0000376998623*165.17*CS:0000376998625*-54.8*CS:0000376998625*54.8*CS:0000376998640*-8.34*CS:0000376998640*8.34~SE*1263*000010012~GE*1*300007681~IEA*1*300007681~