ISA*00*          *00*          *ZZ*COMEDASSISTPROG*ZZ*6769489        *201102*0232*^*00501*100040660*0*P*:~GS*HP*COMEDASSISTPROG*6769489*20201102*023242*100040660*X*005010X221A1~ST*835*000010012~BPR*I*11873.82*C*ACH*CCP*01*075911603*DA*00000004556640373*1811725341**01*102106569*DA*2200002989138*20201102~TRN*1*001127525*1811725341~REF*EV*1508250911~DTM*405*20201030~N1*PR*CO_TXIX*XV*7912900843~N3*P.O. BOX 30~N4*DENVER*CO*80201~PER*CX*MEDICAID PROVIDER SERVICES*TE*8442352387~PER*BL*MEDICAID PROVIDER SERVICES*TE*8442352387~N1*PE*HEALTH SOLUTIONS MED CENTER*XX*1508250911~REF*TJ*841158933~LX*1~CLP*000100040903*2*410.8*56.04**MC*2020301002378~NM1*QC*1*HOBBS*LESLYE*M***MR*Y116733~NM1*82*1*GRONEMEYER*LEANNE*R***XX*1659521045~REF*EA*6F0E2E4A138C4744ABBCDD8FCA60693C~DTM*232*20200921~DTM*233*20200921~SVC*HC:99214:25*272.99*19**1~DTM*472*20200921~CAS*CO*45*253.99~REF*6R*CP2UAQHJHBCM~AMT*B6*19~LQ*HE*N45~LQ*HE*N381~LQ*HE*N381~SVC*HC:G0444*30.75*30.75**1~DTM*472*20200921~REF*6R*CP2U8RLH2GTK~AMT*B6*30.75~SVC*HC:G0396*107.06*6.29**1~DTM*472*20200921~CAS*OA*P22*100.77~REF*6R*CP2UR7IDQLED~AMT*B6*6.29~LQ*HE*MA125~LQ*HE*MA125~CLP*000100040908*2*178.3*8.93**MC*2020301002377~NM1*QC*1*REYNOLDS*CATHERINE****MR*P336806~NM1*82*1*GRONEMEYER*LEANNE*R***XX*1659521045~REF*EA*87A4BE9F2C1743DDAB4CF45F78F73C3D~DTM*232*20200921~DTM*233*20200921~SVC*HC:99213*178.3*8.93**1~DTM*472*20200921~CAS*CO*45*169.37~REF*6R*CP2U9S9KQ2JL~AMT*B6*8.93~LQ*HE*N45~LQ*HE*N381~LQ*HE*N381~CLP*000100041002*2*587.88*34.97**MC*2020301002370~NM1*QC*1*SANBORN*SARAH*G***MR*G820718~NM1*74*1*SANBORNHARDEN~NM1*82*1*CADDALI*ESTRELLA*A***XX*1164974580~REF*EA*1EC90B7CD84C44039A80EF223EF7B59D~DTM*232*20200922~DTM*233*20200922~SVC*HC:99204:25*450.07*28.68**1~DTM*472*20200922~CAS*CO*45*421.39~REF*6R*CP2U4W0NQYFC~AMT*B6*28.68~LQ*HE*N45~LQ*HE*N381~LQ*HE*N381~SVC*HC:G0444*30.75*0**1~DTM*472*20200922~CAS*CO*45*30.75~REF*6R*CP2U5JHAWQBU~SVC*HC:G0396*107.06*6.29**1~DTM*472*20200922~CAS*OA*P22*100.77~REF*6R*CP2UBRRK80SL~AMT*B6*6.29~LQ*HE*MA125~CLP*000100040714*1*90*41.02**MC*2020303072644~NM1*QC*1*ABEYTIA*GABRIEL****MR*J849347~NM1*82*1*TSAMBIKOS*RICHARD****XX*1467985713~REF*EA*09668FB44A2E4CA7AFA7F773C81979FB~DTM*232*20200917~DTM*233*20200917~SVC*HC:G8431*40*30.21**1~DTM*472*20200917~CAS*CO*45*9.79~REF*6R*CP4EM11OAWM0~AMT*B6*30.21~LQ*HE*N59~LQ*HE*N45~LQ*HE*N381~SVC*HC:H0049*50*10.81**1~DTM*472*20200917~CAS*CO*45*39.19~REF*6R*CP4ESDH7ZZAO~AMT*B6*10.81~LQ*HE*N59~LQ*HE*N381~CLP*000100040828*1*17.1*12.43**MC*2020303072647~NM1*QC*1*ABEYTIA*GABRIEL****MR*J849347~NM1*82*1*TSAMBIKOS*RICHARD****XX*1467985713~REF*EA*AD3C0CF31B1B4F9CAEAD5D076029E711~DTM*232*20200918~DTM*233*20200918~SVC*HC:99406*17.1*12.43**1~DTM*472*20200918~CAS*CO*45*4.67~REF*6R*CP4AP3JZXX1J~AMT*B6*12.43~LQ*HE*N59~LQ*HE*N45~LQ*HE*N381~CLP*000100042358*1*362.99*115.84*2*MC*2020303072613~NM1*QC*1*ANDREWS*HEIDI****MR*O787323~NM1*82*1*GRONEMEYER*LEANNE*R***XX*1659521045~REF*EA*6CDA287C6B98456EB395C464F9929BAD~DTM*232*20201015~DTM*233*20201015~SVC*HC:99214:25*272.99*94.14**1~DTM*472*20201015~CAS*PR*3*2~CAS*CO*45*176.85~REF*6R*CP4UKJHMHRHF~AMT*B6*96.14~LQ*HE*N45~LQ*HE*N381~LQ*HE*N381~SVC*HC:H0049*50*10.81**1~DTM*472*20201015~CAS*CO*45*39.19~REF*6R*CP4UR7UST3XD~AMT*B6*10.81~LQ*HE*N381~SVC*HC:G8510*40*10.89**1~DTM*472*20201015~CAS*CO*45*29.11~REF*6R*CP4UH4W3J83Z~AMT*B6*10.89~LQ*HE*N45~LQ*HE*N381~CLP*000100042389*1*217.66*54.8**MC*2020303072278~NM1*QC*1*ARAGON*ANDREW*A***MR*P796831~NM1*82*1*LEWIS*HOLLY*G***XX*1295234128~REF*EA*C385BC5752C845CC9999FE1F30BC8EE1~DTM*232*20201015~DTM*233*20201016~SVC*HC:90832*217.66*54.8**1~DTM*150*20201015~DTM*151*20201016~CAS*CO*45*162.86~REF*6R*CP4UCSIC4Q3X~AMT*B6*54.8~LQ*HE*N381~CLP*000100042378*1*356.84*137.48**MC*2020303072325~NM1*QC*1*ARAGON*ANDREW*A***MR*P796831~NM1*82*1*CADDALI*ESTRELLA*A***XX*1164974580~REF*EA*7FC75E0616BD45AAA012CE073699E7F3~DTM*232*20201015~DTM*233*20201015~SVC*HC:99203:25*266.84*96.46**1~DTM*472*20201015~CAS*CO*45*170.38~REF*6R*CP4UUK0PGUAL~AMT*B6*96.46~LQ*HE*N45~LQ*HE*N381~SVC*HC:H0049*50*10.81**1~DTM*472*20201015~CAS*CO*45*39.19~REF*6R*CP4UL825DQ40~AMT*B6*10.81~LQ*HE*N381~SVC*HC:G8431*40*30.21**1~DTM*472*20201015~CAS*CO*45*9.79~REF*6R*CP4UJUJ7HFBW~AMT*B6*30.21~LQ*HE*N45~LQ*HE*N381~CLP*000100040955*1*510.52*235.32*2*MC*2020303072552~NM1*QC*1*BAIRD*ADAM****MR*K589298~NM1*82*1*TSAMBIKOS*RICHARD****XX*1467985713~REF*EA*38889AA587064FE7B1C18419DE5DDECF~DTM*232*20200922~DTM*233*20200922~SVC*HC:99214:25*272.99*94.14**1~DTM*472*20200922~CAS*PR*3*2~CAS*CO*45*176.85~REF*6R*CP4UP2PD2AC6~AMT*B6*96.14~LQ*HE*N45~LQ*HE*N381~LQ*HE*N381~SVC*HC:90471*53.53*19.27**1~DTM*472*20200922~CAS*CO*45*34.26~REF*6R*CP4UYHNLG8YB~AMT*B6*19.27~LQ*HE*N45~LQ*HE*N381~SVC*HC:90715*53*42.92**1~DTM*472*20200922~CAS*CO*45*10.08~REF*6R*CP4U7H1HTLAF~AMT*B6*42.92~LQ*HE*N381~SVC*HC:20610:RT*62*50.74**1~DTM*472*20200922~CAS*CO*45*11.26~REF*6R*CP4U4RSGSS6L~AMT*B6*50.74~LQ*HE*N381~LQ*HE*N381~SVC*HC:J3301:RT*3.5*1.44**1~DTM*472*20200922~CAS*CO*45*2.06~REF*6R*CP4UO6ABY8WG~AMT*B6*1.44~LQ*HE*N381~SVC*HC:20610:LT*62*25.37**1~DTM*472*20200922~CAS*CO*45*36.63~REF*6R*CP4UZWQ2LTXO~AMT*B6*25.37~LQ*HE*N381~LQ*HE*N381~SVC*HC:J3301:LT*3.5*1.44**1~DTM*472*20200922~CAS*CO*45*2.06~REF*6R*CP4U268PIH61~AMT*B6*1.44~LQ*HE*N381~CLP*000100040118*1*40*10.89**MC*2020303072548~NM1*QC*1*BEDNAREK*ASHLEY*D***MR*H319550~NM1*82*1*TSAMBIKOS*RICHARD****XX*1467985713~REF*EA*CCB5E87B770F4C3D932FBF24168C282F~DTM*232*20200903~DTM*233*20200903~SVC*HC:G8510*40*10.89**1~DTM*472*20200903~CAS*CO*45*29.11~REF*6R*CP4ALBICYDNB~AMT*B6*10.89~LQ*HE*N59~LQ*HE*N45~LQ*HE*N381~CLP*000100042425*1*362.99*115.84*2*MC*2020303072473~NM1*QC*1*BEEBE*DUSTIN*C***MR*V104640~NM1*82*1*GRONEMEYER*LEANNE*R***XX*1659521045~REF*EA*603C7618322849869050163258898875~DTM*232*20201015~DTM*233*20201015~SVC*HC:99214:25*272.99*94.14**1~DTM*472*20201015~CAS*PR*3*2~CAS*CO*45*176.85~REF*6R*CP4UXZGL3EHD~AMT*B6*96.14~LQ*HE*N45~LQ*HE*N381~LQ*HE*N381~SVC*HC:H0049*50*10.81**1~DTM*472*20201015~CAS*CO*45*39.19~REF*6R*CP4UT4OSQEC3~AMT*B6*10.81~LQ*HE*N381~SVC*HC:G8510*40*10.89**1~DTM*472*20201015~CAS*CO*45*29.11~REF*6R*CP4U0UM3R4PA~AMT*B6*10.89~LQ*HE*N45~LQ*HE*N381~CLP*38992*1*384.99*143.41**MC*2220304009372~NM1*QC*1*BOONE*SONYA*S***MR*O219451~DTM*232*20200812~DTM*233*20200812~SVC*HC:99214:25*272.99*96.14**1~DTM*472*20200812~CAS*CO*45*176.85~REF*HPI*1467985713~AMT*B6*96.14~LQ*HE*N45~LQ*HE*N381~SVC*HC:20526*105*47.27**1~DTM*472*20200812~CAS*CO*45*57.73~REF*HPI*1467985713~AMT*B6*47.27~LQ*HE*N381~LQ*HE*N381~SVC*HC:J3301*7*0**0**1~DTM*472*20200812~CAS*PI*16*7~REF*HPI*1467985713~LQ*HE*M119~LQ*HE*N381~CLP*000100040745*1*15*8.34**MC*2020303072394~NM1*QC*1*BOULIER*JEWEL*R***MR*W913486~NM1*82*1*TSAMBIKOS*RICHARD****XX*1467985713~REF*EA*927874DFF1F94DC4819E300825E926B3~DTM*232*20200917~DTM*233*20200917~SVC*HC:81025*15*8.34**1~DTM*472*20200917~CAS*CO*45*6.66~REF*6R*CP4A6BZ40CPA~AMT*B6*8.34~LQ*HE*N59~LQ*HE*N381~CLP*38709*1*272.99*96.14**MC*2220304009993~NM1*QC*1*CARRILLO*VICTOR*D***MR*P108869~DTM*232*20200806~DTM*233*20200806~SVC*HC:99214*272.99*96.14**1~DTM*472*20200806~CAS*CO*45*176.85~REF*HPI*1467985713~AMT*B6*96.14~LQ*HE*N45~LQ*HE*N381~CLP*000100042420*1*268.3*104.17*2*MC*2020303072598~NM1*QC*1*CASTILLO*ALEXZANDRIA*R***MR*Y281769~NM1*82*1*GRONEMEYER*LEANNE*R***XX*1659521045~REF*EA*C9F29A606F9040EC831ADA8F407D455E~DTM*232*20201015~DTM*233*20201015~SVC*HC:99213:25*178.3*63.15**1~DTM*472*20201015~CAS*PR*3*2~CAS*CO*45*113.15~REF*6R*CP4UUX7Y8ITF~AMT*B6*65.15~LQ*HE*N45~LQ*HE*N381~LQ*HE*N381~SVC*HC:H0049*50*10.81**1~DTM*472*20201015~CAS*CO*45*39.19~REF*6R*CP4UEQG915QQ~AMT*B6*10.81~LQ*HE*N381~SVC*HC:G8431*40*30.21**1~DTM*472*20201015~CAS*CO*45*9.79~REF*6R*CP4UGDPTP95Y~AMT*B6*30.21~LQ*HE*N45~LQ*HE*N381~CLP*000100042341*1*217.66*54.8**MC*2020303072284~NM1*QC*1*CHAVEZ*CLAYTON*J***MR*H783417~NM1*82*1*LEWIS*HOLLY*G***XX*1295234128~REF*EA*52866E91E9314C37872EFB8A36FBC4BC~DTM*232*20201015~DTM*233*20201015~SVC*HC:90832*217.66*54.8**1~DTM*472*20201015~CAS*CO*45*162.86~REF*6R*CP4UC5CSRLYA~AMT*B6*54.8~LQ*HE*N381~CLP*000100042331*1*268.3*106.17**MC*2020303072446~NM1*QC*1*CHAVEZ*CLAYTON*J***MR*H783417~NM1*82*1*CADDALI*ESTRELLA*A***XX*1164974580~REF*EA*FD6EA029A79A45999328C8BDB27B0439~DTM*232*20201015~DTM*233*20201015~SVC*HC:99213:25*178.3*65.15**1~DTM*472*20201015~CAS*CO*45*113.15~REF*6R*CP4U4N3Y1L7V~AMT*B6*65.15~LQ*HE*N45~LQ*HE*N381~SVC*HC:H0049*50*10.81**1~DTM*472*20201015~CAS*CO*45*39.19~REF*6R*CP4UCY96B84M~AMT*B6*10.81~LQ*HE*N381~SVC*HC:G8431*40*30.21**1~DTM*472*20201015~CAS*CO*45*9.79~REF*6R*CP4U8B260FUG~AMT*B6*30.21~LQ*HE*N45~LQ*HE*N381~CLP*000100041156*1*287.38*74.53**MC*2020296125228~NM1*QC*1*CHAZAN*MARY*L***MR*O800446~NM1*82*1*CADDALI*ESTRELLA*A***XX*1164974580~REF*EA*7D1770DECDA44F04B26416D450BFCE99~DTM*232*20200924~DTM*233*20200924~SVC*HC:99213:25*178.3*65.15**1~DTM*472*20200924~CAS*CO*45*113.15~REF*6R*CP4ERH0NOCJ0~AMT*B6*65.15~LQ*HE*N45~LQ*HE*N381~SVC*HC:11719:T7:59*14.08*9.38**1~DTM*472*20200924~CAS*CO*45*4.7~REF*6R*CP4EC7S4BQM7~AMT*B6*9.38~LQ*HE*N381~LQ*HE*N381~SVC*HC:11750:T7*95*0**0**1~DTM*472*20200924~CAS*PI*16*95~REF*6R*CP4E0EVY68CI~LQ*HE*M52~CLP*000100040107*1*90*41.02**MC*2020303072590~NM1*QC*1*COLANTONIO*BILLY*J***MR*H882870~NM1*82*1*SEARLES*DENISE*A***XX*1396971230~REF*EA*311A881FBEE14560B71C22BF921D548A~DTM*232*20200903~DTM*233*20200903~SVC*HC:G8431*40*30.21**1~DTM*472*20200903~CAS*CO*45*9.79~REF*6R*CP4A5J5TJDFX~AMT*B6*30.21~LQ*HE*N59~LQ*HE*N45~LQ*HE*N381~SVC*HC:H0049*50*10.81**1~DTM*472*20200903~CAS*CO*45*39.19~REF*6R*CP4A1VXNKKK6~AMT*B6*10.81~LQ*HE*N59~LQ*HE*N381~CLP*38453*1*272.99*96.14**MC*2220304010039~NM1*QC*1*DEBIDART*MICHAEL*M***MR*P894392~DTM*232*20200731~DTM*233*20200731~SVC*HC:99214*272.99*96.14**1~DTM*472*20200731~CAS*CO*45*176.85~REF*HPI*1467985713~AMT*B6*96.14~LQ*HE*N45~LQ*HE*N381~CLP*000100039283*1*217.66*54.8**MC*2020303072281~NM1*QC*1*DUGGAN*WILLIAM*C***MR*P934905~NM1*82*1*LEWIS*HOLLY*G***XX*1295234128~REF*EA*5C4CFB23DE6D44E8B519D1E8585819F4~DTM*232*20200818~DTM*233*20200818~SVC*HC:90832*217.66*54.8**1~DTM*472*20200818~CAS*CO*45*162.86~REF*6R*CP4U7JJTOVCX~AMT*B6*54.8~LQ*HE*N381~CLP*000100039077*1*467.15*165.17**MC*2020303072409~NM1*QC*1*DUGGAN*WILLIAM*C***MR*P934905~NM1*82*1*GRONEMEYER*LEANNE*R***XX*1659521045~REF*EA*FF9C703A032249B8975871CCF004205E~DTM*232*20200813~DTM*233*20200813~SVC*HC:99204:25*450.07*148.09**1~DTM*472*20200813~CAS*CO*45*301.98~REF*6R*CP4U0AE34O9K~AMT*B6*148.09~LQ*HE*N45~LQ*HE*N381~SVC*HC:96127:59*17.08*17.08**1~DTM*472*20200813~REF*6R*CP4UCLE20RIQ~AMT*B6*17.08~CLP*000100042232*1*451.52*176.74**MC*2020303072412~NM1*QC*1*DURAN*DANELLE****MR*J114866~NM1*82*1*CADDALI*ESTRELLA*A***XX*1164974580~REF*EA*761F98D90D9645DD961C9BD2A433DA70~DTM*232*20201013~DTM*233*20201013~SVC*HC:99214:25*272.99*96.14**1~DTM*472*20201013~CAS*CO*45*176.85~REF*6R*CP4UEENMXKSP~AMT*B6*96.14~LQ*HE*N45~LQ*HE*N381~SVC*HC:90471*53.53*19.27**1~DTM*472*20201013~CAS*CO*45*34.26~REF*6R*CP4UYX0G36VL~AMT*B6*19.27~LQ*HE*N45~LQ*HE*N381~SVC*HC:90756*35*20.31**1~DTM*472*20201013~CAS*CO*45*14.69~REF*6R*CP4UYCQHWPB2~AMT*B6*20.31~LQ*HE*N381~SVC*HC:H0049*50*10.81**1~DTM*472*20201013~CAS*CO*45*39.19~REF*6R*CP4UH084YHP6~AMT*B6*10.81~LQ*HE*N381~SVC*HC:G8431*40*30.21**1~DTM*472*20201013~CAS*CO*45*9.79~REF*6R*CP4UF1J6USTZ~AMT*B6*30.21~LQ*HE*N45~LQ*HE*N381~CLP*000100041595*1*356.52*135.72**MC*2020303072477~NM1*QC*1*ECHTERMEYER*AMY*M***MR*W318355~NM1*82*1*GRONEMEYER*LEANNE*R***XX*1659521045~REF*EA*7B3EF19C8AC94208B307F9D17F34C4C2~DTM*232*20201001~DTM*233*20201001~SVC*HC:99214:25*272.99*96.14**1~DTM*472*20201001~CAS*CO*45*176.85~REF*6R*CP4UOOS10C9O~AMT*B6*96.14~LQ*HE*N45~LQ*HE*N381~SVC*HC:90471*53.53*19.27**1~DTM*472*20201001~CAS*CO*45*34.26~REF*6R*CP4UBPWXR08G~AMT*B6*19.27~LQ*HE*N45~LQ*HE*N381~SVC*HC:90756*30*20.31**1~DTM*472*20201001~CAS*CO*45*9.69~REF*6R*CP4U6XKYSKRY~AMT*B6*20.31~LQ*HE*N381~CLP*000100041315*1*105*49.36**MC*2020303072665~NM1*QC*1*ESPINOZA*BRITTANY*R***MR*K573276~NM1*82*1*HOOSHMAND-PARSI*KAYHOSROW****XX*1447291851~REF*EA*4A4A0436905D43038FC9D9BC8D67FA64~DTM*232*20200928~DTM*233*20200928~SVC*HC:81025*15*8.34**1~DTM*472*20200928~CAS*CO*45*6.66~REF*6R*CP4UYLTNQT10~AMT*B6*8.34~LQ*HE*N59~LQ*HE*N381~SVC*HC:H0049*50*10.81**1~DTM*472*20200928~CAS*CO*45*39.19~REF*6R*CP4UHGVL68UN~AMT*B6*10.81~LQ*HE*N59~LQ*HE*N381~SVC*HC:G8431*40*30.21**1~DTM*472*20200928~CAS*CO*45*9.79~REF*6R*CP4UXI37DHM1~AMT*B6*30.21~LQ*HE*N59~LQ*HE*N45~LQ*HE*N381~CLP*000100041015*1*1860*1276.03*1*MC*2020303072671~NM1*QC*1*FLUETT*SARAH****MR*O578292~NM1*82*1*SEARLES*DENISE*A***XX*1396971230~REF*EA*6F4D277859B84384BB55F350A1F91246~DTM*232*20200922~DTM*233*20200922~SVC*HC:J2315*1805*1257.8**380~DTM*472*20200922~CAS*CO*45*547.2~REF*6R*CP4AFLD7YP4Y~AMT*B6*1257.8~LQ*HE*N59~LQ*HE*N381~SVC*HC:81025*15*7.34**1~DTM*472*20200922~CAS*PR*3*1~CAS*CO*45*6.66~REF*6R*CP4AZ03HTCP1~AMT*B6*8.34~LQ*HE*N59~LQ*HE*N381~LQ*HE*N381~SVC*HC:G8510*40*10.89**1~DTM*472*20200922~CAS*CO*45*29.11~REF*6R*CP4AK3AN6WRR~AMT*B6*10.89~LQ*HE*N59~LQ*HE*N45~LQ*HE*N381~CLP*000100042375*1*217.66*54.8**MC*2020303072292~NM1*QC*1*FREE WAY*ROWAN****MR*W458870~NM1*74*1*FREEWAY**A~NM1*82*1*LEWIS*HOLLY*G***XX*1295234128~REF*EA*471A4589403E4685824DABA665A97878~DTM*232*20201015~DTM*233*20201015~SVC*HC:90832*217.66*54.8**1~DTM*472*20201015~CAS*CO*45*162.86~REF*6R*CP4UPY3FJZLX~AMT*B6*54.8~LQ*HE*N381~CLP*000100042258*1*272.99*96.14**MC*2020303072332~NM1*QC*1*FREIDENBERGER*JOANN****MR*D982237~NM1*82*1*TSAMBIKOS*RICHARD****XX*1467985713~REF*EA*9B77BFDB34EF4D50B0E1C53F6A2DFA0B~DTM*232*20201014~DTM*233*20201014~SVC*HC:99214*272.99*96.14**1~DTM*472*20201014~CAS*CO*45*176.85~REF*6R*CP4UCOQPPZPV~AMT*B6*96.14~LQ*HE*N45~LQ*HE*N381~CLP*000100042384*1*356.84*137.48**MC*2020303072319~NM1*QC*1*FRENCH*RAYMOND****MR*Q015004~NM1*82*1*TSAMBIKOS*RICHARD****XX*1467985713~REF*EA*3DAACD3314334E10AA4AE77A4E78D26E~DTM*232*20201015~DTM*233*20201015~SVC*HC:99203:25*266.84*96.46**1~DTM*472*20201015~CAS*CO*45*170.38~REF*6R*CP4UN29OLAVE~AMT*B6*96.46~LQ*HE*N45~LQ*HE*N381~SVC*HC:H0049*50*10.81**1~DTM*472*20201015~CAS*CO*45*39.19~REF*6R*CP4UM3I5A9SQ~AMT*B6*10.81~LQ*HE*N381~SVC*HC:G8431*40*30.21**1~DTM*472*20201015~CAS*CO*45*9.79~REF*6R*CP4UA0LLTIPI~AMT*B6*30.21~LQ*HE*N45~LQ*HE*N381~CLP*000100041059*1*609.74*199.42**MC*2020303072690~NM1*QC*1*FUTAMATA*MELISSA*L***MR*Q294000~NM1*82*1*CADDALI*ESTRELLA*A***XX*1164974580~REF*EA*9F455B2F607C45A7A77536C580905500~DTM*232*20200923~DTM*233*20200923~SVC*HC:99204:25*450.07*148.09**1~DTM*472*20200923~CAS*CO*45*301.98~REF*6R*CP4UUU127N2R~AMT*B6*148.09~LQ*HE*N45~LQ*HE*N381~SVC*HC:93000*54.67*21.29**1~DTM*472*20200923~CAS*CO*45*33.38~REF*6R*CP4U95OT6QYQ~AMT*B6*21.29~LQ*HE*N381~SVC*HC:H0049*50*10.81**1~DTM*472*20200923~CAS*CO*45*39.19~REF*6R*CP4UGPLL4048~AMT*B6*10.81~LQ*HE*N381~SVC*HC:G8510*40*10.89**1~DTM*472*20200923~CAS*CO*45*29.11~REF*6R*CP4U0KW1ZV4U~AMT*B6*10.89~LQ*HE*N45~LQ*HE*N381~SVC*HC:81025*15*8.34**1~DTM*472*20200923~CAS*CO*45*6.66~REF*6R*CP4UUKAJ7GI8~AMT*B6*8.34~LQ*HE*N381~CLP*000100040508*1*15*8.34**MC*2020303072677~NM1*QC*1*GONZALES*NICOLE****MR*G120912~NM1*82*1*HOOSHMAND-PARSI*KAYHOSROW****XX*1447291851~REF*EA*99680358A5E14AA5AD359626FDF1ED4F~DTM*232*20200914~DTM*233*20200914~SVC*HC:81025*15*8.34**1~DTM*472*20200914~CAS*CO*45*6.66~REF*6R*CP4ED5NUC6T5~AMT*B6*8.34~LQ*HE*N59~LQ*HE*N381~CLP*000100042356*1*178.3*65.15**MC*2020303072459~NM1*QC*1*SANDOVAL*THERESA*M***MR*D398624~NM1*74*1*GONZALES*THERE~NM1*82*1*GRONEMEYER*LEANNE*R***XX*1659521045~REF*EA*BD00E0DFB51641DEA93AF005DD17CE49~DTM*232*20201015~DTM*233*20201015~SVC*HC:99213*178.3*65.15**1~DTM*472*20201015~CAS*CO*45*113.15~REF*6R*CP4UT0N7HLNT~AMT*B6*65.15~LQ*HE*N45~LQ*HE*N381~CLP*000100040602*1*105*30.04**MC*2020303072700~NM1*QC*1*GUERRA*CRYSTAL*A***MR*I200692~NM1*82*1*HOOSHMAND-PARSI*KAYHOSROW****XX*1447291851~REF*EA*3A54B1A0371C43C7B815D1EC22FC4235~DTM*232*20200915~DTM*233*20200915~SVC*HC:81025*15*8.34**1~DTM*472*20200915~CAS*CO*45*6.66~REF*6R*CP4E14DJZJXO~AMT*B6*8.34~LQ*HE*N59~LQ*HE*N381~SVC*HC:H0049*50*10.81**1~DTM*472*20200915~CAS*CO*45*39.19~REF*6R*CP4EH5LX7V1J~AMT*B6*10.81~LQ*HE*N59~LQ*HE*N381~SVC*HC:G8510*40*10.89**1~DTM*472*20200915~CAS*CO*45*29.11~REF*6R*CP4EPXJX691R~AMT*B6*10.89~LQ*HE*N59~LQ*HE*N45~LQ*HE*N381~CLP*000100040526*1*15*8.34**MC*2020303072421~NM1*QC*1*GUERRA-DELACRUZ MARTINEZ*HERLINDA*M***MR*R965343~NM1*74*1*GUERRADELACRUZ~NM1*82*1*HOOSHMAND-PARSI*KAYHOSROW****XX*1447291851~REF*EA*3142ED5263CB4BECA06760F88A17207E~DTM*232*20200914~DTM*233*20200914~SVC*HC:81025*15*8.34**1~DTM*472*20200914~CAS*CO*45*6.66~REF*6R*CP4EPG8U5YBU~AMT*B6*8.34~LQ*HE*N59~LQ*HE*N381~CLP*000100040531*1*105*29.04*1*MC*2020303072637~NM1*QC*1*GUERRERO*SONYA*M***MR*S127505~NM1*82*1*HOOSHMAND-PARSI*KAYHOSROW****XX*1447291851~REF*EA*7E5EA7F51B704E64A9009C35A44E7D6F~DTM*232*20200914~DTM*233*20200914~SVC*HC:81025*15*7.34**1~DTM*472*20200914~CAS*PR*3*1~CAS*CO*45*6.66~REF*6R*CP4EI28GU5WS~AMT*B6*8.34~LQ*HE*N59~LQ*HE*N381~LQ*HE*N381~SVC*HC:H0049*50*10.81**1~DTM*472*20200914~CAS*CO*45*39.19~REF*6R*CP4EX2BF8ERV~AMT*B6*10.81~LQ*HE*N59~LQ*HE*N381~SVC*HC:G8510*40*10.89**1~DTM*472*20200914~CAS*CO*45*29.11~REF*6R*CP4E2K0SK2M6~AMT*B6*10.89~LQ*HE*N59~LQ*HE*N45~LQ*HE*N381~CLP*000100042380*1*472.33*160.42**MC*2020303072533~NM1*QC*1*GUTIERREZ*ELOY****MR*M826573~NM1*82*1*GRONEMEYER*LEANNE*R***XX*1659521045~REF*EA*5884CDBCAB9E4A52B5EB49579948359A~DTM*232*20201015~DTM*233*20201015~SVC*HC:99214:25*272.99*96.14**1~DTM*472*20201015~CAS*CO*45*176.85~REF*6R*CP4UTQ9QXIS8~AMT*B6*96.14~LQ*HE*N45~LQ*HE*N381~SVC*HC:93000:76*54.67*21.29**1~DTM*472*20201015~CAS*CO*45*33.38~REF*6R*CP4U65JVBPIW~AMT*B6*21.29~LQ*HE*N381~SVC*HC:93000*54.67*21.29**1~DTM*472*20201015~CAS*CO*45*33.38~REF*6R*CP4U8XCMDYJU~AMT*B6*21.29~LQ*HE*N381~SVC*HC:G8510*40*10.89**1~DTM*472*20201015~CAS*CO*45*29.11~REF*6R*CP4UOD5UH9TV~AMT*B6*10.89~LQ*HE*N45~LQ*HE*N381~SVC*HC:H0049*50*10.81**1~DTM*472*20201015~CAS*CO*45*39.19~REF*6R*CP4URTHQ5L0R~AMT*B6*10.81~LQ*HE*N381~CLP*000100040622*1*15*8.34**MC*2020303072339~NM1*QC*1*HALL*KRISTINA*K***MR*S324169~NM1*82*1*HOOSHMAND-PARSI*KAYHOSROW****XX*1447291851~REF*EA*460D75B8CBC541C6A27562EAC85B2654~DTM*232*20200915~DTM*233*20200915~SVC*HC:81025*15*8.34**1~DTM*472*20200915~CAS*CO*45*6.66~REF*6R*CP4ECOQTJU2U~AMT*B6*8.34~LQ*HE*N59~LQ*HE*N381~CLP*000100042363*1*178.3*65.15**MC*2020303072355~NM1*QC*1*HARRIS*ANGELA****MR*J327161~NM1*82*1*CADDALI*ESTRELLA*A***XX*1164974580~REF*EA*6C5F8B05A7C24EEF8AA810C5006D3874~DTM*232*20201015~DTM*233*20201015~SVC*HC:99213*178.3*65.15**1~DTM*472*20201015~CAS*CO*45*113.15~REF*6R*CP4UWPNON6UP~AMT*B6*65.15~LQ*HE*N45~LQ*HE*N381~CLP*000100042164*1*15*7.34*1*MC*2020303072402~NM1*QC*1*HELM*KARA*A***MR*O558457~NM1*82*1*SEARLES*DENISE*A***XX*1396971230~REF*EA*51962274FD72472A83FF6D70E806A7B4~DTM*232*20201013~DTM*233*20201013~SVC*HC:81025*15*7.34**1~DTM*472*20201013~CAS*PR*3*1~CAS*CO*45*6.66~REF*6R*CP4URD4VO1JJ~AMT*B6*8.34~LQ*HE*N59~LQ*HE*N381~LQ*HE*N381~CLP*000100040481*1*15*8.34**MC*2020303072342~NM1*QC*1*HEREDIA*NEISHA****MR*M350525~NM1*82*1*HOOSHMAND-PARSI*KAYHOSROW****XX*1447291851~REF*EA*2843B05678AE468AA09D126ACCBB4698~DTM*232*20200914~DTM*233*20200914~SVC*HC:81025*15*8.34**1~DTM*472*20200914~CAS*CO*45*6.66~REF*6R*CP4E7C9L7FWL~AMT*B6*8.34~LQ*HE*N59~LQ*HE*N381~CLP*000100041551*1*272.99*118.45**MC*2020303072298~NM1*QC*1*HORNE*CHELSEA****MR*U117874~NM1*82*1*TSAMBIKOS*RICHARD****XX*1467985713~REF*EA*C0151BCA6B7B4E598866E919D8F3416E~DTM*232*20200930~DTM*233*20200930~SVC*HC:99214:FP*272.99*118.45**1~DTM*472*20200930~CAS*CO*45*154.54~REF*6R*CP4U6XX0RNHP~AMT*B6*118.45~LQ*HE*N45~LQ*HE*N381~CLP*000100041736*1*217.66*54.8**MC*2020303072295~NM1*QC*1*HOUCHIN*JOSHUA*D***MR*P954609~NM1*82*1*LEWIS*HOLLY*G***XX*1295234128~REF*EA*D1553DBF89EC40E59D6AD3DFB417F00A~DTM*232*20201005~DTM*233*20201005~SVC*HC:90832*217.66*54.8**1~DTM*472*20201005~CAS*CO*45*162.86~REF*6R*CP4U5LYEP1H3~AMT*B6*54.8~LQ*HE*N381~CLP*40573*1*714.2*283.19**MC*2220304009547~NM1*QC*1*JARAMILLO*GEORGE*J***MR*K854445~DTM*232*20200915~DTM*233*20200915~SVC*HC:99204:25*450.07*148.09**1~DTM*472*20200915~CAS*CO*45*301.98~REF*HPI*1467985713~AMT*B6*148.09~LQ*HE*N45~LQ*HE*N381~SVC*HC:20605*65*42.07**1~DTM*472*20200915~CAS*CO*45*22.93~REF*HPI*1467985713~AMT*B6*42.07~LQ*HE*N381~LQ*HE*N381~SVC*HC:J3301*3.5*0**0**1~DTM*472*20200915~CAS*PI*16*3.5~REF*HPI*1467985713~LQ*HE*M119~LQ*HE*N381~SVC*HC:99406*17.1*12.43**1~DTM*472*20200915~CAS*CO*45*4.67~REF*HPI*1467985713~AMT*B6*12.43~LQ*HE*N45~LQ*HE*N381~SVC*HC:90471*53.53*19.27**1~DTM*472*20200915~CAS*CO*45*34.26~REF*HPI*1467985713~AMT*B6*19.27~LQ*HE*N45~LQ*HE*N381~SVC*HC:90756*35*20.31**1~DTM*472*20200915~CAS*CO*45*14.69~REF*HPI*1467985713~AMT*B6*20.31~LQ*HE*N381~SVC*HC:H0049*50*10.81**1~DTM*472*20200915~CAS*CO*45*39.19~REF*HPI*1467985713~AMT*B6*10.81~LQ*HE*N381~SVC*HC:G8431*40*30.21**1~DTM*472*20200915~CAS*CO*45*9.79~REF*HPI*1467985713~AMT*B6*30.21~LQ*HE*N45~LQ*HE*N381~CLP*000100040527*1*15*8.34**MC*2020303072453~NM1*QC*1*JOHNSON*TIFFANY*S***MR*L497210~NM1*82*1*HOOSHMAND-PARSI*KAYHOSROW****XX*1447291851~REF*EA*9BB9934D90B54A399529EE9279236DDB~DTM*232*20200914~DTM*233*20200914~SVC*HC:81025*15*8.34**1~DTM*472*20200914~CAS*CO*45*6.66~REF*6R*CP4E0RAJ78B6~AMT*B6*8.34~LQ*HE*N59~LQ*HE*N381~CLP*000100040910*1*15*8.34**MC*2020303072457~NM1*QC*1*JOHNSON*TIFFANY*S***MR*L497210~NM1*82*1*SANCHEZ*LEANN*V***XX*1508990961~REF*EA*713673D9F8A14663A00AB5D46FBC5B4C~DTM*232*20200921~DTM*233*20200921~SVC*HC:81025*15*8.34**1~DTM*472*20200921~CAS*CO*45*6.66~REF*6R*CP4ALNH26JV3~AMT*B6*8.34~LQ*HE*N59~LQ*HE*N381~CLP*000100042160*1*266.83*104.73**MC*2020303072373~NM1*QC*1*LANE*CHARLES*J***MR*I606849~NM1*82*1*CADDALI*ESTRELLA*A***XX*1164974580~REF*EA*3118EDE6EAF14525BEDC5D32A1E4BB0C~DTM*232*20201013~DTM*233*20201013~SVC*HC:99213:25*178.3*65.15**1~DTM*472*20201013~CAS*CO*45*113.15~REF*6R*CP4UXO24E67E~AMT*B6*65.15~LQ*HE*N45~LQ*HE*N381~SVC*HC:90471*53.53*19.27**1~DTM*472*20201013~CAS*CO*45*34.26~REF*6R*CP4U2R69A9TA~AMT*B6*19.27~LQ*HE*N45~LQ*HE*N381~SVC*HC:90756*35*20.31**1~DTM*472*20201013~CAS*CO*45*14.69~REF*6R*CP4U55OCRGDP~AMT*B6*20.31~LQ*HE*N381~CLP*000100042439*1*217.66*54.8**MC*2020303072243~NM1*QC*1*LEFFEL*AMY*N***MR*O980464~NM1*82*1*LEWIS*HOLLY*G***XX*1295234128~REF*EA*1360BEABCDAF4D3C9FF42FAA0EA14C2F~DTM*232*20201016~DTM*233*20201016~SVC*HC:90832*217.66*54.8**1~DTM*472*20201016~CAS*CO*45*162.86~REF*6R*CP4UB4NEZRG8~AMT*B6*54.8~LQ*HE*N381~CLP*000100042410*1*362.99*135.16*2*MC*2020303072303~NM1*QC*1*LEFFEL*AMY*N***MR*O980464~NM1*82*1*GRONEMEYER*LEANNE*R***XX*1659521045~REF*EA*200F289C6ADA4FBE8F439C95B3A7DB84~DTM*232*20201015~DTM*233*20201015~SVC*HC:99214:25*272.99*94.14**1~DTM*472*20201015~CAS*PR*3*2~CAS*CO*45*176.85~REF*6R*CP4UJN87LWCC~AMT*B6*96.14~LQ*HE*N45~LQ*HE*N381~LQ*HE*N381~SVC*HC:H0049*50*10.81**1~DTM*472*20201015~CAS*CO*45*39.19~REF*6R*CP4URCCA0H8T~AMT*B6*10.81~LQ*HE*N381~SVC*HC:G8431*40*30.21**1~DTM*472*20201015~CAS*CO*45*9.79~REF*6R*CP4UTIBMNKT6~AMT*B6*30.21~LQ*HE*N45~LQ*HE*N381~CLP*000100042139*1*261.83*102.73*2*MC*2020303072386~NM1*QC*1*LERMA*VERONICA****MR*P119230~NM1*82*1*HOOSHMAND-PARSI*KAYHOSROW****XX*1447291851~REF*EA*2AF1CEFFF9D442D1AA4DBD591C51FADB~DTM*232*20201012~DTM*233*20201012~SVC*HC:99213:25*178.3*63.15**1~DTM*472*20201012~CAS*PR*3*2~CAS*CO*45*113.15~REF*6R*CP4U73M41BKR~AMT*B6*65.15~LQ*HE*N45~LQ*HE*N381~LQ*HE*N381~SVC*HC:90471*53.53*19.27**1~DTM*472*20201012~CAS*CO*45*34.26~REF*6R*CP4U80PA9DN7~AMT*B6*19.27~LQ*HE*N45~LQ*HE*N381~SVC*HC:90756*30*20.31**1~DTM*472*20201012~CAS*CO*45*9.69~REF*6R*CP4ULWRKIEPZ~AMT*B6*20.31~LQ*HE*N381~CLP*000100042181*1*178.3*65.15**MC*2020303072380~NM1*QC*1*LORETO*JOSHUA*R***MR*E192810~NM1*82*1*HOOSHMAND-PARSI*KAYHOSROW****XX*1447291851~REF*EA*F078A6D9573C458B89E22AA580FB2922~DTM*232*20201013~DTM*233*20201013~SVC*HC:99213*178.3*65.15**1~DTM*472*20201013~CAS*CO*45*113.15~REF*6R*CP4U6OE360AM~AMT*B6*65.15~LQ*HE*N45~LQ*HE*N381~CLP*000100040843*1*1845*1268.69**MC*2020303072656~NM1*QC*1*MAEZ*DANIEL*E***MR*B173664~NM1*82*1*TSAMBIKOS*RICHARD****XX*1467985713~REF*EA*755CDEE71AF64007946D71FA198C5106~DTM*232*20200918~DTM*233*20200918~SVC*HC:J2315*1805*1257.8**380~DTM*472*20200918~CAS*CO*45*547.2~REF*6R*CP4ASZRMNOS8~AMT*B6*1257.8~LQ*HE*N59~LQ*HE*N381~SVC*HC:G8510*40*10.89**1~DTM*472*20200918~CAS*CO*45*29.11~REF*6R*CP4AFH3LOHBJ~AMT*B6*10.89~LQ*HE*N59~LQ*HE*N45~LQ*HE*N381~CLP*000100042211*1*272.99*96.14**MC*2020303072417~NM1*QC*1*MARSH*ANGELA*R***MR*P470830~NM1*82*1*TSAMBIKOS*RICHARD****XX*1467985713~REF*EA*BCFB67C3869F4EB1B88B61B5A0C47A42~DTM*232*20201013~DTM*233*20201013~SVC*HC:99214*272.99*96.14**1~DTM*472*20201013~CAS*CO*45*176.85~REF*6R*CP4UOX4TRER7~AMT*B6*96.14~LQ*HE*N45~LQ*HE*N381~CLP*000100042151*1*224.37*84.75**MC*2020303072483~NM1*QC*1*MARSH*SHANE*D***MR*P470829~NM1*82*1*TSAMBIKOS*RICHARD****XX*1467985713~REF*EA*95E6AC848E5D40D68E9BC22575F115BB~DTM*232*20201013~DTM*233*20201013~SVC*HC:99213:25*178.3*65.15**1~DTM*472*20201013~CAS*CO*45*113.15~REF*6R*CP4UWIY38KSP~AMT*B6*65.15~LQ*HE*N45~LQ*HE*N381~SVC*HC:98926*46.07*19.6**1~DTM*472*20201013~CAS*CO*45*26.47~REF*6R*CP4U604RBFDN~AMT*B6*19.6~LQ*HE*N381~CLP*000100041371*1*468.09*207.5**MC*2020303072494~NM1*QC*1*MARSH*SHANE*D***MR*P470829~NM1*82*1*TSAMBIKOS*RICHARD****XX*1467985713~REF*EA*7B70E8ED26D04BBD870FFAF050901623~DTM*232*20200929~DTM*233*20200929~SVC*HC:99214:25*272.99*96.14**1~DTM*472*20200929~CAS*CO*45*176.85~REF*6R*CP4USOEJ44XX~AMT*B6*96.14~LQ*HE*N45~LQ*HE*N381~SVC*HC:90471*53.53*19.27**1~DTM*472*20200929~CAS*CO*45*34.26~REF*6R*CP4URRC9UIEH~AMT*B6*19.27~LQ*HE*N45~LQ*HE*N381~SVC*HC:90756*30*20.31**1~DTM*472*20200929~CAS*CO*45*9.69~REF*6R*CP4UZMG4S4WQ~AMT*B6*20.31~LQ*HE*N381~SVC*HC:98926*46.07*19.6**1~DTM*472*20200929~CAS*CO*45*26.47~REF*6R*CP4ULKVNCGW1~AMT*B6*19.6~LQ*HE*N381~SVC*HC:J3301*3.5*1.44**1~DTM*472*20200929~CAS*CO*45*2.06~REF*6R*CP4U4F4R26J4~AMT*B6*1.44~LQ*HE*N381~SVC*HC:20610:RT*62*50.74**1~DTM*472*20200929~CAS*CO*45*11.26~REF*6R*CP4UR9HAJ9FU~AMT*B6*50.74~LQ*HE*N381~LQ*HE*N381~CLP*000100042424*1*217.66*54.8**MC*2020303072289~NM1*QC*1*MARTINEZ*DESIREE****MR*O277758~NM1*82*1*LEWIS*HOLLY*G***XX*1295234128~REF*EA*88F512F242DD4132AB41544BA06AEAE6~DTM*232*20201015~DTM*233*20201015~SVC*HC:90832*217.66*54.8**1~DTM*472*20201015~CAS*CO*45*162.86~REF*6R*CP4UCYN3PNRB~AMT*B6*54.8~LQ*HE*N381~CLP*000100042413*1*362.99*137.16**MC*2020303072517~NM1*QC*1*MARTINEZ*DESIREE****MR*O277758~NM1*82*1*CADDALI*ESTRELLA*A***XX*1164974580~REF*EA*198A839C82D6443EB371A19B3F8A42FA~DTM*232*20201015~DTM*233*20201015~SVC*HC:99214:25*272.99*96.14**1~DTM*472*20201015~CAS*CO*45*176.85~REF*6R*CP4U9O7T7XBY~AMT*B6*96.14~LQ*HE*N45~LQ*HE*N381~SVC*HC:H0049*50*10.81**1~DTM*472*20201015~CAS*CO*45*39.19~REF*6R*CP4UL6BMN6LM~AMT*B6*10.81~LQ*HE*N381~SVC*HC:G8431*40*30.21**1~DTM*472*20201015~CAS*CO*45*9.79~REF*6R*CP4UTQYV9773~AMT*B6*30.21~LQ*HE*N45~LQ*HE*N381~CLP*000100040598*1*15*7.34*1*MC*2020303072650~NM1*QC*1*MCGHEE*LYNETTE*M***MR*J882751~NM1*82*1*HOOSHMAND-PARSI*KAYHOSROW****XX*1447291851~REF*EA*50CD0AA681264AFDBB3C079AC9955DE8~DTM*232*20200915~DTM*233*20200915~SVC*HC:81025*15*7.34**1~DTM*472*20200915~CAS*PR*3*1~CAS*CO*45*6.66~REF*6R*CP4E2K4WECHY~AMT*B6*8.34~LQ*HE*N59~LQ*HE*N381~LQ*HE*N381~CLP*000100042402*1*373.94*139.1**MC*2020303072365~NM1*QC*1*MOULDING*MIKAL*J***MR*P184908~NM1*82*1*TSAMBIKOS*RICHARD****XX*1467985713~REF*EA*5191E4297E5648B29CC8CE3D7F4F55FE~DTM*232*20201015~DTM*233*20201015~SVC*HC:99203:25*266.84*96.46**1~DTM*472*20201015~CAS*CO*45*170.38~REF*6R*CP4USIDJ0NGZ~AMT*B6*96.46~LQ*HE*N45~LQ*HE*N381~SVC*HC:99406*17.1*12.43**1~DTM*472*20201015~CAS*CO*45*4.67~REF*6R*CP4URW26AJAR~AMT*B6*12.43~LQ*HE*N45~LQ*HE*N381~SVC*HC:H0049*50*0**0**1~DTM*472*20201015~CAS*PI*97*50~REF*6R*CP4URH9N3K5O~LQ*HE*N20~LQ*HE*N381~SVC*HC:G8431*40*30.21**1~DTM*472*20201015~CAS*CO*45*9.79~REF*6R*CP4UUCQ7BJTD~AMT*B6*30.21~LQ*HE*N45~LQ*HE*N381~CLP*000100042405*1*266.83*104.73**MC*2020303072390~NM1*QC*1*PARADISO*CHEYENNE*B***MR*G885608~NM1*82*1*CADDALI*ESTRELLA*A***XX*1164974580~REF*EA*20019195D3FA49FB9733A764387EFB8C~DTM*232*20201015~DTM*233*20201015~SVC*HC:99213:25*178.3*65.15**1~DTM*472*20201015~CAS*CO*45*113.15~REF*6R*CP4U0JTGWWBD~AMT*B6*65.15~LQ*HE*N45~LQ*HE*N381~SVC*HC:90471*53.53*19.27**1~DTM*472*20201015~CAS*CO*45*34.26~REF*6R*CP4UZWFDMUY1~AMT*B6*19.27~LQ*HE*N45~LQ*HE*N381~SVC*HC:90756*35*20.31**1~DTM*472*20201015~CAS*CO*45*14.69~REF*6R*CP4UFQPQ81BP~AMT*B6*20.31~LQ*HE*N381~CLP*000100041676*1*768.75*339.07**MC*2020303072327~NM1*QC*1*PARRIS*LARRY*E***MR*P998954~NM1*82*1*CADDALI*ESTRELLA*A***XX*1164974580~REF*EA*AB1790E296714498A2C107167E63A1B9~DTM*232*20201002~DTM*233*20201002~SVC*HC:99204:25*450.07*148.09**1~DTM*472*20201002~CAS*CO*45*301.98~REF*6R*CP4U3KS7R6YG~AMT*B6*148.09~LQ*HE*N45~LQ*HE*N381~SVC*HC:90471*53.53*19.27**1~DTM*472*20201002~CAS*CO*45*34.26~REF*6R*CP4U44WE0J6K~AMT*B6*19.27~LQ*HE*N45~LQ*HE*N381~SVC*HC:90732*104.15*99.19**1~DTM*472*20201002~CAS*CO*45*4.96~REF*6R*CP4UG86Y90QI~AMT*B6*99.19~LQ*HE*N381~SVC*HC:90472*41*11.19**1~DTM*472*20201002~CAS*CO*45*29.81~REF*6R*CP4U84JX90JW~AMT*B6*11.19~LQ*HE*N45~LQ*HE*N381~SVC*HC:90756*30*20.31**1~DTM*472*20201002~CAS*CO*45*9.69~REF*6R*CP4U8IKTEXVU~AMT*B6*20.31~LQ*HE*N381~SVC*HC:H0049*50*10.81**1~DTM*472*20201002~CAS*CO*45*39.19~REF*6R*CP4UPPTK7B7B~AMT*B6*10.81~LQ*HE*N381~SVC*HC:G8431*40*30.21**1~DTM*472*20201002~CAS*CO*45*9.79~REF*6R*CP4UQQFBR1ST~AMT*B6*30.21~LQ*HE*N45~LQ*HE*N381~CLP*000100042391*1*283.3*110.77**MC*2020303072576~NM1*QC*1*PRIEN*ADRIANNA****MR*Y479480~NM1*82*1*CADDALI*ESTRELLA*A***XX*1164974580~REF*EA*FEAA69EF2B5C40BC96158FA75971BE15~DTM*232*20201015~DTM*233*20201015~SVC*HC:99213:25:FP*178.3*80.73**1~DTM*472*20201015~CAS*CO*45*97.57~REF*6R*CP4U3KDBEAG0~AMT*B6*80.73~LQ*HE*N45~LQ*HE*N381~SVC*HC:H0049*50*10.81**1~DTM*472*20201015~CAS*CO*45*39.19~REF*6R*CP4UKGLCZTSP~AMT*B6*10.81~LQ*HE*N381~SVC*HC:G8510*40*10.89**1~DTM*472*20201015~CAS*CO*45*29.11~REF*6R*CP4UT4ZMT6XO~AMT*B6*10.89~LQ*HE*N45~LQ*HE*N381~SVC*HC:81025:FP*15*8.34**1~DTM*472*20201015~CAS*CO*45*6.66~REF*6R*CP4UHBHNLRJ2~AMT*B6*8.34~LQ*HE*N381~CLP*000100041611*1*178.3*80.73**MC*2020303072584~NM1*QC*1*PRIEN*ADRIANNA****MR*Y479480~NM1*82*1*CADDALI*ESTRELLA*A***XX*1164974580~REF*EA*5BEEC825E63E4142A5F835C940BFED7F~DTM*232*20201001~DTM*233*20201001~SVC*HC:99213:FP*178.3*80.73**1~DTM*472*20201001~CAS*CO*45*97.57~REF*6R*CP4UB7FD3CPZ~AMT*B6*80.73~LQ*HE*N45~LQ*HE*N381~CLP*000100041045*1*397.99*144.53**MC*2020303072648~NM1*QC*1*QUINTANA*PRAXEDES*J***MR*K356151~NM1*74*1*QUNITANA~NM1*82*1*TSAMBIKOS*RICHARD****XX*1467985713~REF*EA*A0B564A6DB0D4D299F9EDB0AF61F8712~DTM*232*20200922~DTM*233*20200922~SVC*HC:99214:25*272.99*96.14**1~DTM*472*20200922~CAS*CO*45*176.85~REF*6R*CP4USRTP2N9A~AMT*B6*96.14~LQ*HE*N45~LQ*HE*N381~SVC*HC:J1885*5*1.12**2~DTM*472*20200922~CAS*CO*45*3.88~REF*6R*CP4U4066GABM~AMT*B6*1.12~LQ*HE*N381~SVC*HC:20553:59*120*47.27**1~DTM*472*20200922~CAS*CO*45*72.73~REF*6R*CP4UTVJJVA21~AMT*B6*47.27~LQ*HE*N381~LQ*HE*N381~CLP*000100040664*1*15*7.34*1*MC*2020303072313~NM1*QC*1*ROBIN*RONDI*L***MR*L564167~NM1*82*1*GRONEMEYER*LEANNE*R***XX*1659521045~REF*EA*C17B5207DE874CD48F2E723BDECBAB63~DTM*232*20200916~DTM*233*20200916~SVC*HC:81025*15*7.34**1~DTM*472*20200916~CAS*PR*3*1~CAS*CO*45*6.66~REF*6R*CP4EJ6CVQ39O~AMT*B6*8.34~LQ*HE*N59~LQ*HE*N381~LQ*HE*N381~CLP*42133*1*272.99*96.14**MC*2220304009731~NM1*QC*1*RODRIGUEZ*CAROLINA*M***MR*Y641512~DTM*232*20201012~DTM*233*20201012~SVC*HC:99214*272.99*96.14**1~DTM*472*20201012~CAS*CO*45*176.85~REF*HPI*1447291851~AMT*B6*96.14~LQ*HE*N45~LQ*HE*N381~CLP*000100041577*1*261.83*102.73*2*MC*2020303072543~NM1*QC*1*ROMERO*JOSEPH*P***MR*G715842~NM1*82*1*CADDALI*ESTRELLA*A***XX*1164974580~REF*EA*26E9D86FD5954CC094408933736FA858~DTM*232*20201001~DTM*233*20201001~SVC*HC:99213:25*178.3*63.15**1~DTM*472*20201001~CAS*PR*3*2~CAS*CO*45*113.15~REF*6R*CP4UYZS1UODA~AMT*B6*65.15~LQ*HE*N45~LQ*HE*N381~LQ*HE*N381~SVC*HC:90471*53.53*19.27**1~DTM*472*20201001~CAS*CO*45*34.26~REF*6R*CP4UJ08IDEZL~AMT*B6*19.27~LQ*HE*N45~LQ*HE*N381~SVC*HC:90756*30*20.31**1~DTM*472*20201001~CAS*CO*45*9.69~REF*6R*CP4U0GXOLLCO~AMT*B6*20.31~LQ*HE*N381~CLP*000100042383*1*272.99*96.14**MC*2020303072610~NM1*QC*1*ROPER*SHALONE*A***MR*P628185~NM1*82*1*GRONEMEYER*LEANNE*R***XX*1659521045~REF*EA*A3A68EB5E43F48EA86C89BBA59FF32EA~DTM*232*20201015~DTM*233*20201015~SVC*HC:99214*272.99*96.14**1~DTM*472*20201015~CAS*CO*45*176.85~REF*6R*CP4UKXIDL9ZM~AMT*B6*96.14~LQ*HE*N45~LQ*HE*N381~CLP*000100041649*1*247.14*95.81**MC*2020303072595~NM1*QC*1*SALAS*ANAIIS*H***MR*P216870~NM1*82*1*GRONEMEYER*LEANNE*R***XX*1659521045~REF*EA*9ED02F061E6140F38E786F4E175E249B~DTM*232*20201001~DTM*233*20201001~SVC*HC:99392*247.14*95.81**1~DTM*472*20201001~CAS*CO*45*151.33~REF*6R*CP4UX4TD9SLL~AMT*B6*95.81~LQ*HE*N381~CLP*000100041589*1*276.99*97.51*2*MC*2020303072661~NM1*QC*1*RIVAS*JESSENIA*E***MR*W695307~NM1*74*1*SALAS~NM1*82*1*GRONEMEYER*LEANNE*R***XX*1659521045~REF*EA*A4D402D710D649E9A252C6305B0A7953~DTM*232*20201001~DTM*233*20201001~SVC*HC:99214:25*272.99*94.14**1~DTM*472*20201001~CAS*PR*3*2~CAS*CO*45*176.85~REF*6R*CP4UNMJ5WAGU~AMT*B6*96.14~LQ*HE*N45~LQ*HE*N381~LQ*HE*N381~SVC*HC:81002*4*3.37**1~DTM*472*20201001~CAS*CO*45*.63~REF*6R*CP4UQRTLVDPQ~AMT*B6*3.37~LQ*HE*N381~CLP*000100040723*1*1740*1695.29**MC*2020303072468~NM1*QC*1*SALAZAR*FELICIA*H***MR*G554326~NM1*82*1*TSAMBIKOS*RICHARD****XX*1467985713~REF*EA*958457723AF24F48908843EAD6872DBF~DTM*232*20200917~DTM*233*20200917~SVC*HC:Q9992*1725*1686.95**1~DTM*472*20200917~CAS*CO*45*38.05~REF*6R*CP4AELULT98L~AMT*B6*1686.95~LQ*HE*N59~LQ*HE*N381~SVC*HC:81025*15*8.34**1~DTM*472*20200917~CAS*CO*45*6.66~REF*6R*CP4ADSF0KS5S~AMT*B6*8.34~LQ*HE*N59~LQ*HE*N381~CLP*000100042387*1*397.99*143.41**MC*2020303072605~NM1*QC*1*SALAZAR*TAZIO*M***MR*N789226~NM1*82*1*TSAMBIKOS*RICHARD****XX*1467985713~REF*EA*7DCF68111F8F43529F22FE26814982AE~DTM*232*20201015~DTM*233*20201015~SVC*HC:99214:25*272.99*96.14**1~DTM*472*20201015~CAS*CO*45*176.85~REF*6R*CP4U6QW6VBBO~AMT*B6*96.14~LQ*HE*N45~LQ*HE*N381~SVC*HC:20552*125*47.27**1~DTM*472*20201015~CAS*CO*45*77.73~REF*6R*CP4UF2Z2KABN~AMT*B6*47.27~LQ*HE*N381~LQ*HE*N381~CLP*000100041560*1*540.07*169.79**MC*2020303072641~NM1*QC*1*SAMSON*DAMIEN****MR*G397558~NM1*82*1*TSAMBIKOS*RICHARD****XX*1467985713~REF*EA*0E01DD2D8D3341479DC5AEFDEB79FABF~DTM*232*20200930~DTM*233*20200930~SVC*HC:99204:25*450.07*148.09**1~DTM*472*20200930~CAS*CO*45*301.98~REF*6R*CP4UC11V63AI~AMT*B6*148.09~LQ*HE*N45~LQ*HE*N381~SVC*HC:H0049*50*10.81**1~DTM*472*20200930~CAS*CO*45*39.19~REF*6R*CP4UUWZ23RI1~AMT*B6*10.81~LQ*HE*N381~SVC*HC:G8510*40*10.89**1~DTM*472*20200930~CAS*CO*45*29.11~REF*6R*CP4UCK830XI3~AMT*B6*10.89~LQ*HE*N45~LQ*HE*N381~CLP*000100041567*1*261.83*104.73**MC*2020303072502~NM1*QC*1*SANCHEZ*MARIO****MR*L108247~NM1*82*1*HOOSHMAND-PARSI*KAYHOSROW****XX*1447291851~REF*EA*B3428DFA6CB94A3F8A4FDE5CD07131C8~DTM*232*20200930~DTM*233*20200930~SVC*HC:99213:25*178.3*65.15**1~DTM*472*20200930~CAS*CO*45*113.15~REF*6R*CP4UZ1HV6BTA~AMT*B6*65.15~LQ*HE*N45~LQ*HE*N381~SVC*HC:90471*53.53*19.27**1~DTM*472*20200930~CAS*CO*45*34.26~REF*6R*CP4UGLSEXPQT~AMT*B6*19.27~LQ*HE*N45~LQ*HE*N381~SVC*HC:90756*30*20.31**1~DTM*472*20200930~CAS*CO*45*9.69~REF*6R*CP4U8HDVD9BS~AMT*B6*20.31~LQ*HE*N381~CLP*41702*1*272.99*96.14**MC*2220304009600~NM1*QC*1*STAHURSKI*NOWELL****MR*G486575~DTM*232*20201002~DTM*233*20201002~SVC*HC:99214*272.99*96.14**1~DTM*472*20201002~CAS*CO*45*176.85~REF*HPI*1467985713~AMT*B6*96.14~LQ*HE*N45~LQ*HE*N381~CLP*000100042423*1*272.99*96.14**MC*2020303072398~NM1*QC*1*STELLE*NANCY*B***MR*E258967~NM1*82*1*GRONEMEYER*LEANNE*R***XX*1659521045~REF*EA*D774E22EA8C640ABB0A10FAEF57F9890~DTM*232*20201015~DTM*233*20201015~SVC*HC:99214*272.99*96.14**1~DTM*472*20201015~CAS*CO*45*176.85~REF*6R*CP4UDCSCDXZS~AMT*B6*96.14~LQ*HE*N45~LQ*HE*N381~CLP*000100042353*1*272.99*94.14*2*MC*2020303072631~NM1*QC*1*STRONG*MELINDA*A***MR*Y871391~NM1*82*1*CADDALI*ESTRELLA*A***XX*1164974580~REF*EA*1594081097194C10A5E4ED51E53D74C8~DTM*232*20201015~DTM*233*20201015~SVC*HC:99214*272.99*94.14**1~DTM*472*20201015~CAS*PR*3*2~CAS*CO*45*176.85~REF*6R*CP4U2Q2OESIN~AMT*B6*96.14~LQ*HE*N45~LQ*HE*N381~LQ*HE*N381~CLP*000100041571*1*371.52*144.06**MC*2020303072653~NM1*QC*1*SUNCELIA*POLLYANN*M***MR*B249910~NM1*82*1*GRONEMEYER*LEANNE*R***XX*1659521045~REF*EA*23A280D348734C4394A56F39B39FBE89~DTM*232*20200930~DTM*233*20200930~SVC*HC:99214:25*272.99*96.14**1~DTM*472*20200930~CAS*CO*45*176.85~REF*6R*CP4U0RXEAITZ~AMT*B6*96.14~LQ*HE*N45~LQ*HE*N381~SVC*HC:81025*15*8.34**1~DTM*472*20200930~CAS*CO*45*6.66~REF*6R*CP4U2A3PO20M~AMT*B6*8.34~LQ*HE*N381~SVC*HC:90471*53.53*19.27**1~DTM*472*20200930~CAS*CO*45*34.26~REF*6R*CP4U8D8GS0GY~AMT*B6*19.27~LQ*HE*N45~LQ*HE*N381~SVC*HC:90756*30*20.31**1~DTM*472*20200930~CAS*CO*45*9.69~REF*6R*CP4UJ63MLT2I~AMT*B6*20.31~LQ*HE*N381~CLP*000100040589*1*15*8.34**MC*2020303072467~NM1*QC*1*TANKSLEY*DAYSHA*A***MR*O203621~NM1*82*1*HOOSHMAND-PARSI*KAYHOSROW****XX*1447291851~REF*EA*053CDE6E868D44CB9E0B6A75AB81FAEF~DTM*232*20200915~DTM*233*20200915~SVC*HC:81025*15*8.34**1~DTM*472*20200915~CAS*CO*45*6.66~REF*6R*CP4AUEUC9MBX~AMT*B6*8.34~LQ*HE*N59~LQ*HE*N381~CLP*39950*1*414.23*155.84**MC*2220304002360~NM1*QC*1*THOMPSON*BRENDA*R***MR*P195366~DTM*232*20200901~DTM*233*20200901~SVC*HC:99214:25*272.99*96.14**1~DTM*472*20200901~CAS*CO*45*176.85~REF*HPI*1467985713~AMT*B6*96.14~LQ*HE*N45~LQ*HE*N381~SVC*HC:20552*124.14*47.27**1~DTM*472*20200901~CAS*CO*45*76.87~REF*HPI*1467985713~AMT*B6*47.27~LQ*HE*N381~LQ*HE*N381~SVC*HC:99406*17.1*12.43**1~DTM*472*20200901~CAS*CO*45*4.67~REF*HPI*1467985713~AMT*B6*12.43~LQ*HE*N45~LQ*HE*N381~CLP*000100042274*1*268.3*86.85**MC*2020303072567~NM1*QC*1*THOMPSON*LINDA*M***MR*E133889~NM1*82*1*CADDALI*ESTRELLA*A***XX*1164974580~REF*EA*AC44AA57F37E4BCBAD47AEFEC2C975AA~DTM*232*20201014~DTM*233*20201014~SVC*HC:99213:25*178.3*65.15**1~DTM*472*20201014~CAS*CO*45*113.15~REF*6R*CP4U1Z01NP80~AMT*B6*65.15~LQ*HE*N45~LQ*HE*N381~SVC*HC:H0049*50*10.81**1~DTM*472*20201014~CAS*CO*45*39.19~REF*6R*CP4UDOCQSBRM~AMT*B6*10.81~LQ*HE*N381~SVC*HC:G8510*40*10.89**1~DTM*472*20201014~CAS*CO*45*29.11~REF*6R*CP4U854QID61~AMT*B6*10.89~LQ*HE*N45~LQ*HE*N381~CLP*000100042076*1*623.6*226.69*2*MC*2020303072620~NM1*QC*1*TORRENS*YIOVANI****MR*O927947~NM1*82*1*TSAMBIKOS*RICHARD****XX*1467985713~REF*EA*705721E4DA244456844F4CBD3F6BC4D6~DTM*232*20201009~DTM*233*20201009~SVC*HC:99204:25*450.07*146.09**1~DTM*472*20201009~CAS*PR*3*2~CAS*CO*45*301.98~REF*6R*CP4U42H4MDDE~AMT*B6*148.09~LQ*HE*N45~LQ*HE*N381~LQ*HE*N381~SVC*HC:90471*53.53*19.27**1~DTM*472*20201009~CAS*CO*45*34.26~REF*6R*CP4UWL3EEBHC~AMT*B6*19.27~LQ*HE*N45~LQ*HE*N381~SVC*HC:90756*30*20.31**1~DTM*472*20201009~CAS*CO*45*9.69~REF*6R*CP4UO2495031~AMT*B6*20.31~LQ*HE*N381~SVC*HC:H0049*50*10.81**1~DTM*472*20201009~CAS*CO*45*39.19~REF*6R*CP4UB0AU5YB9~AMT*B6*10.81~LQ*HE*N381~SVC*HC:G8431*40*30.21**1~DTM*472*20201009~CAS*CO*45*9.79~REF*6R*CP4UHDRJ1JIU~AMT*B6*30.21~LQ*HE*N45~LQ*HE*N381~CLP*000100042397*1*288.14*106.74**MC*2020303072360~NM1*QC*1*TRIPLETT*CHAZ*P***MR*O768038~NM1*82*1*CADDALI*ESTRELLA*A***XX*1164974580~REF*EA*1F747BB08EE14225A3E0478AE23CBE88~DTM*232*20201015~DTM*233*20201015~SVC*HC:99395*288.14*106.74**1~DTM*472*20201015~CAS*CO*45*181.4~REF*6R*CP4U271VAPAZ~AMT*B6*106.74~LQ*HE*N45~LQ*HE*N381~CLP*000100042084*1*178.3*63.15*2*MC*2020303072561~NM1*QC*1*TURNER*DAVID*R***MR*P547112~NM1*82*1*CADDALI*ESTRELLA*A***XX*1164974580~REF*EA*9E5CB456FC694892AEEC2B7DD534B0BA~DTM*232*20201009~DTM*233*20201009~SVC*HC:99213*178.3*63.15**1~DTM*472*20201009~CAS*PR*3*2~CAS*CO*45*113.15~REF*6R*CP4UHD4EM22M~AMT*B6*65.15~LQ*HE*N45~LQ*HE*N381~LQ*HE*N381~CLP*000100042414*1*356.84*118.16**MC*2020303072679~NM1*QC*1*URIOSTE*LIANA****MR*U337621~NM1*82*1*TSAMBIKOS*RICHARD****XX*1467985713~REF*EA*85A2DC01F5754B1FB54A06B13B89293E~DTM*232*20201015~DTM*233*20201015~SVC*HC:99203:25*266.84*96.46**1~DTM*472*20201015~CAS*CO*45*170.38~REF*6R*CP4U4REBN731~AMT*B6*96.46~LQ*HE*N45~LQ*HE*N381~SVC*HC:H0049*50*10.81**1~DTM*472*20201015~CAS*CO*45*39.19~REF*6R*CP4UAI1KCABK~AMT*B6*10.81~LQ*HE*N381~SVC*HC:G8510*40*10.89**1~DTM*472*20201015~CAS*CO*45*29.11~REF*6R*CP4UMEJKXNGJ~AMT*B6*10.89~LQ*HE*N45~LQ*HE*N381~CLP*000100038610*1*50*10.81**MC*2020303072522~NM1*QC*1*VIAU*SHERI*L***MR*E330428~NM1*82*1*GRONEMEYER*LEANNE*R***XX*1659521045~REF*EA*43D6FCB8592D4F44BD2AC5A92615BBCE~DTM*232*20200804~DTM*233*20200804~SVC*HC:H0049*50*10.81**1~DTM*472*20200804~CAS*CO*45*39.19~REF*6R*CP4AKHTJ0NZK~AMT*B6*10.81~LQ*HE*N77~LQ*HE*N381~CLP*000100042214*1*178.3*65.15**MC*2020303072526~NM1*QC*1*VILLASENOR*MIQUEILA*C***MR*K174349~NM1*82*1*CADDALI*ESTRELLA*A***XX*1164974580~REF*EA*FBA01406BF1749618E152298B96892E1~DTM*232*20201013~DTM*233*20201013~SVC*HC:99213*178.3*65.15**1~DTM*472*20201013~CAS*CO*45*113.15~REF*6R*CP4UBN7160B2~AMT*B6*65.15~LQ*HE*N45~LQ*HE*N381~CLP*000100042437*1*178.3*65.15**MC*2020303072430~NM1*QC*1*WOELFLE*FRANK*J***MR*N903082~NM1*82*1*CADDALI*ESTRELLA*A***XX*1164974580~REF*EA*9D7CF05B69AC4DB1A43411FF1748559F~DTM*232*20201016~DTM*233*20201016~SVC*HC:99213*178.3*65.15**1~DTM*472*20201016~CAS*CO*45*113.15~REF*6R*CP4UN7MTHJ3I~AMT*B6*65.15~LQ*HE*N45~LQ*HE*N381~CLP*000100040966*1*15*8.34**MC*2020303072670~NM1*QC*1*WOODARD*LYDIA****MR*P869732~NM1*82*1*SEARLES*DENISE*A***XX*1396971230~REF*EA*DCE7AA5B79C341D9B29DAA13217E1E3F~DTM*232*20200922~DTM*233*20200922~SVC*HC:81025*15*8.34**1~DTM*472*20200922~CAS*CO*45*6.66~REF*6R*CP4AV1NUI4IF~AMT*B6*8.34~LQ*HE*N59~LQ*HE*N381~CLP*000100042381*1*178.3*65.15**MC*2020303072346~NM1*QC*1*WYATT*MARK*A***MR*O690192~NM1*82*1*HOOSHMAND-PARSI*KAYHOSROW****XX*1447291851~REF*EA*23AC73B4CF114236B05AD8C0F721240E~DTM*232*20201015~DTM*233*20201015~SVC*HC:99213*178.3*65.15**1~DTM*472*20201015~CAS*CO*45*113.15~REF*6R*CP4UEBGI0I08~AMT*B6*65.15~LQ*HE*N45~LQ*HE*N381~CLP*000100041625*1*178.3*63.15*2*MC*2020303072425~NM1*QC*1*YOUNGBLOOD*CASSIDY****MR*Y096253~NM1*82*1*TSAMBIKOS*RICHARD****XX*1467985713~REF*EA*BE4968099060425497BE1D9810BF728E~DTM*232*20201001~DTM*233*20201001~SVC*HC:99213*178.3*63.15**1~DTM*472*20201001~CAS*PR*3*2~CAS*CO*45*113.15~REF*6R*CP4URK66FLY5~AMT*B6*65.15~LQ*HE*N45~LQ*HE*N381~LQ*HE*N381~CLP*000100042200*4*270.83*0**MC*2020303072559~NM1*QC*1*BACKUSH*SUMAYAH*H***MR*Y862562~NM1*82*1*WARE*SONDRA*E***XX*1386181444~REF*EA*1C70550FBB724F15899D44089033E85E~DTM*232*20201013~DTM*233*20201013~SVC*HC:99213:25*178.3*0**0**1~DTM*472*20201013~CAS*PI*16*178.3~REF*6R*CP4UL8KM7D4Z~LQ*HE*MA70~SVC*HC:90471*53.53*0**0**1~DTM*472*20201013~CAS*PI*16*53.53~REF*6R*CP4UYEEPX7LR~LQ*HE*MA70~SVC*HC:90756*35*0**0**1~DTM*472*20201013~CAS*PI*16*35~REF*6R*CP4U7Q2ZCGHQ~LQ*HE*MA70~SVC*HC:81002*4*0**0**1~DTM*472*20201013~CAS*PI*16*4~REF*6R*CP4UTUR973QR~LQ*HE*MA70~CLP*000100040246*4*50*0**MC*2020303072629~NM1*QC*1*CORDOVA*JULIAN****MR*S614205~NM1*82*2*HEALTH SOLUTIONS*****XX*1033165527~REF*EA*FE3AC5F42DF64A64BB3E494126E0A353~DTM*232*20200908~DTM*233*20200908~SVC*HC:H0049*50*0**0**1~DTM*472*20200908~CAS*PI*185*50~REF*6R*CP4ANSL6NMH5~LQ*HE*N59~LQ*HE*N290~LQ*HE*N198~CLP*000100035265*4*83.99*0**MC*2020303072676~NM1*QC*1*FLUETT*SARAH****MR*O578292~NM1*82*1*HOOSHMAND-PARSI*KAYHOSROW****XX*1447291851~REF*EA*EF42C162440945B1B78EDEA7445D9613~DTM*232*20200526~DTM*233*20200526~SVC*HC:96372:95*83.99*0**0**1~DTM*472*20200526~CAS*CO*109*83.99~REF*6R*CP4A68BD4JN1~LQ*HE*N381~CLP*000100042384*4*60*0**MC*2020303072318~NM1*QC*1*FRENCH*RAYMOND****MR*Q015004~NM1*82*1*TSAMBIKOS*RICHARD****XX*1467985713~REF*EA*D363EC4177AD48A48481A093EEB5D5D7~DTM*232*20201015~DTM*233*20201015~SVC*HC:87426*60*0**0**1~DTM*472*20201015~CAS*CO*56*60~REF*6R*CP4U1FP9QXCJ~LQ*HE*N130~CLP*000100040935*4*90*0**MC*2020303072439~NM1*QC*1*GARCIA*SUNSHINE****MR*U957303~NM1*82*2*HEALTH SOLUTIONS*****XX*1033165527~REF*EA*97CBAA2425254CDD9E1026E21442620C~DTM*232*20200922~DTM*233*20200922~SVC*HC:G8510*40*0**0**1~DTM*472*20200922~CAS*PI*185*40~REF*6R*CP4A7ZJOEW61~LQ*HE*N59~LQ*HE*N290~LQ*HE*N198~SVC*HC:H0049*50*0**0**1~DTM*472*20200922~CAS*PI*185*50~REF*6R*CP4A7HRZMXTK~LQ*HE*N59~LQ*HE*N290~LQ*HE*N198~CLP*000100040546*4*90*0**MC*2020303072442~NM1*QC*1*GARCIA*SUNSHINE****MR*U957303~NM1*82*2*HEALTH SOLUTIONS*****XX*1033165527~REF*EA*053FD6B27C494E94BF85538224DB54B6~DTM*232*20200915~DTM*233*20200915~SVC*HC:H0049*50*0**0**1~DTM*472*20200915~CAS*PI*185*50~REF*6R*CP4E6AVS2E2Z~LQ*HE*N59~LQ*HE*N290~LQ*HE*N198~SVC*HC:G8510*40*0**0**1~DTM*472*20200915~CAS*PI*185*40~REF*6R*CP4E3961FGKT~LQ*HE*N59~LQ*HE*N290~LQ*HE*N198~CLP*000100040742*4*178.3*0**MC*2020303072371~NM1*QC*1*HEASMAN*STUART*G***MR*O606775~NM1*82*1*HOOSHMAND-PARSI*KAYHOSROW****XX*1447291851~REF*EA*BE378C0269FA4579ADCD4177B02D9A35~DTM*232*20200917~DTM*233*20200917~SVC*HC:99213:25*178.3*0**0**1~DTM*472*20200917~CAS*PI*16*178.3~REF*6R*CP4UBIQUXQZ0~LQ*HE*MA63~LQ*HE*MA92~LQ*HE*MA92~LQ*HE*N56~CLP*000100041629*4*547.43*0**MC*2020303072640~NM1*QC*1*HOUCHIN*JOSHUA*D***MR*P954609~NM1*82*1*WARE*SONDRA*E***XX*1386181444~REF*EA*A64AD4824E07445B8A168172D3B0CD4E~DTM*232*20201001~DTM*233*20201001~SVC*HC:99203:25*266.84*0**0**1~DTM*472*20201001~CAS*PI*16*266.84~REF*6R*CP4USGRI2JJI~LQ*HE*MA70~SVC*HC:69210:50*107.06*0**0**1~DTM*472*20201001~CAS*PI*16*107.06~REF*6R*CP4UL488C2TU~LQ*HE*MA70~SVC*HC:90471*53.53*0**0**1~DTM*472*20201001~CAS*PI*16*53.53~REF*6R*CP4UDBCHJAKZ~LQ*HE*MA70~SVC*HC:90756*30*0**0**1~DTM*472*20201001~CAS*PI*16*30~REF*6R*CP4UPWP58PJC~LQ*HE*MA70~SVC*HC:H0049*50*0**0**1~DTM*472*20201001~CAS*PI*16*50~REF*6R*CP4UOCF0JFIW~LQ*HE*MA70~SVC*HC:G8431*40*0**0**1~DTM*472*20201001~CAS*PI*16*40~REF*6R*CP4UKWLKEZNU~LQ*HE*MA70~CLP*000100042379*4*540.07*0**MC*2020303072345~NM1*QC*1*JOHNSON*JULIET*A***MR*P371870~NM1*82*1*WARE*SONDRA*E***XX*1386181444~REF*EA*68166599C0294F5F88FE9C3B9EB632DB~DTM*232*20201015~DTM*233*20201015~SVC*HC:99204:25*450.07*0**0**1~DTM*472*20201015~CAS*PI*16*450.07~REF*6R*CP4UGOOGIWAE~LQ*HE*MA70~SVC*HC:H0049*50*0**0**1~DTM*472*20201015~CAS*PI*16*50~REF*6R*CP4ULJO3YRDZ~LQ*HE*MA70~SVC*HC:G8510*40*0**0**1~DTM*472*20201015~CAS*PI*16*40~REF*6R*CP4U3IQRE2PB~LQ*HE*MA70~CLP*000100042177*4*628.6*0**MC*2020303072445~NM1*QC*1*MARTINEZ*LOUIE*M***MR*H926677~NM1*82*1*WARE*SONDRA*E***XX*1386181444~REF*EA*D1E04C98E158423E9C982451808801FD~DTM*232*20201013~DTM*233*20201013~SVC*HC:99204:25*450.07*0**0**1~DTM*472*20201013~CAS*PI*16*450.07~REF*6R*CP4U4WU0ANTP~LQ*HE*MA70~SVC*HC:90471*53.53*0**0**1~DTM*472*20201013~CAS*PI*16*53.53~REF*6R*CP4UFZABVATI~LQ*HE*MA70~SVC*HC:90756*35*0**0**1~DTM*472*20201013~CAS*PI*16*35~REF*6R*CP4UC4GOFT5H~LQ*HE*MA70~SVC*HC:H0049*50*0**0**1~DTM*472*20201013~CAS*PI*16*50~REF*6R*CP4UX1Z52HMO~LQ*HE*MA70~SVC*HC:G8510*40*0**0**1~DTM*472*20201013~CAS*PI*16*40~REF*6R*CP4UVNOSBTFD~LQ*HE*MA70~CLP*000100042335*4*540.07*0**MC*2020303072437~NM1*QC*1*MORRIS*CASSANDRA****MR*O129192~NM1*82*1*WARE*SONDRA*E***XX*1386181444~REF*EA*5DD68C49687D46D58D1627F4C71C3400~DTM*232*20201015~DTM*233*20201015~SVC*HC:99204:25*450.07*0**0**1~DTM*472*20201015~CAS*PI*16*450.07~REF*6R*CP4UXFLOI3EW~LQ*HE*MA70~SVC*HC:H0049*50*0**0**1~DTM*472*20201015~CAS*PI*16*50~REF*6R*CP4U5IQIZP8F~LQ*HE*MA70~SVC*HC:G8431*40*0**0**1~DTM*472*20201015~CAS*PI*16*40~REF*6R*CP4UG343BV68~LQ*HE*MA70~CLP*000100042402*4*60*0**MC*2020303072370~NM1*QC*1*MOULDING*MIKAL*J***MR*P184908~NM1*82*1*TSAMBIKOS*RICHARD****XX*1467985713~REF*EA*AD7A5A7FF3E64CD985FD82169C75F2EE~DTM*232*20201015~DTM*233*20201015~SVC*HC:87426*60*0**0**1~DTM*472*20201015~CAS*CO*56*60~REF*6R*CP4U8TV9QL81~LQ*HE*N130~LQ*HE*N130~CLP*000100042395*4*276.99*0**MC*2020303072407~NM1*QC*1*RICH*ELECTRA*C***MR*P928666~NM1*82*1*WARE*SONDRA*E***XX*1386181444~REF*EA*63C456F4C11448F281D37B54B05DB297~DTM*232*20201015~DTM*233*20201015~SVC*HC:99214:25*272.99*0**0**1~DTM*472*20201015~CAS*PI*16*272.99~REF*6R*CP4UPFSF7TZG~LQ*HE*MA70~SVC*HC:81002*4*0**0**1~DTM*472*20201015~CAS*PI*16*4~REF*6R*CP4UQZLJFIPB~LQ*HE*MA70~CLP*000100039356*4*54.67*0**MC*2020303072594~NM1*QC*1*ROBINSON*JASMINE*R***MR*Y094819~NM1*82*1*CADDALI*ESTRELLA*A***XX*1164974580~REF*EA*F47C8F74EBDD43CBAEE1D99E7AC38978~DTM*232*20200819~DTM*233*20200819~SVC*HC:93000*54.67*0**0**1~DTM*472*20200819~CAS*PI*16*54.67~REF*6R*CP4AOOYRCMAQ~LQ*HE*N30~LQ*HE*MA92~LQ*HE*MA92~CLP*000100042393*4*356.84*0**MC*2020303072323~NM1*QC*1*ROSE*STEVEN*A***MR*N346811~NM1*82*1*WARE*SONDRA*E***XX*1386181444~REF*EA*D3F604B435FE4705BC9FB8536A583B3B~DTM*232*20201015~DTM*233*20201015~SVC*HC:99203:25*266.84*0**0**1~DTM*472*20201015~CAS*PI*16*266.84~REF*6R*CP4U8SQQEHSX~LQ*HE*MA70~SVC*HC:H0049*50*0**0**1~DTM*472*20201015~CAS*PI*16*50~REF*6R*CP4U9SGM9IFZ~LQ*HE*MA70~SVC*HC:G8510*40*0**0**1~DTM*472*20201015~CAS*PI*16*40~REF*6R*CP4UENSN6UTA~LQ*HE*MA70~CLP*000100042414*4*60*0**MC*2020303072689~NM1*QC*1*URIOSTE*LIANA****MR*U337621~NM1*82*1*TSAMBIKOS*RICHARD****XX*1467985713~REF*EA*8DA8FC0485C54EEDBB8F1868143B11CD~DTM*232*20201015~DTM*233*20201015~SVC*HC:87426*60*0**0**1~DTM*472*20201015~CAS*CO*56*60~REF*6R*CP4UMYGDAO7A~LQ*HE*N130~LQ*HE*N130~LQ*HE*N130~CLP*000100041020*4*105*0**MC*2020303072618~NM1*QC*1*VIGIL*TANESHA*M***MR*E303136~NM1*82*1*SEARLES*DENISE*A***XX*1396971230~REF*EA*D18A27FB1B704F1FAFF1C1A648B12649~DTM*232*20200922~DTM*233*20200922~SVC*HC:81025*15*0**0**1~DTM*472*20200922~CAS*PI*16*15~REF*6R*CP4ANRF0W4CH~LQ*HE*N554~LQ*HE*N59~SVC*HC:H0049*50*0**0**1~DTM*472*20200922~CAS*PI*16*50~REF*6R*CP4A9E18JWD9~LQ*HE*N554~LQ*HE*N59~SVC*HC:G8431*40*0**0**1~DTM*472*20200922~CAS*PI*16*40~REF*6R*CP4AXZRM8BED~LQ*HE*N554~LQ*HE*N59~CLP*000100040384*22*-217.66*-54.8**MC*2020289085337~NM1*QC*1*CLAUSSEN*COREY****MR*Q548496~NM1*82*1*SANCHEZ*LEANN*V***XX*1508990961~REF*EA*78A5C2A4D2164ACCB8C57C4CE1CE304D~DTM*232*20200910~DTM*233*20200910~SVC*HC:90832*-217.66*-54.8**1~DTM*472*20200910~CAS*CO*45*-162.86~REF*6R*CP3QZMKABBAV~AMT*B6*54.8~LQ*HE*N59~LQ*HE*N381~CLP*000100040384*4*217.66*0**MC*5920302011407~NM1*QC*1*CLAUSSEN*COREY****MR*Q548496~NM1*82*1*SANCHEZ*LEANN*V***XX*1508990961~REF*EA*78A5C2A4D2164ACCB8C57C4CE1CE304D~DTM*232*20200910~DTM*233*20200910~SVC*HC:90832*217.66*0**1~DTM*472*20200910~CAS*CO*129*217.66~REF*6R*CP3QZMKABBAV~LQ*HE*N59~CLP*000100039802*22*-40*-30.21**MC*2020289085239~NM1*QC*1*JURGENS*HOLLY*M***MR*U355037~NM1*82*1*SANCHEZ*LEANN*V***XX*1508990961~REF*EA*55AE97F5FF234DD187BDA958D7BC3592~DTM*232*20200827~DTM*233*20200827~SVC*HC:G8431*-40*-30.21**1~DTM*472*20200827~CAS*CO*45*-9.79~REF*6R*CP3YCVT9391D~AMT*B6*30.21~LQ*HE*N59~LQ*HE*N45~LQ*HE*N381~CLP*000100039802*4*40*0**MC*5920302011448~NM1*QC*1*JURGENS*HOLLY*M***MR*U355037~NM1*82*1*SANCHEZ*LEANN*V***XX*1508990961~REF*EA*55AE97F5FF234DD187BDA958D7BC3592~DTM*232*20200827~DTM*233*20200827~SVC*HC:G8431*40*0**1~DTM*472*20200827~CAS*CO*129*40~REF*6R*CP3YCVT9391D~LQ*HE*N59~CLP*000100038082*22*-437.77*-108.61**MC*2020289085395~NM1*QC*1*KINCAID*JANAY*L***MR*Y577521~NM1*82*1*SANCHEZ*LEANN*V***XX*1508990961~REF*EA*30074115290B4812B2BAAE0B41FC0DE3~DTM*232*20200724~DTM*233*20200724~SVC*HC:90791*-437.77*-108.61**1~DTM*472*20200724~CAS*CO*45*-329.16~REF*6R*CP3QR5W86PTK~AMT*B6*108.61~LQ*HE*N59~LQ*HE*N381~CLP*000100038082*4*437.77*0**MC*5920302011461~NM1*QC*1*KINCAID*JANAY*L***MR*Y577521~NM1*82*1*SANCHEZ*LEANN*V***XX*1508990961~REF*EA*30074115290B4812B2BAAE0B41FC0DE3~DTM*232*20200724~DTM*233*20200724~SVC*HC:90791*437.77*0**1~DTM*472*20200724~CAS*CO*129*437.77~REF*6R*CP3QR5W86PTK~LQ*HE*N59~CLP*000100037941*22*-40*-10.89**MC*2020289084826~NM1*QC*1*SCHUDAR*JOHN*R***MR*Y988342~NM1*82*1*LEWIS*HOLLY*G***XX*1295234128~REF*EA*20DD7C79352D49CB908A87C42CDC8923~DTM*232*20200722~DTM*233*20200722~SVC*HC:G8510*-40*-10.89**1~DTM*472*20200722~CAS*CO*45*-29.11~REF*6R*CP36GM9S4HUW~AMT*B6*10.89~LQ*HE*N59~LQ*HE*N45~LQ*HE*N381~CLP*000100037941*4*40*0**MC*5920302011492~NM1*QC*1*SCHUDAR*JOHN*R***MR*Y988342~NM1*82*1*LEWIS*HOLLY*G***XX*1295234128~REF*EA*20DD7C79352D49CB908A87C42CDC8923~DTM*232*20200722~DTM*233*20200722~SVC*HC:G8510*40*0**1~DTM*472*20200722~CAS*CO*129*40~REF*6R*CP36GM9S4HUW~LQ*HE*N59~PLB*1508250911*20201231*CS:0000376773731*-54.8*CS:0000376773731*54.8*CS:0000376775905*-30.21*CS:0000376775905*30.21*CS:0000376776665*-108.61*CS:0000376776665*108.61~PLB*1508250911*20201231*CS:0000376778423*-10.89*CS:0000376778423*10.89~SE*2355*000010012~GE*1*100040660~IEA*1*100040660~