ISA*00*          *00*          *ZZ*04112          *29*E13833         *200305*2359*^*00501*006500153*0*P*:~GS*HP*04112*E13833*20200305*2359*153*X*005010X221A1~ST*835*000000002~BPR*I*1923.4*C*ACH*CCP*01*081517693*DA*152302017586*1205296137**01*102000076*DA*2838835219*20200306~TRN*1*890248527*1205296137~REF*EV*E13833~DTM*405*20200305~N1*PR*NOVITAS SOLUTIONS, INC.~N3*PO BOX 3109~N4*MECHANICSBURG*PA*170551825~REF*2U*04112~PER*CX**TE*8552528782~PER*BL*NOVITAS SOLUTIONS, INC. EDI SERVICES*TE*8552528782*EX*1*EM*WEBSITEEDI@NOVITAS-SOLUTIONS.COM~N1*PE*SPANISH PEAKS NEW ALTERNATIV*XX*1508250911~N3*ATTN  BILLING*41 MONTEBELLO ROAD STE 116~N4*PUEBLO*CO*810011366~REF*TJ*841158933~LX*1~CLP*000100029731*19*90*60.48*15.43*MB*0220052409000*11*1~NM1*QC*1*AVILA*ROBERT*A***MI*3UP6QW1DX68~NM1*82*1******XX*1447291851~NM1*TT*2*COLORADO DEPT OF HEALTH-MEDICAID*****PI*70037~MOA***MA01*MA07~REF*EA*5B178082A7D44FDCBFA8A69411C643E7~DTM*050*20200221~SVC*HC:99213*90*60.48**1~DTM*472*20200211~CAS*CO*45*12.86**253*1.23~CAS*PR*2*15.43~REF*LU*11~REF*6R*CPWM15WDN6A2~AMT*B6*77.14~CLP*000100029902*19*1986*1056.47*267.35*MB*0220052408920*11*1~NM1*QC*1*BARNELL*SHANNA****MI*9KW9DE2VG31~NM1*82*1******XX*1396971230~NM1*TT*2*COLORADO DEPT OF HEALTH-MEDICAID*****PI*70037~MOA***MA01*MA07~REF*EA*561550D449634952A1E43558AEFE9140~DTM*050*20200221~SVC*HC:99214:25*134*74.49**1~DTM*472*20200213~CAS*CO*45*38.99**253*1.52~CAS*PR*2*19~REF*LU*11~REF*6R*CPWMW8JBNGE6~AMT*B6*95.01~LQ*HE*N782~SVC*HC:96372*32*9.77**1~DTM*472*20200213~CAS*CO*45*19.54**253*0.2~CAS*PR*2*2.49~REF*LU*11~REF*6R*CPWMLP0C8P9H~AMT*B6*12.46~LQ*HE*N782~SVC*HC:J2315*1805*963.77**380~DTM*472*20200213~CAS*CO*45*575.7**253*19.67~CAS*PR*2*245.86~REF*LU*11~REF*6R*CPWMYMALZY3A~AMT*B6*1229.3~LQ*HE*N782~SVC*HC:81025*15*8.44**1~DTM*472*20200213~CAS*CO*45*6.39**253*0.17~REF*LU*11~REF*6R*CPWMDPK4A3OJ~AMT*B6*8.61~CLP*000100029795*1*134*65.9*44.54*MB*0220052409010*11*1~NM1*QC*1*BIBLE*JEAN****MI*7AA5NK0YY80~NM1*82*1******XX*1447291851~MOA***MA01~REF*EA*7E1671CD2F064056A8DA824AB2F7014B~DTM*050*20200221~SVC*HC:99214*134*65.9**1~DTM*472*20200212~CAS*CO*45*22.22**253*1.34~CAS*PR*1*27.73**2*16.81~REF*LU*11~REF*6R*CPWMN0DSL9A9~AMT*B6*111.78~CLP*000100029462*19*90*51.41*13.11*MB*0220052408980*11*1~NM1*QC*1*COOK*DAVID*T***MI*6ED1FE4MH27~NM1*82*1******XX*1164974580~NM1*TT*2*COLORADO DEPT OF HEALTH-MEDICAID*****PI*70037~MOA***MA01*MA07~REF*EA*945A320CB4914FBFB33453B33204B015~DTM*050*20200221~SVC*HC:99213*90*51.41**1~DTM*472*20200205~CAS*CO*45*24.43**253*1.05~CAS*PR*2*13.11~REF*LU*11~REF*6R*CPWME4I8VUBQ~AMT*B6*65.57~LQ*HE*N782~CLP*000100029460*19*134*74.49*19*MB*0220052408860*11*1~NM1*QC*1*DIAZ*CARL****MI*3CA5R58NJ75~NM1*82*1******XX*1366419582~NM1*TT*2*COLORADO DEPT OF HEALTH-MEDICAID*****PI*70037~MOA***MA01*MA07~REF*EA*DABBD841516948FAB0CD4F55338B3542~DTM*050*20200221~SVC*HC:99214*134*74.49**1~DTM*472*20200205~CAS*CO*45*38.99**253*1.52~CAS*PR*2*19~REF*LU*11~REF*6R*CPWMB0T2GDOZ~AMT*B6*95.01~CLP*000100029929*19*90*60.48*15.43*MB*0220052408910*11*1~NM1*QC*1*DRAPER*RUBY*J***MI*9XJ4UJ7EM84~NM1*82*1******XX*1447291851~NM1*TT*2*CHAMPVA-VA HEALTH ADMIN CTR*****PI*80214~MOA***MA01*MA18~REF*EA*2CDC1A500BA542B08C3BB30277A28DAB~DTM*050*20200221~SVC*HC:99213*90*60.48**1~DTM*472*20200213~CAS*CO*45*12.86**253*1.23~CAS*PR*2*15.43~REF*LU*11~REF*6R*CPWMT6GBXOTU~AMT*B6*77.14~CLP*000100029521*1*90*45.15*19.5*MB*0220052408960*11*1~NM1*QC*1*FISHER*RONNI*J***MI*2YR4YT6HV78~NM1*82*1******XX*1396971230~MOA***MA01~REF*EA*3CCC54C5F8F0401F854C9AF853E0E36D~DTM*050*20200221~SVC*HC:99213*90*45.15**1~DTM*472*20200206~CAS*CO*45*24.43**253*0.92~CAS*PR*1*7.98**2*11.52~REF*LU*11~REF*6R*CPWMLUTF9421~AMT*B6*65.57~CLP*000100029537*19*134*74.49*19*MB*0220052409030*11*1~NM1*QC*1*KHALER*ALVIN*J***MI*3R78KQ0MD40~NM1*82*1******XX*1659521045~NM1*TT*2*COLORADO DEPT OF HEALTH-MEDICAID*****PI*70037~MOA***MA01*MA07~REF*EA*45407DD3F22145CA8074FA817F26C1B1~DTM*050*20200221~SVC*HC:99214*134*74.49**1~DTM*472*20200206~CAS*CO*45*38.99**253*1.52~CAS*PR*2*19~REF*LU*11~REF*6R*CPWM7TEOFHHE~AMT*B6*95.01~LQ*HE*N782~CLP*000100026388*19*90*50.71*12.94*MB*0220052408850*11*1~NM1*QC*1*KLIPFEL*SHARON*L***MI*7DK8P22VU22~NM1*82*1******XX*1164974580~NM1*TT*2*COLORADO DEPT OF HEALTH-MEDICAID*****PI*70037~MOA***MA01*MA07~REF*EA*AF78139001724B9E8480D1A4A0609831~DTM*050*20200221~SVC*HC:99213*90*50.71**1~DTM*472*20191206~CAS*CO*45*25.31**253*1.04~CAS*PR*2*12.94~REF*LU*11~REF*6R*CPVUQ42KBMCC~AMT*B6*64.69~CLP*000100029194*1*265*152.73*34.97*MB*0220052408870*11*1~NM1*QC*1*RAY*ANTHONY****MI*8UX3UN1KW03~NM1*82*1******XX*1366419582~MOA***MA01~REF*EA*1122DE5A92CE4CC1BE923DF1BD00F8F2~DTM*050*20200221~SVC*HC:99204:25*205*112.43**1~DTM*472*20200131~CAS*CO*45*61.6**253*2.29~CAS*PR*2*28.68~REF*LU*11~REF*6R*CPWM6JGNGF3F~AMT*B6*143.4~SVC*HC:G0444*20*15.62**1~DTM*472*20200131~CAS*CO*45*4.06**253*0.32~REF*LU*11~REF*6R*CPWM29S8UIEX~AMT*B6*15.94~SVC*HC:G0396*40*24.68**1~DTM*472*20200131~CAS*CO*45*8.53**253*0.5~CAS*PR*2*6.29~REF*LU*11~REF*6R*CPWMO7KX2PTS~AMT*B6*31.47~CLP*000100029304*19*138*4.69*93.7*MB*0220052408990*11*1~NM1*QC*1*SANDOVAL*IRENE*E***MI*7XD5M29MX89~NM1*82*1******XX*1659521045~NM1*TT*2*COLORADO DEPT OF HEALTH-MEDICAID*****PI*70037~MOA***MA01*MA07~REF*EA*861577F4097E406C8287A9163B609223~DTM*050*20200221~SVC*HC:99214:25*134*1.28**1~DTM*472*20200203~CAS*CO*45*38.99**253*0.03~CAS*PR*1*93.37**2*0.33~REF*LU*11~REF*6R*CPWMHQWF0K38~AMT*B6*95.01~LQ*HE*N782~LQ*HE*N781~SVC*HC:81002*4*3.41**1~DTM*472*20200203~CAS*CO*45*0.52**253*0.07~REF*LU*11~REF*6R*CPWMBNIJFYAY~AMT*B6*3.48~CLP*000100029966*19*195*8.44*127.52*MB*0220052408940*11*1~NM1*QC*1*VALDEZ MARTIN*SONIA****MI*7RR8YE6TU37~NM1*82*1******XX*1396971230~NM1*TT*2*COLORADO DEPT OF HEALTH-MEDICAID*****PI*70037~MOA***MA01*MA07~REF*EA*6334BDEAE4BA402AB98565AF6A681874~DTM*050*20200221~SVC*HC:99215:25*180*0**1~DTM*472*20200214~CAS*CO*45*52.48~CAS*PR*1*127.52~REF*LU*11~REF*6R*CPWMVPWR81VF~AMT*B6*127.52~LQ*HE*N781~SVC*HC:81025*15*8.44**1~DTM*472*20200214~CAS*CO*45*6.39**253*0.17~REF*LU*11~REF*6R*CPWMGI90621G~AMT*B6*8.61~CLP*000100029865*1*134*74.49*19*MB*0220052408970*11*1~NM1*QC*1*VIALPANDO*ANTHONY****MI*7JD4MM6YJ80~NM1*82*1******XX*1659521045~MOA***MA01~REF*EA*1D8E49528ADB42AA836F63CDA1FFB4A8~DTM*050*20200221~SVC*HC:99214*134*74.49**1~DTM*472*20200212~CAS*CO*45*38.99**253*1.52~CAS*PR*2*19~REF*LU*11~REF*6R*CPWMAG0QS33H~AMT*B6*95.01~CLP*000100029342*19*282.23*143.47*70.23*MB*0220052408900*11*1~NM1*QC*1*WILLIS*RALPH*E***MI*5V77QE0QE59~NM1*82*1******XX*1164974580~NM1*TT*2*COLORADO DEPT OF HEALTH-MEDICAID*****PI*70037~MOA***MA01*MA07~REF*EA*CE4FD813122944028175A142803738B3~DTM*050*20200221~SVC*HC:G0439:25*145*99.1**1~DTM*472*20200204~CAS*CO*45*43.88**253*2.02~REF*LU*11~REF*6R*CPWMV6SUZAO6~AMT*B6*101.12~SVC*HC:G0008*32*16.8**1~DTM*472*20200204~CAS*CO*45*14.86**253*0.34~REF*LU*11~REF*6R*CPWMD5PMY5JP~AMT*B6*17.14~SVC*HC:90674*35*27.57**1~DTM*472*20200204~CAS*CO*45*6.87**253*0.56~REF*LU*11~REF*6R*CPWMSNQD2UPA~AMT*B6*28.13~SVC*HC:90472*17.23*0****1~DTM*472*20200204~CAS*PR*96*17.23~REF*LU*11~REF*6R*CPWMH2G05L3Y~LQ*HE*N425~SVC*HC:90715*53*0****1~DTM*472*20200204~CAS*PR*96*53~REF*LU*11~REF*6R*CPWMH6WCACZ4~LQ*HE*N425~SE*285*000000002~GE*1*153~IEA*1*006500153~