ISA*00*          *00*          *ZZ*ENS_EDI        *ZZ*ZUG14932       *191102*0030*^*00501*319914534*0*P*:~GS*HP*ENS_EDI*ZUG14932*20191102*0030*319914534*X*005010X221A1~ST*835*000000011~BPR*I*70*C*CHK************20191101~TRN*1*0000013031*1391995276*CG2460102671943~DTM*405*20191101~N1*PR*UMR ROCKY MOUNTAIN UFCW UNIONS   EMPLOYERS*XV*39026~N3*115 W WAUSAU AVE~N4*WAUSAU*WI*54402~PER*BL*UMR*EM*UMR-BUSINESS-EDI@UMR.COM~N1*PE*SPANISH PEAKS NEW ALTERNATIVES*XX*1508250911~REF*TJ*841158933~LX*1~CLP*000100022705*1*145*70*25*12*19289199612*02*1~NM1*QC*1*GOMEZ*AMAYA~NM1*IL*1*GOMEZ*MARY LOUISE****MI*20408975~NM1*82*1*FLYNN*MONICA****XX*1013283241~REF*1L*76413696~AMT*AU*145~SVC*HC:90792*145*70~DTM*472*20190924~CAS*CO*45*50~CAS*PR*3*25~REF*6R*CP3PJYLCIGVD~AMT*B6*95~SE*24*000000011~GE*1*319914534~IEA*1*319914534~