ISA*00*          *00*          *ZZ*ENS_EDI        *ZZ*ZUG14932       *191224*1530*^*00501*346256135*1*P*:~GS*HP*ENS_EDI*ZUG14932*20191224*1530*346256135*X*005010X221A1~ST*835*000000026~BPR*I*289.91*C*CHK************20191223~TRN*1*N191224P2299006533085101*1841011378~DTM*405*20191222~N1*PR*PACIFICARE OF COLORADO, INC.*XV*95959~N3*P.O. BOX 400046~N4*SAN ANTONIO*TX*78229~REF*2U*95959~PER*BL*EDI SUPPORT INFO*TE*8008421109*EM*SUPPORTEDI@UHC.COM~N1*PE*SPANISH PEAKS NEW ALTERNATIVES*XX*1508250911~N3*41 MONTEBELLO RD #116~N4*PUEBLO*CO*810011366~REF*TJ*841158933~REF*PQ*0195200810~LX*1~CLP*000100025800*1*270*118.95**16*22-8566834-01-166*11*1~NM1*QC*1*TORRES*MIGUEL*L***MI*856683401~NM1*82*2*MARC*****XX*1447291851~REF*F8*3397992813~REF*28*8566834~DTM*050*20191210~AMT*AU*118.95~SVC*HC:99203:25*145*108.88**1~DTM*472*20191126~CAS*CO*253*2.22**45*33.9~REF*6R*CPNTD3I1YNRA~AMT*B6*111.1~SVC*HC:99415*45*10.07**1~DTM*472*20191126~CAS*CO*253*.21**45*34.72~REF*6R*CPNTENU0ZARD~AMT*B6*10.28~SVC*HC:H0049*36*0**1~DTM*472*20191126~CAS*CO*16*36~REF*6R*CPNTUA3G3EUZ~LQ*HE*M51~SVC*HC:G8431*40*0**1~DTM*472*20191126~CAS*CO*246*40~REF*6R*CPNTFK942TYU~SVC*HC:81002*4*0**1~DTM*472*20191126~CAS*CO*234*4~REF*6R*CPNTRBWXKMFS~LQ*HE*M80~CLP*000100025935*1*332*170.96*40*16*22-8605363-01-017*11*1~NM1*QC*1*TAYLOR*CASEY****MI*860536301~NM1*82*2*MEDICAL CENTER*****XX*1164974580~REF*F8*3397992774~REF*28*8605363~DTM*050*20191210~AMT*AU*210.96~SVC*HC:99204:25*205*125.9**1~DTM*472*20191127~CAS*CO*253*2.57**45*36.53~CAS*PR*3*40~REF*6R*CPNTAJWNLIGD~AMT*B6*168.47~SVC*HC:G0008*32*16.8**1~DTM*472*20191127~CAS*CO*253*.34**45*14.86~REF*6R*CPNTKF585C04~AMT*B6*17.14~SVC*HC:90674*35*28.26**1~DTM*472*20191127~CAS*CO*45*6.74~REF*6R*CPNTGPYER9JT~AMT*B6*28.26~SVC*HC:G0444*20*0**1~DTM*472*20191127~CAS*CO*234*20~REF*6R*CPNTJ6XUYBAB~LQ*HE*M80~SVC*HC:G0396*40*0**1~DTM*472*20191127~CAS*CO*234*40~REF*6R*CPNT0N1V841H~LQ*HE*M80~SE*80*000000026~GE*1*346256135~IEA*1*346256135~