ISA*00*          *00*          *ZZ*ENS_EDI        *ZZ*ZUG14932       *200109*1330*^*00501*351366366*1*P*:~GS*HP*ENS_EDI*ZUG14932*20200109*1330*351366366*X*005010X221A1~ST*835*000000011~BPR*I*263.49*C*CHK************20200108~TRN*1*N200109P2299006533881901*1841011378~DTM*405*20200107~N1*PR*PACIFICARE OF COLORADO, INC.*XV*95959~N3*P.O. BOX 400046~N4*SAN ANTONIO*TX*78229~REF*2U*95959~PER*BL*EDI SUPPORT INFO*TE*8008421109*EM*SUPPORTEDI@UHC.COM~N1*PE*SPANISH PEAKS NEW ALTERNATIVES*XX*1508250911~N3*41 MONTEBELLO RD #116~N4*PUEBLO*CO*810011366~REF*TJ*841158933~REF*PQ*0195200810~LX*1~CLP*000100027001*1*134*99.35*10*16*22-0522246-01-293*11*1~NM1*QC*1*WILCOXON*LEROY****MI*052224601~NM1*74*1***A***C*052224601~NM1*82*2*MEDICAL CENTER*****XX*1366419582~REF*F8*3404961038~REF*28*0522246~DTM*050*20200102~AMT*AU*109.35~SVC*HC:99214*134*99.35**1~DTM*472*20191218~CAS*CO*253*2.03**45*22.62~CAS*PR*3*10~REF*6R*CPKEVERGKLPX~AMT*B6*111.38~CLP*000100027114*1*134*99.35*10*16*22-0522246-01-294*11*1~NM1*QC*1*WILCOXON*LEROY****MI*052224601~NM1*74*1***A***C*052224601~NM1*82*2*MEDICAL CENTER*****XX*1366419582~REF*F8*3404961039~REF*28*0522246~DTM*050*20200102~AMT*AU*109.35~SVC*HC:99214*134*99.35**1~DTM*472*20191220~CAS*CO*253*2.03**45*22.62~CAS*PR*3*10~REF*6R*CPKEPJ7QNQVU~AMT*B6*111.38~CLP*000100027034*1*90*64.79*10*16*22-9007263-01-033*11*1~NM1*QC*1*MAEZ*SHIRLEY*M***MI*900726301~NM1*82*2*MEDICAL CENTER*****XX*1164974580~REF*F8*3404961037~REF*28*9007263~DTM*050*20200102~AMT*AU*74.79~SVC*HC:99213*90*64.79**1~DTM*472*20191219~CAS*CO*253*1.32**45*13.89~CAS*PR*3*10~REF*6R*CPKE7BWLKIPK~AMT*B6*76.11~SE*57*000000011~GE*1*351366366~IEA*1*351366366~