ISA*00*          *00*          *ZZ*ENS_EDI        *ZZ*ZUG14932       *191205*1230*^*00501*340284737*1*P*:~GS*HP*ENS_EDI*ZUG14932*20191205*1230*340284737*X*005010X221A1~ST*835*000000015~BPR*I*297.02*C*CHK************20191204~TRN*1*N191205P2299006531815301*1841011378~DTM*405*20191203~N1*PR*PACIFICARE OF COLORADO, INC.*XV*95959~N3*P.O. BOX 400046~N4*SAN ANTONIO*TX*78229~REF*2U*95959~PER*BL*EDI SUPPORT INFO*TE*8008421109*EM*SUPPORTEDI@UHC.COM~N1*PE*SPANISH PEAKS NEW ALTERNATIVES*XX*1508250911~N3*41 MONTEBELLO RD #116~N4*PUEBLO*CO*810011366~REF*TJ*841158933~REF*PQ*0195200810~LX*1~CLP*000100025732*1*255*197.67*10*16*22-8531105-01-021*11*1~NM1*QC*1*SCHRADER*LAWRENCE****MI*853110501~NM1*82*2*MEDICAL CENTER*****XX*1659521045~REF*F8*3394174363~REF*28*8531105~DTM*050*20191127~AMT*AU*207.67~SVC*HC:99205*255*197.67**1~DTM*472*20191125~CAS*CO*253*4.03**45*43.3~CAS*PR*3*10~REF*6R*CPE9YQ34L4RH~AMT*B6*207.67~CLP*000100025737*1*134*99.35*10*16*22-9077992-01-071*11*1~NM1*QC*1*GARZA*PATRICIA****MI*907799201~NM1*74*1***M***C*907799201~NM1*82*2*MARC*****XX*1447291851~REF*F8*3394174364~REF*28*9077992~DTM*050*20191127~AMT*AU*109.35~SVC*HC:99214*134*99.35**1~DTM*472*20191125~CAS*CO*253*2.03**45*22.62~CAS*PR*3*10~REF*6R*CPE9L0G918DQ~AMT*B6*109.35~SE*43*000000015~GE*1*340284737~IEA*1*340284737~