ISA*00*          *00*          *ZZ*ENS_EDI        *ZZ*ZUG14932       *191126*0930*^*00501*334220714*1*P*:~GS*HP*ENS_EDI*ZUG14932*20191126*0930*334220714*X*005010X221A1~ST*835*000000040~BPR*I*234.29*C*CHK************20191122~TRN*1*N191125P2299006531129801*1841011378~DTM*405*20191121~N1*PR*PACIFICARE OF COLORADO, INC.*XV*95959~N3*P.O. BOX 400046~N4*SAN ANTONIO*TX*78229~REF*2U*95959~PER*BL*EDI SUPPORT INFO*TE*8008421109*EM*SUPPORTEDI@UHC.COM~N1*PE*SPANISH PEAKS NEW ALTERNATIVES*XX*1508250911~N3*41 MONTEBELLO RD #116~N4*PUEBLO*CO*810011366~REF*TJ*841158933~REF*PQ*0195200810~LX*1~CLP*000100025079*1*134*99.35*10*16*22-3051043-01-138*11*1~NM1*QC*1*TRUJILLO*YOLANDA*M***MI*305104301~NM1*82*2*MEDICAL CENTER*****XX*1164974580~REF*F8*3390302200~REF*28*3051043~DTM*050*20191115~AMT*AU*109.35~SVC*HC:99214*134*99.35**1~DTM*472*20191112~CAS*CO*253*2.03**45*22.62~CAS*PR*3*10~REF*6R*CPDPLF8S1GGF~AMT*B6*109.35~CLP*000100025145*1*54*35.59*10*16*22-1882750-01-110*11*1~NM1*QC*1*OSTER*SHEILA****MI*188275001~NM1*82*2*MEDICAL CENTER*****XX*1164974580~REF*F8*3390302477~REF*28*1882750~DTM*050*20191115~AMT*AU*45.59~SVC*HC:99212*54*35.59**1~DTM*472*20191113~CAS*CO*253*.73**45*7.68~CAS*PR*3*10~REF*6R*CPDPD4BD4D2B~AMT*B6*45.59~CLP*000100025004*1*134*99.35*10*16*22-9077992-01-068*11*1~NM1*QC*1*GARZA*PATRICIA****MI*907799201~NM1*74*1***M***C*907799201~NM1*82*2*MARC*****XX*1447291851~REF*F8*3390302199~REF*28*9077992~DTM*050*20191115~AMT*AU*109.35~SVC*HC:99214*134*99.35**1~DTM*472*20191111~CAS*CO*253*2.03**45*22.62~CAS*PR*3*10~REF*6R*CPDPSSM2L6JX~AMT*B6*109.35~SE*56*000000040~GE*1*334220714~IEA*1*334220714~