ISA*00*          *00*          *ZZ*ENS_EDI        *ZZ*ZUG14932       *200130*1430*^*00501*357796267*1*P*:~GS*HP*ENS_EDI*ZUG14932*20200130*1430*357796267*X*005010X221A1~ST*835*000000002~BPR*I*352.12*C*CHK************20200129~TRN*1*N200130P2299006535210601*1841011378~DTM*405*20200128~N1*PR*PACIFICARE OF COLORADO, INC.*XV*95959~N3*P.O. BOX 400046~N4*SAN ANTONIO*TX*78229~REF*2U*95959~PER*BL*EDI SUPPORT INFO*TE*8008421109*EM*SUPPORTEDI@UHC.COM~N1*PE*SPANISH PEAKS NEW ALTERNATIVES*XX*1508250911~N3*41 MONTEBELLO RD #116~N4*PUEBLO*CO*810011366~REF*TJ*841158933~REF*PQ*0195200810~LX*1~CLP*000100028016*1*280*197.52**16*22-3856900-01-037*11*1~NM1*QC*1*STUCKI*JOHN*J***MI*385690001~NM1*82*2*MEDICAL CENTER*****XX*1447291851~REF*F8*3412378045~REF*28*3856900~DTM*050*20200123~AMT*AU*197.52~SVC*HC:99397:25*189*138.33**1~DTM*472*20200113~CAS*CO*253*2.82**45*47.85~REF*6R*CPM6Q16F55QJ~AMT*B6*141.15~SVC*HC:93000*24*17.25**1~DTM*472*20200113~CAS*CO*253*.35**45*6.4~REF*6R*CPM6DYZDRSOS~AMT*B6*17.6~SVC*HC:G0008*32*14.37**1~DTM*472*20200113~CAS*CO*253*.29**45*17.34~REF*6R*CPM6RB20CFTD~AMT*B6*14.66~SVC*HC:90674*35*27.57**1~DTM*472*20200113~CAS*CO*253*.56**45*6.87~REF*6R*CPM62QONYGY8~AMT*B6*28.13~CLP*000100028062*1*134*109.54**16*22-9353554-01-182*11*1~NM1*QC*1*BEACH*DOUG****MI*935355401~NM1*74*1**DOUGLAS*L***C*935355401~NM1*82*2*MEDICAL CENTER*****XX*1659521045~REF*F8*3412378047~REF*28*9353554~DTM*050*20200123~AMT*AU*109.54~SVC*HC:99214*134*109.54**1~DTM*472*20200113~CAS*CO*253*2.24**45*22.22~REF*6R*CPM613LLYEHA~AMT*B6*111.78~CLP*000100024711*1*67*45.06**16*22-0401659-01-052*11*1~NM1*QC*1*RIOS*JUAN*J***MI*040165901~NM1*82*2*MEDICAL CENTER*****XX*1447291851~REF*F8*3411663047~REF*28*0401659~DTM*050*20200121~AMT*AU*45.06~SVC*HC:G0008*32*16.8**1~DTM*472*20191105~CAS*CO*253*.34**45*14.86~REF*6R*CPMMJDKNZPKI~AMT*B6*17.14~SVC*HC:90674*35*28.26**1~DTM*472*20191105~CAS*CO*45*6.74~REF*6R*CPMM3DRQKNSZ~AMT*B6*28.26~SE*73*000000002~GE*1*357796267~IEA*1*357796267~