ISA*00*          *00*          *ZZ*ENS_EDI        *ZZ*ZUG14932       *200204*1830*^*00501*359254253*1*P*:~GS*HP*ENS_EDI*ZUG14932*20200204*1830*359254253*X*005010X221A1~ST*835*000000024~BPR*I*282.31*C*CHK************20200203~TRN*1*N200204P2299006535355201*1841011378~DTM*405*20200202~N1*PR*PACIFICARE OF COLORADO, INC.*XV*95959~N3*P.O. BOX 400046~N4*SAN ANTONIO*TX*78229~REF*2U*95959~PER*BL*EDI SUPPORT INFO*TE*8008421109*EM*SUPPORTEDI@UHC.COM~N1*PE*SPANISH PEAKS NEW ALTERNATIVES*XX*1508250911~N3*41 MONTEBELLO RD #116~N4*PUEBLO*CO*810011366~REF*TJ*841158933~REF*PQ*0195200810~LX*1~CLP*000100028230*1*158*126.79**16*22-0124956-01-220*11*1~NM1*QC*1*JONES*ALMA*P***MI*012495601~NM1*82*2*MEDICAL CENTER*****XX*1447291851~REF*F8*3414149722~REF*28*0124956~DTM*050*20200128~AMT*AU*126.79~SVC*HC:99214:25*134*109.54**1~DTM*472*20200115~CAS*CO*253*2.24**45*22.22~REF*6R*CPM2PFACP3K8~AMT*B6*111.78~SVC*HC:93000*24*17.25**1~DTM*472*20200115~CAS*CO*253*.35**45*6.4~REF*6R*CPM2ECMWZWZ5~AMT*B6*17.6~CLP*000100028309*1*134*109.54**16*22-7120443-01-277*11*1~NM1*QC*1*PATTERSON*FRED*O***MI*712044301~NM1*82*2*MEDICAL CENTER*****XX*1447291851~REF*F8*3414149733~REF*28*7120443~DTM*050*20200128~AMT*AU*109.54~SVC*HC:99214*134*109.54**1~DTM*472*20200116~CAS*CO*253*2.24**45*22.22~REF*6R*CPM25B7WZ4L5~AMT*B6*111.78~CLP*000100028327*1*54*45.98**16*22-3154642-01-090*11*1~NM1*QC*1*MILLS*CHARLES****MI*315464201~NM1*74*1***C***C*315464201~NM1*82*2*MEDICAL CENTER*****XX*1447291851~REF*F8*3414174969~REF*28*3154642~DTM*050*20200128~AMT*AU*45.98~SVC*HC:99212*54*45.98**1~DTM*472*20200116~CAS*CO*253*.94**45*7.08~REF*6R*CPM2BIFF97C8~AMT*B6*46.92~SE*58*000000024~GE*1*359254253~IEA*1*359254253~