ISA*00*          *00*          *ZZ*ENS_EDI        *ZZ*ZUG14932       *191203*2130*^*00501*339114494*1*P*:~GS*HP*ENS_EDI*ZUG14932*20191203*2130*339114494*X*005010X221A1~ST*835*000000043~BPR*I*326.37*C*CHK************20191202~TRN*1*N191203P2299006531643201*1841011378~DTM*405*20191201~N1*PR*PACIFICARE OF COLORADO, INC.*XV*95959~N3*P.O. BOX 400046~N4*SAN ANTONIO*TX*78229~REF*2U*95959~PER*BL*EDI SUPPORT INFO*TE*8008421109*EM*SUPPORTEDI@UHC.COM~N1*PE*SPANISH PEAKS NEW ALTERNATIVES*XX*1508250911~N3*41 MONTEBELLO RD #116~N4*PUEBLO*CO*810011366~REF*TJ*841158933~REF*PQ*0195200810~LX*1~CLP*000100025399*1*90*64.79*10*16*22-5508871-01-209*11*1~NM1*QC*1*LAWRENCE*CATHERINE*J***MI*550887101~NM1*82*2*MEDICAL CENTER*****XX*1164974580~REF*F8*3392172060~REF*28*5508871~DTM*050*20191121~AMT*AU*74.79~SVC*HC:99213*90*64.79**1~DTM*472*20191119~CAS*CO*253*1.32**45*13.89~CAS*PR*3*10~REF*6R*CPELO801KXQW~AMT*B6*74.79~CLP*000100024878*1*121*80.65*10*16*22-0401678-01-141*11*1~NM1*QC*1*MARTINEZ DE RIOS*ENEDINA****MI*040167801~NM1*74*1*RIOS*****C*040167801~NM1*82*2*MEDICAL CENTER*****XX*1447291851~REF*F8*3391852587~REF*28*0401678~DTM*050*20191120~AMT*AU*90.65~SVC*HC:99212:25*54*35.59**1~DTM*472*20191107~CAS*CO*253*.73**45*7.68~CAS*PR*3*10~REF*6R*CPD5RM5JU0US~AMT*B6*45.59~SVC*HC:G0008*32*16.8**1~DTM*472*20191107~CAS*CO*253*.34**45*14.86~REF*6R*CPD5KLWT1BBW~AMT*B6*16.8~SVC*HC:90674*35*28.26**1~DTM*472*20191107~CAS*CO*45*6.74~REF*6R*CPD5F2TLW4S4~AMT*B6*28.26~CLP*000100025196*1*142*40.79*40*16*22-9193748-01-019*11*1~NM1*QC*1*BURGESS*KELLY*L***MI*919374801~NM1*82*2*MEDICAL CENTER*****XX*1447291851~REF*F8*3392172138~REF*28*9193748~DTM*050*20191121~AMT*AU*80.79~SVC*HC:99213:25*90*35.39**1~DTM*472*20191114~CAS*CO*253*.72**45*13.89~CAS*PR*3*40~REF*6R*CPELHC2FKDDV~AMT*B6*75.39~SVC*HC:96127*8*5.4**1~DTM*472*20191114~CAS*CO*253*.11**45*2.49~REF*6R*CPELOA41DL45~AMT*B6*5.4~SVC*HC:99408*44*0**1~DTM*472*20191114~CAS*CO*234*44~REF*6R*CPELMTNX3R0A~LQ*HE*M80~CLP*000100025423*1*90*64.79*10*16*22-9007263-01-031*11*1~NM1*QC*1*MAEZ*SHIRLEY*M***MI*900726301~NM1*82*2*MEDICAL CENTER*****XX*1164974580~REF*F8*3392172059~REF*28*9007263~DTM*050*20191121~AMT*AU*74.79~SVC*HC:99213*90*64.79**1~DTM*472*20191119~CAS*CO*253*1.32**45*13.89~CAS*PR*3*10~REF*6R*CPEL3RHYKHOI~AMT*B6*74.79~CLP*000100025162*1*186*75.35*40*16*22-9077992-01-069*11*1~NM1*QC*1*GARZA*PATRICIA****MI*907799201~NM1*74*1***M***C*907799201~NM1*82*2*MEDICAL CENTER*****XX*1447291851~REF*F8*3390302505~REF*28*9077992~DTM*050*20191115~AMT*AU*115.35~SVC*HC:99214:25*134*69.95**1~DTM*472*20191113~CAS*CO*253*1.43**45*22.62~CAS*PR*3*40~REF*6R*CPDPNFRFSFU6~AMT*B6*109.95~SVC*HC:99408*44*0**1~DTM*472*20191113~CAS*CO*234*44~REF*6R*CPDP4RS655AU~LQ*HE*M80~SVC*HC:96127*8*5.4**1~DTM*472*20191113~CAS*CO*253*.11**45*2.49~REF*6R*CPDP05ZCOBL9~AMT*B6*5.4~SE*113*000000043~GE*1*339114494~IEA*1*339114494~