ISA*00*          *00*          *ZZ*ENS_EDI        *ZZ*ZUG14932       *201119*1130*^*00501*456468268*1*P*:~GS*HP*ENS_EDI*ZUG14932*20201119*1130*456468268*X*005010X221A1~ST*835*000000026~BPR*I*510.14*C*CHK************20201118~TRN*1*N201119P2299006551741801*1841011378~DTM*405*20201117~N1*PR*PACIFICARE OF COLORADO, INC.*XV*95959~N3*P.O. BOX 400046~N4*SAN ANTONIO*TX*78229~REF*2U*95959~PER*BL*EDI SUPPORT INFO*TE*8008421109*EM*SUPPORTEDI@UHC.COM~N1*PE*SPANISH PEAKS NEW ALTERNATIVES*XX*1508250911~N3*41 MONTEBELLO RD #202~N4*PUEBLO*CO*810011366~REF*TJ*841158933~REF*PQ*0195200645~LX*1~CLP*000100042704*1*691.76*313.5**16*22-1271373-01-266*11*1~NM1*QC*1*CORDOVA ALMUINA*JUAN****MI*127137301~NM1*74*1*CORDOVA*****C*127137301~NM1*82*2*MEDICAL CENTER*****XX*1447291851~REF*F8*3495378890~REF*28*1271373~DTM*050*20201112~AMT*AU*313.5~SVC*HC:G0439:25*373.56*118.96**1~DTM*472*20201021~CAS*CO*45*254.6~REF*6R*CPDEYBVCYC3O~AMT*B6*118.96~SVC*HC:G0008*53.53*14.66**1~DTM*472*20201021~CAS*CO*45*38.87~REF*6R*CPDEIQETNDSB~AMT*B6*14.66~SVC*HC:Q2039*35*27.7**1~DTM*472*20201021~CAS*CO*45*7.3~REF*6R*CPDET490NNE2~AMT*B6*27.7~SVC*HC:G0009*45*14.66**1~DTM*472*20201021~CAS*CO*45*30.34~REF*6R*CPDEYNFG2V1V~AMT*B6*14.66~SVC*HC:90732*130*119.92**1~DTM*472*20201021~CAS*CO*45*10.08~REF*6R*CPDE2MXS39BE~AMT*B6*119.92~SVC*HC:93000*54.67*17.6**1~DTM*472*20201021~CAS*CO*45*37.07~REF*6R*CPDEI1ZBX8X8~AMT*B6*17.6~CLP*000100042613*1*88.53*42.36**16*22-8510031-01-022*11*1~NM1*QC*1*VALLEJOS*CAROL****MI*851003101~NM1*74*1***L***C*851003101~NM1*82*2*MEDICAL CENTER*****XX*1164974580~REF*F8*3495381485~REF*28*8510031~DTM*050*20201112~AMT*AU*42.36~SVC*HC:G0008*53.53*14.66**1~DTM*472*20201020~CAS*CO*45*38.87~REF*6R*CPDED2LDHNF1~AMT*B6*14.66~SVC*HC:Q2039*35*27.7**1~DTM*472*20201020~CAS*CO*45*7.3~REF*6R*CPDEAM67YG44~AMT*B6*27.7~CLP*000100042784*1*178.3*77.14**16*22-4229058-01-224*11*1~NM1*QC*1*MILLER*BRIAN*C***MI*422905801~NM1*82*2*MEDICAL CENTER*****XX*1447291851~REF*F8*3495378311~REF*28*4229058~DTM*050*20201112~AMT*AU*77.14~SVC*HC:99213*178.3*77.14**1~DTM*472*20201021~CAS*CO*45*101.16~REF*6R*CPDEEW7FY732~AMT*B6*77.14~CLP*000100042877*1*178.3*77.14**16*22-9077992-01-132*11*1~NM1*QC*1*GARZA*PATRICIA*M***MI*907799201~NM1*82*2*MEDICAL CENTER*****XX*1447291851~REF*F8*3495378274~REF*28*9077992~DTM*050*20201112~AMT*AU*77.14~SVC*HC:99213*178.3*77.14**1~DTM*472*20201022~CAS*CO*45*101.16~REF*6R*CPDEPYFDPS7G~AMT*B6*77.14~SE*96*000000026~GE*1*456468268~IEA*1*456468268~