ISA*00*          *00*          *ZZ*ENS_EDI        *ZZ*ZUG14932       *191029*1630*^*00501*317178172*1*P*:~GS*HP*ENS_EDI*ZUG14932*20191029*1630*317178172*X*005010X221A1~ST*835*000000021~BPR*I*852.4*C*CHK************20191028~TRN*1*N191029P2299006529445001*1841011378~DTM*405*20191027~N1*PR*PACIFICARE OF COLORADO, INC.*XV*95959~N3*P.O. BOX 400046~N4*SAN ANTONIO*TX*78229~REF*2U*95959~PER*BL*EDI SUPPORT INFO*TE*8008421109*EM*SUPPORTEDI@UHC.COM~N1*PE*SPANISH PEAKS NEW ALTERNATIVES*XX*1508250911~N3*41 MONTEBELLO RD #116~N4*PUEBLO*CO*810011366~REF*TJ*841158933~REF*PQ*0195200810~LX*1~CLP*000100023424*1*307*173.67*40*16*22-0522246-01-285*11*1~NM1*QC*1*WILCOXON*LEROY****MI*052224601~NM1*74*1***A***C*052224601~NM1*82*2*MEDICAL CENTER*****XX*1366419582~REF*F8*3380076614~REF*28*0522246~DTM*050*20191014~AMT*AU*213.67~SVC*HC:99205:25*255*168.27**1~DTM*472*20191009~CAS*CO*253*3.43**45*43.3~CAS*PR*3*40~REF*6R*CP3XC2SJV7FV~AMT*B6*208.27~SVC*HC:99408:59*44*0**1~DTM*472*20191009~CAS*CO*234*44~REF*6R*CP3XMTBOV37R~LQ*HE*M80~SVC*HC:96127:59*8*5.4**1~DTM*472*20191009~CAS*CO*253*.11**45*2.49~REF*6R*CP3XRIVIMR6H~AMT*B6*5.4~CLP*000100023847*1*255.15*186.57**16*22-9193748-01-017*11*1~NM1*QC*1*BURGESS*KELLY*L***MI*919374801~NM1*82*2*MEDICAL CENTER*****XX*1447291851~REF*F8*3382209504~REF*28*9193748~DTM*050*20191022~AMT*AU*186.57~SVC*HC:99396:25*175*127.6**1~DTM*472*20191017~CAS*CO*253*2.6**45*44.8~REF*6R*CP4L179LEB2R~AMT*B6*127.6~SVC*HC:93000*23.15*17.17**1~DTM*472*20191017~CAS*CO*253*.35**45*5.63~REF*6R*CP4L27AOESJI~AMT*B6*17.17~SVC*HC:Q2039*25*25**1~DTM*472*20191017~REF*6R*CP4LBG4DFMMM~AMT*B6*25~SVC*HC:G0008*32*16.8**1~DTM*472*20191017~CAS*CO*253*.34**45*14.86~REF*6R*CP4LZZG6CP6T~AMT*B6*16.8~CLP*000100023839*1*113.15*81.96*10*16*22-7120443-01-268*11*1~NM1*QC*1*PATTERSON*FRED*O***MI*712044301~NM1*82*2*MEDICAL CENTER*****XX*1447291851~REF*F8*3382209540~REF*28*7120443~DTM*050*20191022~AMT*AU*91.96~SVC*HC:99213:25*90*64.79**1~DTM*472*20191017~CAS*CO*253*1.32**45*13.89~CAS*PR*3*10~REF*6R*CP4LIHSJEQTG~AMT*B6*74.79~SVC*HC:93000*23.15*17.17**1~DTM*472*20191017~CAS*CO*253*.35**45*5.63~REF*6R*CP4LCYZUKM5A~AMT*B6*17.17~CLP*000100023206*1*191*141.15*10*16*22-5402972-01-197*11*1~NM1*QC*1*LEDBETTER*ALICE*A***MI*540297201~NM1*74*1**ALICEANN****C*540297201~NM1*82*2*MEDICAL CENTER*****XX*1447291851~REF*F8*3382209503~REF*28*5402972~DTM*050*20191022~AMT*AU*151.15~SVC*HC:99214:25*134*99.35**1~DTM*472*20191003~CAS*CO*253*2.03**45*22.62~CAS*PR*3*10~REF*6R*CP4LKHA7662Z~AMT*B6*109.35~SVC*HC:G0008*32*16.8**1~DTM*472*20191003~CAS*CO*253*.34**45*14.86~REF*6R*CP4LBPWHNWQ2~AMT*B6*16.8~SVC*HC:Q2039*25*25**1~DTM*472*20191003~REF*6R*CP4LUCUR8DDR~AMT*B6*25~CLP*000100023124*1*234*169.7**16*22-7873899-01-269*11*1~NM1*QC*1*BREWER*THOMAS*N***MI*787389901~NM1*82*2*MEDICAL CENTER*****XX*1164974580~REF*F8*3380076510~REF*28*7873899~DTM*050*20191014~AMT*AU*169.7~SVC*HC:99387:25*125*122.5**1~DTM*472*20191002~CAS*CO*253*2.5~REF*6R*CP3XG1VPHDIQ~AMT*B6*122.5~SVC*HC:99408*44*0**1~DTM*472*20191002~CAS*CO*96*44~REF*6R*CP3X8X72KCLY~LQ*HE*N174~SVC*HC:96127*8*5.4**1~DTM*472*20191002~CAS*CO*253*.11**45*2.49~REF*6R*CP3X7296XI0X~AMT*B6*5.4~SVC*HC:G0008*32*16.8**1~DTM*472*20191002~CAS*CO*253*.34**45*14.86~REF*6R*CP3XE3FL8P35~AMT*B6*16.8~SVC*HC:Q2039*25*25**1~DTM*472*20191002~REF*6R*CP3XATZB829R~AMT*B6*25~CLP*000100023643*1*134*99.35*10*16*22-9077992-01-059*11*1~NM1*QC*1*GARZA*PATRICIA****MI*907799201~NM1*74*1***M***C*907799201~NM1*82*2*MARC*****XX*1447291851~REF*F8*3382209542~REF*28*9077992~DTM*050*20191022~AMT*AU*109.35~SVC*HC:99214*134*99.35**1~DTM*472*20191014~CAS*CO*253*2.03**45*22.62~CAS*PR*3*10~REF*6R*CP4LWIGA5X5E~AMT*B6*109.35~SE*152*000000021~GE*1*317178172~IEA*1*317178172~