ISA*00*          *00*          *ZZ*ENS_EDI        *ZZ*ZUG14932       *191127*1530*^*00501*335246222*1*P*:~GS*HP*ENS_EDI*ZUG14932*20191127*1530*335246222*X*005010X221A1~ST*835*000000016~BPR*I*340.13*C*CHK************20191125~TRN*1*N191127P2299006531311201*1841011378~DTM*405*20191124~N1*PR*PACIFICARE OF COLORADO, INC.*XV*95959~N3*P.O. BOX 400046~N4*SAN ANTONIO*TX*78229~REF*2U*95959~PER*BL*EDI SUPPORT INFO*TE*8008421109*EM*SUPPORTEDI@UHC.COM~N1*PE*SPANISH PEAKS NEW ALTERNATIVES*XX*1508250911~N3*41 MONTEBELLO RD #116~N4*PUEBLO*CO*810011366~REF*TJ*841158933~REF*PQ*0195200810~LX*1~CLP*000100025299*1*90*64.79*10*16*22-7120443-01-272*11*1~NM1*QC*1*PATTERSON*FRED*O***MI*712044301~NM1*82*2*MEDICAL CENTER*****XX*1164974580~REF*F8*3391344185~REF*28*7120443~DTM*050*20191119~AMT*AU*74.79~SVC*HC:99213*90*64.79**1~DTM*472*20191115~CAS*CO*253*1.32**45*13.89~CAS*PR*3*10~REF*6R*CPDTWS7YQR0C~AMT*B6*74.79~CLP*000100025276*1*90*69.69*5*16*22-8700762-01-058*11*1~NM1*QC*1*NICKERSON*DEANNA*K***MI*870076201~NM1*82*2*MEDICAL CENTER*****XX*1164974580~REF*F8*3391344216~REF*28*8700762~DTM*050*20191119~AMT*AU*74.69~SVC*HC:99213*90*69.69**1~DTM*472*20191115~CAS*CO*253*1.42**45*13.89~CAS*PR*3*5~REF*6R*CPDTJGE5JKEH~AMT*B6*74.69~CLP*000100025209*1*138*106.3*5*16*22-8656572-01-129*11*1~NM1*QC*1*MARGUERITES*NANCY****MI*865657201~NM1*74*1***K***C*865657201~NM1*82*2*MEDICAL CENTER*****XX*1447291851~REF*F8*3391344186~REF*28*8656572~DTM*050*20191119~AMT*AU*111.3~SVC*HC:99214:25*134*104.25**1~DTM*472*20191114~CAS*CO*253*2.13**45*22.62~CAS*PR*3*5~REF*6R*CPDTVK2C3NDX~AMT*B6*109.25~SVC*HC:81002*4*2.05**1~DTM*472*20191114~CAS*CO*253*.04**45*1.91~REF*6R*CPDTU6S2L1BW~AMT*B6*2.05~CLP*000100024711*1*204*99.35*10*16*22-0401659-01-049*11*1~NM1*QC*1*RIOS*JUAN*J***MI*040165901~NM1*82*2*MEDICAL CENTER*****XX*1447291851~REF*F8*3388855754~REF*28*0401659~DTM*050*20191111~AMT*AU*109.35~SVC*HC:99214:25*134*99.35**1~DTM*472*20191105~CAS*CO*253*2.03**45*22.62~CAS*PR*3*10~REF*6R*CPDLWZVPMO74~AMT*B6*109.35~SVC*HC:90471*35*0**1~DTM*472*20191105~CAS*CO*252*35~REF*6R*CPDLGXRGBORY~LQ*HE*M127~SVC*HC:90674*35*0**1~DTM*472*20191105~CAS*CO*252*35~REF*6R*CPDLPN8U4VN7~LQ*HE*M127~SE*84*000000016~GE*1*335246222~IEA*1*335246222~