ISA*00*          *00*          *ZZ*ENS_EDI        *ZZ*ZUG14932       *191219*1731*^*00501*344928798*1*P*:~GS*HP*ENS_EDI*ZUG14932*20191219*1731*344928798*X*005010X221A1~ST*835*000000006~BPR*I*283.09*C*CHK************20191218~TRN*1*N191219P2299006532654501*1841011378~DTM*405*20191217~N1*PR*PACIFICARE OF COLORADO, INC.*XV*95959~N3*P.O. BOX 400046~N4*SAN ANTONIO*TX*78229~REF*2U*95959~PER*BL*EDI SUPPORT INFO*TE*8008421109*EM*SUPPORTEDI@UHC.COM~N1*PE*SPANISH PEAKS NEW ALTERNATIVES*XX*1508250911~N3*41 MONTEBELLO RD #116~N4*PUEBLO*CO*810011366~REF*TJ*841158933~REF*PQ*0195200810~LX*1~CLP*000100025974*1*90*64.79*10*16*22-8566834-01-167*11*1~NM1*QC*1*TORRES*MIGUEL*L***MI*856683401~NM1*82*2*MARC*****XX*1447291851~REF*F8*3397992841~REF*28*8566834~DTM*050*20191210~AMT*AU*74.79~SVC*HC:99213*90*64.79**1~DTM*472*20191202~CAS*CO*253*1.32**45*13.89~CAS*PR*3*10~REF*6R*CPNTE9HGA1RK~AMT*B6*76.11~CLP*000100025716*1*134*109.15**16*22-9353554-01-166*11*1~NM1*QC*1*BEACH*DOUG****MI*935355401~NM1*74*1**DOUGLAS*L***C*935355401~NM1*82*2*MEDICAL CENTER*****XX*1659521045~REF*F8*3397992842~REF*28*9353554~DTM*050*20191210~AMT*AU*109.15~SVC*HC:99214*134*109.15**1~DTM*472*20191125~CAS*CO*253*2.23**45*22.62~REF*6R*CPNTFYI3HBL6~AMT*B6*111.38~CLP*000100025768*1*134*109.15**16*22-8414694-01-407*11*1~NM1*QC*1*KOTTENSTETTE*ELIZABETH*K***MI*841469401~NM1*82*2*MEDICAL CENTER*****XX*1659521045~REF*F8*3397992773~REF*28*8414694~DTM*050*20191210~AMT*AU*109.15~SVC*HC:99214*134*109.15**1~DTM*472*20191125~CAS*CO*253*2.23**45*22.62~REF*6R*CPNTIHDDZRDB~AMT*B6*111.38~SE*54*000000006~GE*1*344928798~IEA*1*344928798~