ISA*00*          *00*          *ZZ*ENS_EDI        *ZZ*ZUG14932       *200213*1630*^*00501*363674719*1*P*:~GS*HP*ENS_EDI*ZUG14932*20200213*1630*363674719*X*005010X221A1~ST*835*000000036~BPR*I*219.08*C*CHK************20200212~TRN*1*N200213P2299006536137401*1841011378~DTM*405*20200211~N1*PR*PACIFICARE OF COLORADO, INC.*XV*95959~N3*P.O. BOX 400046~N4*SAN ANTONIO*TX*78229~REF*2U*95959~PER*BL*EDI SUPPORT INFO*TE*8008421109*EM*SUPPORTEDI@UHC.COM~N1*PE*SPANISH PEAKS NEW ALTERNATIVES*XX*1508250911~N3*41 MONTEBELLO RD #116~N4*PUEBLO*CO*810011366~REF*TJ*841158933~REF*PQ*0195200810~LX*1~CLP*000100028918*1*134*109.54**16*22-9353554-01-191*11*1~NM1*QC*1*BEACH*DOUG****MI*935355401~NM1*74*1**DOUGLAS*L***C*935355401~NM1*82*2*MEDICAL CENTER*****XX*1659521045~REF*F8*3416413651~REF*28*9353554~DTM*050*20200204~AMT*AU*109.54~SVC*HC:99214*134*109.54**1~DTM*472*20200127~CAS*CO*253*2.24**45*22.22~REF*6R*CPUYIUG0Z164~AMT*B6*111.78~CLP*000100028665*1*134*109.54**16*22-8531105-01-025*11*1~NM1*QC*1*SCHRADER*LAWRENCE****MI*853110501~NM1*82*2*MEDICAL CENTER*****XX*1659521045~REF*F8*3416413671~REF*28*8531105~DTM*050*20200204~AMT*AU*109.54~SVC*HC:99214*134*109.54**1~DTM*472*20200122~CAS*CO*253*2.24**45*22.22~REF*6R*CPUY51P8O0IP~AMT*B6*111.78~SE*41*000000036~GE*1*363674719~IEA*1*363674719~