ISA*00*          *00*          *ZZ*ENS_EDI        *ZZ*ZUG14932       *200323*1430*^*00501*376889607*1*P*:~GS*HP*ENS_EDI*ZUG14932*20200323*1430*376889607*X*005010X221A1~ST*835*000000020~BPR*I*231.12*C*CHK************20200320~TRN*1*N200323P2299006538524401*1841011378~DTM*405*20200319~N1*PR*PACIFICARE OF COLORADO, INC.*XV*95959~N3*P.O. BOX 400046~N4*SAN ANTONIO*TX*78229~REF*2U*95959~PER*BL*EDI SUPPORT INFO*TE*8008421109*EM*SUPPORTEDI@UHC.COM~N1*PE*SPANISH PEAKS NEW ALTERNATIVES*XX*1508250911~N3*41 MONTEBELLO RD #116~N4*PUEBLO*CO*810011366~REF*TJ*841158933~REF*PQ*0195200810~LX*1~CLP*000100030416*1*90*75.6**16*22-5508871-01-225*11*1~NM1*QC*1*LAWRENCE*CATHERINE*J***MI*550887101~NM1*82*2*MEDICAL CENTER*****XX*1164974580~REF*F8*3429950287~REF*28*5508871~DTM*050*20200313~AMT*AU*75.6~SVC*HC:99213*90*75.6**1~DTM*472*20200225~CAS*CO*253*1.54**45*12.86~REF*6R*CP56WWFQP0OZ~AMT*B6*77.14~CLP*000100030694*1*54*45.98**16*22-9193748-01-020*11*1~NM1*QC*1*BURGESS*KELLY*L***MI*919374801~NM1*82*2*MEDICAL CENTER*****XX*1447291851~REF*F8*3429950209~REF*28*9193748~DTM*050*20200313~AMT*AU*45.98~SVC*HC:99212*54*45.98**1~DTM*472*20200227~CAS*CO*253*.94**45*7.08~REF*6R*CP56WSMPUTXP~AMT*B6*46.92~CLP*000100029287*1*134*109.54**16*22-8640971-01-156*11~NM1*QC*1*DIAZ*GEORGINA*L***MI*864097101~NM1*82*2*MARC*****FI*841158933~REF*F8*3428486263~REF*28*8640971~DTM*050*20200221~AMT*AU*109.54~SVC*HC:99214*134*109.54**1~DTM*472*20200203~CAS*CO*253*2.24**45*22.22~AMT*B6*111.78~SE*51*000000020~GE*1*376889607~IEA*1*376889607~