ISA*00*          *00*          *ZZ*ENS_EDI        *ZZ*ZUG14932       *191118*1530*^*00501*329719741*1*P*:~GS*HP*ENS_EDI*ZUG14932*20191118*1530*329719741*X*005010X221A1~ST*835*000000006~BPR*I*407.2*C*CHK************20191115~TRN*1*N191118P2299006530590801*1841011378~DTM*405*20191114~N1*PR*PACIFICARE OF COLORADO, INC.*XV*95959~N3*P.O. BOX 400046~N4*SAN ANTONIO*TX*78229~REF*2U*95959~PER*BL*EDI SUPPORT INFO*TE*8008421109*EM*SUPPORTEDI@UHC.COM~N1*PE*SPANISH PEAKS NEW ALTERNATIVES*XX*1508250911~N3*41 MONTEBELLO RD #116~N4*PUEBLO*CO*810011366~REF*TJ*841158933~REF*PQ*0195200810~LX*1~CLP*000100022033*1*134*99.35*10*16*22-1882750-01-108*02*1~NM1*QC*1*OSTER*SHEILA****MI*188275001~NM1*82*2*TELEHEALTH*****XX*1013283241~REF*F8*3387842912~REF*28*1882750~DTM*050*20191107~AMT*AU*109.35~SVC*HC:99214*134*99.35**1~DTM*472*20190905~CAS*CO*253*2.03**45*22.62~CAS*PR*3*10~REF*6R*CPC9XF878INN~AMT*B6*109.35~CLP*000100024696*1*134*99.35*10*16*22-9007263-01-029*11*1~NM1*QC*1*MAEZ*SHIRLEY*M***MI*900726301~NM1*82*2*MEDICAL CENTER*****XX*1164974580~REF*F8*3387842915~REF*28*9007263~DTM*050*20191107~AMT*AU*109.35~SVC*HC:99214*134*99.35**1~DTM*472*20191105~CAS*CO*253*2.03**45*22.62~CAS*PR*3*10~REF*6R*CPC9IDG4D6VE~AMT*B6*109.35~CLP*000100024627*1*134*109.15**16*22-8414694-01-403*11*1~NM1*QC*1*KOTTENSTETTE*ELIZABETH*K***MI*841469401~NM1*82*2*MEDICAL CENTER*****XX*1659521045~REF*F8*3387842916~REF*28*8414694~DTM*050*20191107~AMT*AU*109.15~SVC*HC:99214*134*109.15**1~DTM*472*20191105~CAS*CO*253*2.23**45*22.62~REF*6R*CPC92YVFAU7Q~AMT*B6*109.15~CLP*000100024564*1*134*99.35*10*16*22-9077992-01-066*11*1~NM1*QC*1*GARZA*PATRICIA****MI*907799201~NM1*74*1***M***C*907799201~NM1*82*2*MARC*****XX*1447291851~REF*F8*3387842917~REF*28*9077992~DTM*050*20191107~AMT*AU*109.35~SVC*HC:99214*134*99.35**1~DTM*472*20191104~CAS*CO*253*2.03**45*22.62~CAS*PR*3*10~REF*6R*CPC9D11KF5MC~AMT*B6*109.35~SE*68*000000006~GE*1*329719741~IEA*1*329719741~