ISA*00*          *00*          *ZZ*ENS_EDI        *ZZ*ZUG14932       *200106*1930*^*00501*350266030*1*P*:~GS*HP*ENS_EDI*ZUG14932*20200106*1930*350266030*X*005010X221A1~ST*835*000000018~BPR*I*275.8*C*CHK************20200103~TRN*1*N200106P2299006533340501*1841011378~DTM*405*20200102~N1*PR*PACIFICARE OF COLORADO, INC.*XV*95959~N3*P.O. BOX 400046~N4*SAN ANTONIO*TX*78229~REF*2U*95959~PER*BL*EDI SUPPORT INFO*TE*8008421109*EM*SUPPORTEDI@UHC.COM~N1*PE*SPANISH PEAKS NEW ALTERNATIVES*XX*1508250911~N3*41 MONTEBELLO RD #116~N4*PUEBLO*CO*810011366~REF*TJ*841158933~REF*PQ*0195200810~LX*1~CLP*000100026842*1*90*64.79*10*16*22-5508871-01-214*11*1~NM1*QC*1*LAWRENCE*CATHERINE*J***MI*550887101~NM1*82*2*MEDICAL CENTER*****XX*1164974580~REF*F8*3403133763~REF*28*5508871~DTM*050*20191226~AMT*AU*74.79~SVC*HC:99213*90*64.79**1~DTM*472*20191217~CAS*CO*253*1.32**45*13.89~CAS*PR*3*10~REF*6R*CPOHHVDT6CYI~AMT*B6*76.11~CLP*000100026781*1*105*69.86*10*16*22-8640971-01-138*11*1~NM1*QC*1*DIAZ*GEORGINA*L***MI*864097101~NM1*82*2*MARC*****XX*1447291851~REF*F8*3403133903~REF*28*8640971~DTM*050*20191226~AMT*AU*79.86~SVC*HC:99213:25*90*64.79**1~DTM*472*20191216~CAS*CO*253*1.32**45*13.89~CAS*PR*3*10~REF*6R*CPOH0RY6HB1M~AMT*B6*76.11~SVC*HC:81025*15*5.07**1~DTM*472*20191216~CAS*CO*253*.1**45*9.83~REF*6R*CPOH0V9T4VGG~AMT*B6*5.17~CLP*000100023162*1*191*141.15*10*16*22-8704998-01-120*11*1~NM1*QC*1*BAKER*MICHAEL*W***MI*870499801~NM1*82*2*MEDICAL CENTER*****XX*1447291851~REF*F8*3403133904~REF*28*8704998~DTM*050*20191226~AMT*AU*151.15~SVC*HC:99214:25*134*99.35**1~DTM*472*20191003~CAS*CO*253*2.03**45*22.62~CAS*PR*3*10~REF*6R*CPOTTBATUZZJ~AMT*B6*111.38~SVC*HC:G0008*32*16.8**1~DTM*472*20191003~CAS*CO*253*.34**45*14.86~REF*6R*CPOT9C8XK0KR~AMT*B6*17.14~SVC*HC:Q2039*25*25**1~DTM*472*20191003~REF*6R*CPOTXSP89RDG~AMT*B6*25~SE*69*000000018~GE*1*350266030~IEA*1*350266030~