ISA*00*          *00*          *ZZ*ENS_EDI        *ZZ*ZUG14932       *200101*0830*^*00501*348693066*1*P*:~GS*HP*ENS_EDI*ZUG14932*20200101*0830*348693066*X*005010X221A1~ST*835*000000005~BPR*I*652.73*C*CHK************20191220~TRN*1*N191223P2299006532833201*1841011378~DTM*405*20191219~N1*PR*PACIFICARE OF COLORADO, INC.*XV*95959~N3*P.O. BOX 400046~N4*SAN ANTONIO*TX*78229~REF*2U*95959~PER*BL*EDI SUPPORT INFO*TE*8008421109*EM*SUPPORTEDI@UHC.COM~N1*PE*SPANISH PEAKS NEW ALTERNATIVES*XX*1508250911~N3*41 MONTEBELLO RD #116~N4*PUEBLO*CO*810011366~REF*TJ*841158933~REF*PQ*0195200810~LX*1~CLP*000100026108*1*212.15*154.42**16*22-5508871-01-211*11*1~NM1*QC*1*LAWRENCE*CATHERINE*J***MI*550887101~NM1*82*2*MEDICAL CENTER*****XX*1164974580~REF*F8*3399029249~REF*28*5508871~DTM*050*20191213~AMT*AU*154.42~SVC*HC:99397*189*137.25**1~DTM*472*20191203~CAS*CO*253*2.8**45*48.95~REF*6R*CPN5BKA1VJ02~AMT*B6*140.05~SVC*HC:93000*23.15*17.17**1~DTM*472*20191203~CAS*CO*253*.35**45*5.63~REF*6R*CPN5V96MXGCV~AMT*B6*17.52~CLP*000100026070*1*134*99.35*10*16*22-8566834-01-168*11*1~NM1*QC*1*TORRES*MIGUEL*L***MI*856683401~NM1*82*2*MARC*****XX*1447291851~REF*F8*3399029248~REF*28*8566834~DTM*050*20191213~AMT*AU*109.35~SVC*HC:99214*134*99.35**1~DTM*472*20191203~CAS*CO*253*2.03**45*22.62~CAS*PR*3*10~REF*6R*CPN51QVEX8VQ~AMT*B6*111.38~CLP*000100026252*1*279.15*199.48**16*22-9064029-01-020*11*1~NM1*QC*1*ROJAS*MAVIS*R***MI*906402901~NM1*82*2*MEDICAL CENTER*****XX*1447291851~REF*F8*3399029235~REF*28*9064029~DTM*050*20191213~AMT*AU*199.48~SVC*HC:99397:25*189*137.25**1~DTM*472*20191204~CAS*CO*253*2.8**45*48.95~REF*6R*CPN5HT691SZV~AMT*B6*140.05~SVC*HC:G0008*32*16.8**1~DTM*472*20191204~CAS*CO*253*.34**45*14.86~REF*6R*CPN5799G04JF~AMT*B6*17.14~SVC*HC:90674*35*28.26**1~DTM*472*20191204~CAS*CO*45*6.74~REF*6R*CPN5ZKPMY9W9~AMT*B6*28.26~SVC*HC:93000*23.15*17.17**1~DTM*472*20191204~CAS*CO*253*.35**45*5.63~REF*6R*CPN5K5LFPKAT~AMT*B6*17.52~CLP*000100026195*1*279.15*199.48**16*22-8501678-01-195*11*1~NM1*QC*1*TREANOR*JOSEPH*E***MI*850167801~NM1*82*2*MEDICAL CENTER*****XX*1447291851~REF*F8*3399029246~REF*28*8501678~DTM*050*20191213~AMT*AU*199.48~SVC*HC:99397:25*189*137.25**1~DTM*472*20191204~CAS*CO*253*2.8**45*48.95~REF*6R*CPN5HTAEXGAT~AMT*B6*140.05~SVC*HC:G0008*32*16.8**1~DTM*472*20191204~CAS*CO*253*.34**45*14.86~REF*6R*CPN5T2YZ63UQ~AMT*B6*17.14~SVC*HC:90674*35*28.26**1~DTM*472*20191204~CAS*CO*45*6.74~REF*6R*CPN5JLKDPP76~AMT*B6*28.26~SVC*HC:93000*23.15*17.17**1~DTM*472*20191204~CAS*CO*253*.35**45*5.63~REF*6R*CPN5RYTQXQ6L~AMT*B6*17.52~SE*100*000000005~GE*1*348693066~IEA*1*348693066~