ISA*00*          *00*          *ZZ*ENS_EDI        *ZZ*ZUG14932       *191231*1230*^*00501*348331267*1*P*:~GS*HP*ENS_EDI*ZUG14932*20191231*1230*348331267*X*005010X221A1~ST*835*000000024~BPR*I*343.44*C*CHK************20191227~TRN*1*N191230P2299006533296901*1841011378~DTM*405*20191226~N1*PR*PACIFICARE OF COLORADO, INC.*XV*95959~N3*P.O. BOX 400046~N4*SAN ANTONIO*TX*78229~REF*2U*95959~PER*BL*EDI SUPPORT INFO*TE*8008421109*EM*SUPPORTEDI@UHC.COM~N1*PE*SPANISH PEAKS NEW ALTERNATIVES*XX*1508250911~N3*41 MONTEBELLO RD #116~N4*PUEBLO*CO*810011366~REF*TJ*841158933~REF*PQ*0195200810~LX*1~CLP*000100026545*1*134*99.35*10*16*22-8566834-01-171*11*1~NM1*QC*1*TORRES*MIGUEL*L***MI*856683401~NM1*82*2*MARC*****XX*1447291851~REF*F8*3400990044~REF*28*8566834~DTM*050*20191218~AMT*AU*109.35~SVC*HC:99214*134*99.35**1~DTM*472*20191210~CAS*CO*253*2.03**45*22.62~CAS*PR*3*10~REF*6R*CPN1I7MTJQYV~AMT*B6*111.38~CLP*000100026682*1*54*35.59*10*16*22-7120443-01-273*11*1~NM1*QC*1*PATTERSON*FRED*O***MI*712044301~NM1*82*2*MEDICAL CENTER*****XX*1447291851~REF*F8*3400654092~REF*28*7120443~DTM*050*20191217~AMT*AU*45.59~SVC*HC:99212*54*35.59**1~DTM*472*20191212~CAS*CO*253*.73**45*7.68~CAS*PR*3*10~REF*6R*CPN9JC8TQ3ZV~AMT*B6*46.32~CLP*000100026639*1*134*109.15**16*22-6691494-01-149*11*1~NM1*QC*1*ALEXANDER*BLAISE****MI*669149401~NM1*74*1***F***C*669149401~NM1*82*2*MEDICAL CENTER*****XX*1659521045~REF*F8*3401592329~REF*28*6691494~DTM*050*20191220~AMT*AU*109.15~SVC*HC:99214*134*109.15**1~DTM*472*20191211~CAS*CO*253*2.23**45*22.62~REF*6R*CPOTDKGTBU2U~AMT*B6*111.38~CLP*000100026451*1*134*99.35*10*16*22-9077992-01-077*11*1~NM1*QC*1*GARZA*PATRICIA****MI*907799201~NM1*74*1***M***C*907799201~NM1*82*2*MARC*****XX*1447291851~REF*F8*3400990015~REF*28*9077992~DTM*050*20191218~AMT*AU*109.35~SVC*HC:99214*134*99.35**1~DTM*472*20191209~CAS*CO*253*2.03**45*22.62~CAS*PR*3*10~REF*6R*CPN1KX271NS5~AMT*B6*111.38~SE*69*000000024~GE*1*348331267~IEA*1*348331267~