ISA*00*          *00*          *ZZ*ENS_EDI        *ZZ*ZUG14932       *200302*2330*^*00501*369855763*1*P*:~GS*HP*ENS_EDI*ZUG14932*20200302*2330*369855763*X*005010X221A1~ST*835*000000011~BPR*I*537.9*C*CHK************20200221~TRN*1*N200224P2299006536620001*1841011378~DTM*405*20200220~N1*PR*PACIFICARE OF COLORADO, INC.*XV*95959~N3*P.O. BOX 400046~N4*SAN ANTONIO*TX*78229~REF*2U*95959~PER*BL*EDI SUPPORT INFO*TE*8008421109*EM*SUPPORTEDI@UHC.COM~N1*PE*SPANISH PEAKS NEW ALTERNATIVES*XX*1508250911~N3*41 MONTEBELLO RD #116~N4*PUEBLO*CO*810011366~REF*TJ*841158933~REF*PQ*0195200810~LX*1~CLP*000100029051*1*54*45.98**16*22-0124956-01-221*11*1~NM1*QC*1*JONES*ALMA*P***MI*012495601~NM1*82*2*MEDICAL CENTER*****XX*1447291851~REF*F8*3420409202~REF*28*0124956~DTM*050*20200212~AMT*AU*45.98~SVC*HC:99212*54*45.98**1~DTM*472*20200129~CAS*CO*253*.94**45*7.08~REF*6R*CPVEOFGWPWQ2~AMT*B6*46.92~CLP*000100029046*1*134*109.54**16*22-1271373-01-251*11*1~NM1*QC*1*CORDOVA ALMUINA*JUAN****MI*127137301~NM1*74*1*CORDOVA*****C*127137301~NM1*82*2*MARC*****XX*1417151630~REF*F8*3421284009~REF*28*1271373~DTM*050*20200214~AMT*AU*109.54~SVC*HC:99214*134*109.54**1~DTM*472*20200129~CAS*CO*253*2.24**45*22.22~REF*6R*CPVY5FJB4TK8~AMT*B6*111.78~CLP*000100028999*1*213*155.58**16*22-5402972-01-204*11*1~NM1*QC*1*LEDBETTER*ALICE*A***MI*540297201~NM1*74*1**ALICEANN****C*540297201~NM1*82*2*MEDICAL CENTER*****XX*1447291851~REF*F8*3421284008~REF*28*5402972~DTM*050*20200214~AMT*AU*155.58~SVC*HC:99397:25*189*138.33**1~DTM*472*20200128~CAS*CO*253*2.82**45*47.85~REF*6R*CPVYJQ35I1BI~AMT*B6*141.15~SVC*HC:93000*24*17.25**1~DTM*472*20200128~CAS*CO*253*.35**45*6.4~REF*6R*CPVYYO0F7SJW~AMT*B6*17.6~CLP*000100028932*1*90*75.6**16*22-9007263-01-036*11*1~NM1*QC*1*MAEZ*SHIRLEY*M***MI*900726301~NM1*82*2*MEDICAL CENTER*****XX*1164974580~REF*F8*3420409248~REF*28*9007263~DTM*050*20200212~AMT*AU*75.6~SVC*HC:99213*90*75.6**1~DTM*472*20200128~CAS*CO*253*1.54**45*12.86~REF*6R*CPVEOI7XV3BJ~AMT*B6*77.14~CLP*000100028990*1*90*75.6**16*22-7636444-01-418*11*1~NM1*QC*1*PATTERSON*SOPHIA*R***MI*763644401~NM1*82*2*MEDICAL CENTER*****XX*1164974580~REF*F8*3420409203~REF*28*7636444~DTM*050*20200212~AMT*AU*75.6~SVC*HC:99213*90*75.6**1~DTM*472*20200128~CAS*CO*253*1.54**45*12.86~REF*6R*CPVEXDQR09YZ~AMT*B6*77.14~CLP*000100028867*1*90*75.6**16*22-9077992-01-084*11*1~NM1*QC*1*GARZA*PATRICIA****MI*907799201~NM1*74*1***M***C*907799201~NM1*82*2*MARC*****XX*1447291851~REF*F8*3421284007~REF*28*9077992~DTM*050*20200214~AMT*AU*75.6~SVC*HC:99213*90*75.6**1~DTM*472*20200127~CAS*CO*253*1.54**45*12.86~REF*6R*CPVYZHFRVITN~AMT*B6*77.14~SE*96*000000011~GE*1*369855763~IEA*1*369855763~