ISA*00*          *00*          *ZZ*ENS_EDI        *ZZ*ZUG14932       *200127*1330*^*00501*356544331*1*P*:~GS*HP*ENS_EDI*ZUG14932*20200127*1330*356544331*X*005010X221A1~ST*835*000000016~BPR*I*597.08*C*CHK************20200124~TRN*1*N200127P2299006534859101*1841011378~DTM*405*20200123~N1*PR*PACIFICARE OF COLORADO, INC.*XV*95959~N3*P.O. BOX 400046~N4*SAN ANTONIO*TX*78229~REF*2U*95959~PER*BL*EDI SUPPORT INFO*TE*8008421109*EM*SUPPORTEDI@UHC.COM~N1*PE*SPANISH PEAKS NEW ALTERNATIVES*XX*1508250911~N3*41 MONTEBELLO RD #116~N4*PUEBLO*CO*810011366~REF*TJ*841158933~REF*PQ*0195200810~LX*1~CLP*000100027513*1*90*75.6**16*22-8566834-01-188*11*1~NM1*QC*1*TORRES*MIGUEL*L***MI*856683401~NM1*82*2*MARC*****XX*1215134705~REF*F8*3409235927~REF*28*8566834~DTM*050*20200113~AMT*AU*75.6~SVC*HC:99213*90*75.6**1~DTM*472*20200102~CAS*CO*253*1.54**45*12.86~REF*6R*CPL69GHP64SY~AMT*B6*77.14~CLP*000100027695*1*134*109.54**16*22-8566834-01-189*11*1~NM1*QC*1*TORRES*MIGUEL*L***MI*856683401~NM1*82*2*MARC*****XX*1447291851~REF*F8*3410612472~REF*28*8566834~DTM*050*20200117~AMT*AU*109.54~SVC*HC:99214*134*109.54**1~DTM*472*20200106~CAS*CO*253*2.24**45*22.22~REF*6R*CPLAD0AULEH1~AMT*B6*111.78~CLP*000100027907*1*90*75.6**16*22-7120443-01-276*11*1~NM1*QC*1*PATTERSON*FRED*O***MI*712044301~NM1*82*2*MEDICAL CENTER*****XX*1447291851~REF*F8*3410612525~REF*28*7120443~DTM*050*20200117~AMT*AU*75.6~SVC*HC:99213*90*75.6**1~DTM*472*20200109~CAS*CO*253*1.54**45*12.86~REF*6R*CPLADWWS8UPD~AMT*B6*77.14~CLP*000100027918*1*90*75.6**16*22-9064029-01-022*11*1~NM1*QC*1*ROJAS*MAVIS*R***MI*906402901~NM1*82*2*MEDICAL CENTER*****XX*1447291851~REF*F8*3410612474~REF*28*9064029~DTM*050*20200117~AMT*AU*75.6~SVC*HC:99213*90*75.6**1~DTM*472*20200109~CAS*CO*253*1.54**45*12.86~REF*6R*CPLAR3NYTI9R~AMT*B6*77.14~CLP*000100027917*1*134*109.54**16*22-8501678-01-200*11*1~NM1*QC*1*TREANOR*JOSEPH*E***MI*850167801~NM1*82*2*MEDICAL CENTER*****XX*1447291851~REF*F8*3410612470~REF*28*8501678~DTM*050*20200117~AMT*AU*109.54~SVC*HC:99214*134*109.54**1~DTM*472*20200109~CAS*CO*253*2.24**45*22.22~REF*6R*CPLACOFBIUZ6~AMT*B6*111.78~CLP*000100027681*1*90*75.6**16*22-9077992-01-081*11*1~NM1*QC*1*GARZA*PATRICIA****MI*907799201~NM1*74*1***M***C*907799201~NM1*82*2*MARC*****XX*1447291851~REF*F8*3410612473~REF*28*9077992~DTM*050*20200117~AMT*AU*75.6~SVC*HC:99213*90*75.6**1~DTM*472*20200106~CAS*CO*253*1.54**45*12.86~REF*6R*CPLAHGF91I07~AMT*B6*77.14~CLP*000100027889*1*90*75.6**16*22-1478888-01-104*11*1~NM1*QC*1*MONTOYA*CASEY*F***MI*147888801~NM1*82*2*MEDICAL CENTER*****XX*1447291851~REF*F8*3410612469~REF*28*1478888~DTM*050*20200117~AMT*AU*75.6~SVC*HC:99213*90*75.6**1~DTM*472*20200109~CAS*CO*253*1.54**45*12.86~REF*6R*CPLAI4EXJULN~AMT*B6*77.14~SE*101*000000016~GE*1*356544331~IEA*1*356544331~