ISA*00*          *00*          *ZZ*ENS_EDI        *ZZ*ZUG14932       *200324*1630*^*00501*377320088*1*P*:~GS*HP*ENS_EDI*ZUG14932*20200324*1630*377320088*X*005010X221A1~ST*835*000000020~BPR*I*1146.71*C*CHK************20200323~TRN*1*N200324P2299006538738301*1841011378~DTM*405*20200322~N1*PR*PACIFICARE OF COLORADO, INC.*XV*95959~N3*P.O. BOX 400046~N4*SAN ANTONIO*TX*78229~REF*2U*95959~PER*BL*EDI SUPPORT INFO*TE*8008421109*EM*SUPPORTEDI@UHC.COM~N1*PE*SPANISH PEAKS NEW ALTERNATIVES*XX*1508250911~N3*41 MONTEBELLO RD #116~N4*PUEBLO*CO*810011366~REF*TJ*841158933~REF*PQ*0195200810~LX*1~CLP*000100030945*1*134*109.54**16*22-3856900-01-039*11*1~NM1*QC*1*STUCKI*JOHN*J***MI*385690001~NM1*82*2*MEDICAL CENTER*****XX*1447291851~REF*F8*3431027493~REF*28*3856900~DTM*050*20200318~AMT*AU*109.54~SVC*HC:99214*134*109.54**1~DTM*472*20200304~CAS*CO*253*2.24**45*22.22~REF*6R*CP5AVI2RXRYU~AMT*B6*111.78~CLP*000100031213*1*134*109.54**16*22-9193748-01-023*11*1~NM1*QC*1*BURGESS*KELLY*L***MI*919374801~NM1*82*2*MEDICAL CENTER*****XX*1447291851~REF*F8*3431066667~REF*28*9193748~DTM*050*20200318~AMT*AU*109.54~SVC*HC:99214*134*109.54**1~DTM*472*20200309~CAS*CO*253*2.24**45*22.22~REF*6R*CP5A2OFFBH2M~AMT*B6*111.78~CLP*000100031408*1*134*109.54**16*22-4224280-01-088*11*1~NM1*QC*1*LOVESEE*GEORGE*W***MI*422428001~NM1*82*2*MEDICAL CENTER*****XX*1659521045~REF*F8*3431066047~REF*28*4224280~DTM*050*20200318~AMT*AU*109.54~SVC*HC:99214*134*109.54**1~DTM*472*20200312~CAS*CO*253*2.24**45*22.22~REF*6R*CP5AUJ1XQ0UH~AMT*B6*111.78~CLP*000100030809*1*90*75.6**16*22-9696536-01-004*11*1~NM1*QC*1*MILLER*RICKY*L***MI*969653601~NM1*82*2*MEDICAL CENTER*****XX*1447291851~REF*F8*3431027495~REF*28*9696536~DTM*050*20200318~AMT*AU*75.6~SVC*HC:99213*90*75.6**1~DTM*472*20200302~CAS*CO*253*1.54**45*12.86~REF*6R*CP5AN09K4XSC~AMT*B6*77.14~CLP*000100031447*1*134*109.54**16*22-0121890-01-340*11*1~NM1*QC*1*CHAVEZ*MARY****MI*012189001~NM1*74*1***S***C*012189001~NM1*82*2*MEDICAL CENTER*****XX*1447291851~REF*F8*3431066043~REF*28*0121890~DTM*050*20200318~AMT*AU*109.54~SVC*HC:99214*134*109.54**1~DTM*472*20200312~CAS*CO*253*2.24**45*22.22~REF*6R*CP5ADULOBZKJ~AMT*B6*111.78~CLP*000100031066*1*90*75.6**16*22-3051043-01-145*11*1~NM1*QC*1*TRUJILLO*YOLANDA*M***MI*305104301~NM1*82*2*MEDICAL CENTER*****XX*1164974580~REF*F8*3431066045~REF*28*3051043~DTM*050*20200318~AMT*AU*75.6~SVC*HC:99213*90*75.6**1~DTM*472*20200305~CAS*CO*253*1.54**45*12.86~REF*6R*CP5AK0VOS66R~AMT*B6*77.14~CLP*000100030926*1*134*109.54**16*22-5402972-01-208*11*1~NM1*QC*1*LEDBETTER*ALICE*A***MI*540297201~NM1*74*1**ALICEANN****C*540297201~NM1*82*2*MEDICAL CENTER*****XX*1447291851~REF*F8*3431066044~REF*28*5402972~DTM*050*20200318~AMT*AU*109.54~SVC*HC:99214*134*109.54**1~DTM*472*20200304~CAS*CO*253*2.24**45*22.22~REF*6R*CP5A1XN078NR~AMT*B6*111.78~CLP*000100031464*1*162*128.84**16*22-8414694-01-418*11*1~NM1*QC*1*KOTTENSTETTE*ELIZABETH*K***MI*841469401~NM1*82*2*MEDICAL CENTER*****XX*1659521045~REF*F8*3431066042~REF*28*8414694~DTM*050*20200318~AMT*AU*128.84~SVC*HC:99214:25*134*109.54**1~DTM*472*20200312~CAS*CO*253*2.24**45*22.22~REF*6R*CP5AM1DC0EL9~AMT*B6*111.78~SVC*HC:81002*4*2.05**1~DTM*472*20200312~CAS*CO*253*.04**45*1.91~REF*6R*CP5AT9Z6YQ0Y~AMT*B6*2.09~SVC*HC:93000*24*17.25**1~DTM*472*20200312~CAS*CO*253*.35**45*6.4~REF*6R*CP5AW98VY6AK~AMT*B6*17.6~CLP*000100030644*1*169*133.83**16*22-9077992-01-093*11*1~NM1*QC*1*GARZA*PATRICIA****MI*907799201~NM1*74*1***M***C*907799201~NM1*82*2*MEDICAL CENTER*****XX*1447291851~REF*F8*3431027343~REF*28*9077992~DTM*050*20200318~AMT*AU*133.83~SVC*HC:G0439:25*145*116.58**1~DTM*472*20200227~CAS*CO*253*2.38**45*26.04~REF*6R*CP5ARN9AME8N~AMT*B6*118.96~SVC*HC:93000*24*17.25**1~DTM*472*20200227~CAS*CO*253*.35**45*6.4~REF*6R*CP5A0K9CWB15~AMT*B6*17.6~CLP*000100031301*1*90*75.6**16*22-9077992-01-094*11*1~NM1*QC*1*GARZA*PATRICIA****MI*907799201~NM1*74*1***M***C*907799201~NM1*82*2*MARC*****XX*1447291851~REF*F8*3431027494~REF*28*9077992~DTM*050*20200318~AMT*AU*75.6~SVC*HC:99213*90*75.6**1~DTM*472*20200310~CAS*CO*253*1.54**45*12.86~REF*6R*CP5AXR33HSKV~AMT*B6*77.14~CLP*000100030883*1*134*109.54**16*22-9077992-01-095*11*1~NM1*QC*1*GARZA*PATRICIA****MI*907799201~NM1*74*1***M***C*907799201~NM1*82*2*MARC*****XX*1447291851~REF*F8*3431066041~REF*28*9077992~DTM*050*20200318~AMT*AU*109.54~SVC*HC:99214*134*109.54**1~DTM*472*20200303~CAS*CO*253*2.24**45*22.22~REF*6R*CP5A9R0AL0TL~AMT*B6*111.78~SE*168*000000020~GE*1*377320088~IEA*1*377320088~