ISA*00*          *00*          *ZZ*ENS_EDI        *ZZ*ZUG14932       *191119*1730*^*00501*330344740*1*P*:~GS*HP*ENS_EDI*ZUG14932*20191119*1730*330344740*X*005010X221A1~ST*835*000000007~BPR*I*169.04*C*CHK************20191118~TRN*1*N191119P2299006530840401*1841011378~DTM*405*20191117~N1*PR*PACIFICARE OF COLORADO, INC.*XV*95959~N3*P.O. BOX 400046~N4*SAN ANTONIO*TX*78229~REF*2U*95959~PER*BL*EDI SUPPORT INFO*TE*8008421109*EM*SUPPORTEDI@UHC.COM~N1*PE*SPANISH PEAKS NEW ALTERNATIVES*XX*1508250911~N3*41 MONTEBELLO RD #116~N4*PUEBLO*CO*810011366~REF*TJ*841158933~REF*PQ*0195200810~LX*1~CLP*000100024768*1*134*99.35*10*16*22-1271373-01-242*11*1~NM1*QC*1*CORDOVA ALMUINA*JUAN****MI*127137301~NM1*74*1*CORDOVA*****C*127137301~NM1*82*2*MEDICAL CENTER*****XX*1447291851~REF*F8*3388855752~REF*28*1271373~DTM*050*20191111~AMT*AU*109.35~SVC*HC:99214*134*99.35**1~DTM*472*20191106~CAS*CO*253*2.03**45*22.62~CAS*PR*3*10~REF*6R*CPDLOTPVOC29~AMT*B6*109.35~CLP*000100024844*1*90*69.69*5*16*22-8991720-01-026*11*1~NM1*QC*1*PEPPER*KATHLEEN****MI*899172001~NM1*74*1***R***C*899172001~NM1*82*2*MEDICAL CENTER*****XX*1447291851~REF*F8*3388855753~REF*28*8991720~DTM*050*20191111~AMT*AU*74.69~SVC*HC:99213*90*69.69**1~DTM*472*20191107~CAS*CO*253*1.42**45*13.89~CAS*PR*3*5~REF*6R*CPDLJNZ2YRO3~AMT*B6*74.69~SE*44*000000007~GE*1*330344740~IEA*1*330344740~