ISA*00*          *00*          *ZZ*ENS_EDI        *ZZ*ZUG14932       *200124*0130*^*00501*355613346*1*P*:~GS*HP*ENS_EDI*ZUG14932*20200124*0130*355613346*X*005010X221A1~ST*835*000000018~BPR*I*469.01*C*CHK************20200122~TRN*1*N200123P2299006534701801*1841011378~DTM*405*20200121~N1*PR*PACIFICARE OF COLORADO, INC.*XV*95959~N3*P.O. BOX 400046~N4*SAN ANTONIO*TX*78229~REF*2U*95959~PER*BL*EDI SUPPORT INFO*TE*8008421109*EM*SUPPORTEDI@UHC.COM~N1*PE*SPANISH PEAKS NEW ALTERNATIVES*XX*1508250911~N3*41 MONTEBELLO RD #116~N4*PUEBLO*CO*810011366~REF*TJ*841158933~REF*PQ*0195200810~LX*1~CLP*000100027636*1*134*109.54**16*22-3856900-01-032*11*1~NM1*QC*1*STUCKI*JOHN*J***MI*385690001~NM1*82*2*MEDICAL CENTER*****XX*1447291851~REF*F8*3409961348~REF*28*3856900~DTM*050*20200115~AMT*AU*109.54~SVC*HC:99214*134*109.54**1~DTM*472*20200106~CAS*CO*253*2.24**45*22.22~REF*6R*CPLQQB87FDZ5~AMT*B6*111.78~CLP*000100027448*1*90*75.6**16*22-5508871-01-215*11*1~NM1*QC*1*LAWRENCE*CATHERINE*J***MI*550887101~NM1*82*2*MEDICAL CENTER*****XX*1164974580~REF*F8*3409235930~REF*28*5508871~DTM*050*20200113~AMT*AU*75.6~SVC*HC:99213*90*75.6**1~DTM*472*20200102~CAS*CO*253*1.54**45*12.86~REF*6R*CPL6SIQ7ZY6A~AMT*B6*77.14~CLP*000100027258*1*90*64.79*10*16*22-8566834-01-186*11*1~NM1*QC*1*TORRES*MIGUEL*L***MI*856683401~NM1*82*2*MARC*****XX*1215134705~REF*F8*3406812423~REF*28*8566834~DTM*050*20200108~AMT*AU*74.79~SVC*HC:99213*90*64.79**1~DTM*472*20191226~CAS*CO*253*1.32**45*13.89~CAS*PR*3*10~REF*6R*CPK27S8MVEJ0~AMT*B6*76.11~CLP*000100027546*1*134*109.54**16*22-8605363-01-020*11*1~NM1*QC*1*TAYLOR*CASEY****MI*860536301~NM1*82*2*MEDICAL CENTER*****XX*1164974580~REF*F8*3409235925~REF*28*8605363~DTM*050*20200113~AMT*AU*109.54~SVC*HC:99214*134*109.54**1~DTM*472*20200103~CAS*CO*253*2.24**45*22.22~REF*6R*CPL6YLJ7GZ0P~AMT*B6*111.78~CLP*000100027515*1*134*109.54**16*22-8414694-01-411*11*1~NM1*QC*1*KOTTENSTETTE*ELIZABETH*K***MI*841469401~NM1*82*2*MEDICAL CENTER*****XX*1659521045~REF*F8*3409961350~REF*28*8414694~DTM*050*20200115~AMT*AU*109.54~SVC*HC:99214*134*109.54**1~DTM*472*20200102~CAS*CO*253*2.24**45*22.22~REF*6R*CPLQY258S489~AMT*B6*111.78~SE*77*000000018~GE*1*355613346~IEA*1*355613346~