ISA*00*          *00*          *ZZ*ENS_EDI        *ZZ*ZUG14932       *200122*1330*^*00501*355190221*1*P*:~GS*HP*ENS_EDI*ZUG14932*20200122*1330*355190221*X*005010X221A1~ST*835*000000012~BPR*I*485.74*C*CHK************20200106~TRN*1*N200107P2299006533725501*1841011378~DTM*405*20200105~N1*PR*PACIFICARE OF COLORADO, INC.*XV*95959~N3*P.O. BOX 400046~N4*SAN ANTONIO*TX*78229~REF*2U*95959~PER*BL*EDI SUPPORT INFO*TE*8008421109*EM*SUPPORTEDI@UHC.COM~N1*PE*SPANISH PEAKS NEW ALTERNATIVES*XX*1508250911~N3*41 MONTEBELLO RD #116~N4*PUEBLO*CO*810011366~REF*TJ*841158933~REF*PQ*0195200810~LX*1~CLP*000100026587*1*209*85.85*40*16*22-0124956-01-218*11*1~NM1*QC*1*JONES*ALMA*P***MI*012495601~NM1*82*2*MEDICAL CENTER*****XX*1447291851~REF*F8*3403133762~REF*28*0124956~DTM*050*20191226~AMT*AU*125.85~SVC*HC:99213:25*90*35.39**1~DTM*472*20191211~CAS*CO*253*.72**45*13.89~CAS*PR*3*40~REF*6R*CPOHBVET0VW7~AMT*B6*76.11~SVC*HC:G0008*32*16.8**1~DTM*472*20191211~CAS*CO*253*.34**45*14.86~REF*6R*CPOH37PG0E05~AMT*B6*17.14~SVC*HC:90674*35*28.26**1~DTM*472*20191211~CAS*CO*45*6.74~REF*6R*CPOH9AQM2BFU~AMT*B6*28.26~SVC*HC:96127*8*5.4**1~DTM*472*20191211~CAS*CO*253*.11**45*2.49~REF*6R*CPOHQOH3VXZU~AMT*B6*5.51~SVC*HC:99408*44*0**1~DTM*472*20191211~CAS*CO*234*44~REF*6R*CPOHTKCVPEFP~LQ*HE*M80~CLP*000100026902*1*134*99.35*10*16*22-8566834-01-179*11*1~NM1*QC*1*TORRES*MIGUEL*L***MI*856683401~NM1*82*2*MARC*****XX*1447291851~REF*F8*3404783848~REF*28*8566834~DTM*050*20200101~AMT*AU*109.35~SVC*HC:99214*134*99.35**1~DTM*472*20191217~CAS*CO*253*2.03**45*22.62~CAS*PR*3*10~REF*6R*CPKMG5VYD47C~AMT*B6*111.38~CLP*000100026917*1*134*99.35*10*16*22-1271373-01-247*11*1~NM1*QC*1*CORDOVA ALMUINA*JUAN****MI*127137301~NM1*74*1*CORDOVA*****C*127137301~NM1*82*2*MARC*****XX*1417151630~REF*F8*3404783850~REF*28*1271373~DTM*050*20200101~AMT*AU*109.35~SVC*HC:99214*134*99.35**1~DTM*472*20191218~CAS*CO*253*2.03**45*22.62~CAS*PR*3*10~REF*6R*CPKMXEICPLVI~AMT*B6*111.38~CLP*000100026851*1*180*136.4*10*16*22-8640971-01-139*11*1~NM1*QC*1*DIAZ*GEORGINA*L***MI*864097101~NM1*82*2*MARC*****XX*1447291851~REF*F8*3404783849~REF*28*8640971~DTM*050*20200101~AMT*AU*146.4~SVC*HC:99215*180*136.4**1~DTM*472*20191217~CAS*CO*253*2.78**45*30.82~CAS*PR*3*10~REF*6R*CPKM8MPT3QPN~AMT*B6*149.18~CLP*000100026936*1*90*64.79*10*16*22-3154642-01-087*11*1~NM1*QC*1*MILLS*CHARLES****MI*315464201~NM1*74*1***C***C*315464201~NM1*82*2*MEDICAL CENTER*****XX*1447291851~REF*F8*3404783851~REF*28*3154642~DTM*050*20200101~AMT*AU*74.79~SVC*HC:99213*90*64.79**1~DTM*472*20191218~CAS*CO*253*1.32**45*13.89~CAS*PR*3*10~REF*6R*CPKM5AN4SLP9~AMT*B6*76.11~SE*103*000000012~GE*1*355190221~IEA*1*355190221~