ISA*00*          *00*          *ZZ*ENS_EDI        *ZZ*ZUG14932       *191104*2130*^*00501*321364582*1*P*:~GS*HP*ENS_EDI*ZUG14932*20191104*2130*321364582*X*005010X221A1~ST*835*000000161~BPR*I*452.88*C*CHK************20191104~TRN*1*48855769*1362739571*000087726~REF*EV*B00099999800~DTM*405*20191103~N1*PR*UNITED HEALTHCARE INSURANCE COMPANY*XV*87726~N3*P.O. BOX 31350~N4*SALT LAKE CTY*UT*84131~REF*2U*87726~PER*CX*UNITEDHEALTHCARE INSURANCE COMPANY*TE*8778423210~PER*BL**UR*www.uhcprovider.com/en/contact-us.html~N1*PE*SPANISH PEAKS NEW ALTERNATIVES*XX*1508250911~N3*41 MONTEBELLO RD STE 116~N4*PUEBLO*CO*810011366~REF*TJ*841158933~LX*1~CLP*000100023215*1*191*150.96**16*EVC8210854200*11*1~NM1*QC*1*GUAGLIARDO*MARIAN*L***MI*938346323~NM1*82*1*HOOSHMAND PARSI*KAYKHSOROW****XX*1447291851~REF*1L*65025~REF*CE*UHC DUAL COMPLETE FULL DUAL~REF*EA*2AA6DAE50BF848BC9421284F9B7E32~DTM*232*20191003~DTM*050*20191022~AMT*AU*153.52~SVC*HC:99214:25*134*109.16**1~DTM*472*20191003~CAS*CO*45*22.62**253*2.22~REF*6R*CP4LIQJ1EKHU~AMT*B6*111.38~SVC*HC:G0008*32*16.8**1~DTM*472*20191003~CAS*CO*45*14.86**253*.34~REF*6R*CP4LH1YFBHLG~AMT*B6*17.14~SVC*HC:Q2039*25*25**1*N4:70461031903~DTM*472*20191003~REF*6R*CP4L8POAF2NJ~AMT*B6*25~CLP*000100023785*1*191*150.96**16*EVC8210854000*11*1~NM1*QC*1*MARTINEZ*MICHAEL*A***MI*975439713~NM1*74*1**MICHEAL~NM1*82*1*HOOSHMAND PARSI*KAYKHSOROW****XX*1447291851~REF*1L*65025~REF*CE*UHC DUAL COMPLETE FULL DUAL~REF*EA*D4E9E02F1BE349D0A8A7C7F1BB59EF~DTM*232*20191016~DTM*050*20191022~AMT*AU*153.52~SVC*HC:99214:25*134*109.16**1~DTM*472*20191016~CAS*CO*45*22.62**253*2.22~REF*6R*CP4LN5HHJIS7~AMT*B6*111.38~SVC*HC:G0008*32*16.8**1~DTM*472*20191016~CAS*CO*45*14.86**253*.34~REF*6R*CP4LIXJP0ZUQ~AMT*B6*17.14~SVC*HC:Q2039*25*25**1*N4:70461031903~DTM*472*20191016~REF*6R*CP4LJFKM741I~AMT*B6*25~CLP*000100023736*1*191*150.96**16*EVC8210854100*11*1~NM1*QC*1*SMITH*CHRISTOPHER*T***MI*95062144300~NM1*74*1**CHRISTOPHE****C*950621443~NM1*82*1*HOOSHMAND PARSI*KAYKHSOROW****XX*1447291851~REF*1L*65025~REF*CE*UHC DUAL COMPLETE FULL DUAL~REF*EA*57AE58A7B65243438282A55A60E163~DTM*232*20191015~DTM*050*20191022~AMT*AU*153.52~SVC*HC:99214:25*134*109.16**1~DTM*472*20191015~CAS*CO*45*22.62**253*2.22~REF*6R*CP4LSPHSZH6L~AMT*B6*111.38~SVC*HC:G0008*32*16.8**1~DTM*472*20191015~CAS*CO*45*14.86**253*.34~REF*6R*CP4LIIDV696D~AMT*B6*17.14~SVC*HC:Q2039*25*25**1*N4:70461031903~DTM*472*20191015~REF*6R*CP4LIZZC5E2H~AMT*B6*25~SE*88*000000161~GE*1*321364582~IEA*1*321364582~