ISA*00*          *00*          *ZZ*ENS_EDI        *ZZ*ZUG14932       *191111*2030*^*00501*325366304*1*P*:~GS*HP*ENS_EDI*ZUG14932*20191111*2030*325366304*X*005010X221A1~ST*835*000000217~BPR*I*362.97*C*CHK************20191111~TRN*1*48884051*1362739571*000087726~REF*EV*B00099999800~DTM*405*20191110~N1*PR*UNITED HEALTHCARE INSURANCE COMPANY*XV*87726~N3*P.O. BOX 31350~N4*SALT LAKE CTY*UT*84131~REF*2U*87726~PER*CX*UNITEDHEALTHCARE INSURANCE COMPANY*TE*8778423210~PER*BL**UR*www.uhcprovider.com/en/contact-us.html~N1*PE*SPANISH PEAKS NEW ALTERNATIVES*XX*1508250911~N3*41 MONTEBELLO RD STE 116~N4*PUEBLO*CO*810011366~REF*TJ*841158933~LX*1~CLP*000100023918*1*191*150.96**16*EVC8218726500*11*1~NM1*QC*1*ARCHULETA*JOHN*E***MI*902874987~NM1*82*1*GRONEMEYER*LEANNE****XX*1659521045~REF*1L*65025~REF*CE*UHC DUAL COMPLETE FULL DUAL~REF*EA*862E25CB0B3241F28819EEDB071D6C~DTM*232*20191017~DTM*050*20191029~AMT*AU*153.52~SVC*HC:99214:25*134*109.16**1~DTM*472*20191017~CAS*CO*45*22.62**253*2.22~REF*6R*CP41QHHFZV6A~AMT*B6*111.38~SVC*HC:G0008*32*16.8**1~DTM*472*20191017~CAS*CO*45*14.86**253*.34~REF*6R*CP41VKN5YITX~AMT*B6*17.14~SVC*HC:Q2039*25*25**1*N4:70461031903~DTM*472*20191017~REF*6R*CP41Q68DQY28~AMT*B6*25~CLP*000100023535*1*204*137.42**16*EVC8221596800*11*1~NM1*QC*1*FOX*MATTHEW*S***MI*91146425800~NM1*74*1******C*911464258~NM1*82*1*GRONEMEYER*LEANNE****XX*1659521045~REF*1L*65025~REF*CE*UHC DUAL COMPLETE FULL DUAL~REF*EA*F775654BF23C4C0D9211E05E993BC8~DTM*232*20191010~DTM*050*20191031~AMT*AU*139.64~SVC*HC:99214:25*134*109.16**1~DTM*472*20191010~CAS*CO*45*22.62**253*2.22~REF*6R*CP5T37QEOYB3~AMT*B6*111.38~SVC*HC:90471*35*0**1~DTM*472*20191010~CAS*CO*16*35~REF*6R*CP5T62ECCFW6~LQ*HE*N56~SVC*HC:90674*35*28.26**1*N4:70461031904~DTM*472*20191010~CAS*CO*45*6.74~REF*6R*CP5T3JYPJENG~AMT*B6*28.26~CLP*000100024336*1*90*74.59**16*EVC8223169400*11*1~NM1*QC*1*MAES*JUDY*A***MI*96843599300~NM1*74*1******C*968435993~NM1*82*1*GRONEMEYER*LEANNE****XX*1659521045~REF*1L*65025~REF*CE*UHC DUAL COMPLETE FULL DUAL~REF*EA*E209AE3B899B4833BD941BFDF99EF3~DTM*232*20191029~DTM*050*20191101~AMT*AU*76.11~SVC*HC:99213*90*74.59**1~DTM*472*20191029~CAS*CO*45*13.89**253*1.52~REF*6R*CPCLN6758HEW~AMT*B6*76.11~SE*80*000000217~GE*1*325366304~IEA*1*325366304~