ISA*00*          *00*          *ZZ*ENS_EDI        *ZZ*ZUG14932       *191111*2030*^*00501*325366304*1*P*:~GS*HP*ENS_EDI*ZUG14932*20191111*2030*325366304*X*005010X221A1~ST*835*000000137~BPR*I*273.86*C*CHK************20191111~TRN*1*48884052*1362739571*000087726~REF*EV*B00099999800~DTM*405*20191110~N1*PR*UNITED HEALTHCARE INSURANCE COMPANY*XV*87726~N3*P.O. BOX 31350~N4*SALT LAKE CTY*UT*84131~REF*2U*87726~PER*CX*UNITEDHEALTHCARE INSURANCE COMPANY*TE*8778423210~PER*BL**UR*www.uhcprovider.com/en/contact-us.html~N1*PE*SPANISH PEAKS NEW ALTERNATIVES*XX*1508250911~N3*41 MONTEBELLO RD STE 116~N4*PUEBLO*CO*810011366~REF*TJ*841158933~LX*1~CLP*000100024232*1*157.15*122.9*3.5*16*EVC8221525400*11*1~NM1*QC*1*MADRID*JOEY****MI*91321330800~NM1*74*1******C*913213308~NM1*82*1*CADDALI*ESTRELLA****XX*1164974580~REF*1L*65025~REF*CE*UHC DUAL COMPLETE FULL DUAL~REF*EA*980E116E4A7D4579A9FFDD7516F629~DTM*232*20191025~DTM*050*20191031~AMT*AU*128.9~SVC*HC:99214:25*134*109.16**1~DTM*472*20191025~CAS*CO*45*22.62**253*2.22~REF*6R*CP5T9D30PK2B~AMT*B6*111.38~SVC*HC:93000*23.15*13.74**1~DTM*472*20191025~CAS*PR*3*3.5~CAS*CO*45*5.63**253*.28~REF*6R*CP5THDJ80N75~AMT*B6*17.52~CLP*000100024121*1*191*150.96**16*EVC8218725700*11*1~NM1*QC*1*VIGIL YOUNG*KAREN*J***MI*926332188-00~NM1*74*1******C*926332188~NM1*82*1*CADDALI*ESTRELLA****XX*1164974580~REF*1L*65025~REF*CE*UHC DUAL COMPLETE FULL DUAL~REF*EA*37BB74776EBC4479ACB8ED7F77A9BC~DTM*232*20191023~DTM*050*20191029~AMT*AU*153.52~SVC*HC:99214:25*134*109.16**1~DTM*472*20191023~CAS*CO*45*22.62**253*2.22~REF*6R*CP41PGA733LB~AMT*B6*111.38~SVC*HC:G0008*32*16.8**1~DTM*472*20191023~CAS*CO*45*14.86**253*.34~REF*6R*CP41RGSBA2GB~AMT*B6*17.14~SVC*HC:Q2039*25*25**1*N4:70461031903~DTM*472*20191023~REF*6R*CP41WPENIL2N~AMT*B6*25~SE*62*000000137~GE*1*325366304~IEA*1*325366304~