ISA*00*          *00*          *ZZ*ENS_EDI        *ZZ*ZUG14932       *191115*1930*^*00501*328119375*1*P*:~GS*HP*ENS_EDI*ZUG14932*20191115*1930*328119375*X*005010X221A1~ST*835*000000050~BPR*I*102.85*C*CHK************20191116~TRN*1*48904373*1362739571*000087726~REF*EV*B00099999800~DTM*405*20191115~N1*PR*UNITED HEALTHCARE INSURANCE COMPANY*XV*87726~N3*P.O. BOX 31350~N4*SALT LAKE CTY*UT*84131~REF*2U*87726~PER*CX*UNITEDHEALTHCARE INSURANCE COMPANY*TE*8778423210~PER*BL**UR*www.uhcprovider.com/en/contact-us.html~N1*PE*SPANISH PEAKS NEW ALTERNATIVES*XX*1508250911~N3*41 MONTEBELLO RD STE 116~N4*PUEBLO*CO*810011366~REF*TJ*841158933~LX*1~CLP*000100024434*1*160*102.85**16*EVC8226265800*11*1~NM1*QC*1*MORGAN*CHRISTOPHER****MI*941143022~NM1*74*1**CHRISTOPHE*L~NM1*82*1*HOOSHMAND PARSI*KAYKHSOROW****XX*1447291851~REF*1L*65025~REF*CE*UHC DUAL COMPLETE FULL DUAL~REF*EA*2F2AC294CCF34257A556B6C95A91CB~DTM*232*20191031~DTM*050*20191104~AMT*AU*104.37~SVC*HC:99213:25*90*74.59**1~DTM*472*20191031~CAS*CO*45*13.89**253*1.52~REF*6R*CPCXZQ84ROSM~AMT*B6*76.11~SVC*HC:90471*35*0**1~DTM*472*20191031~CAS*CO*16*35~REF*6R*CPCXVISB84G0~LQ*HE*N56~SVC*HC:90674*35*28.26**1*N4:70461031904~DTM*472*20191031~CAS*CO*45*6.74~REF*6R*CPCX3KDDXBBC~AMT*B6*28.26~SE*42*000000050~GE*1*328119375~IEA*1*328119375~