ISA*00*          *00*          *ZZ*ENS_EDI        *ZZ*ZUG14932       *191118*2230*^*00501*329830333*1*P*:~GS*HP*ENS_EDI*ZUG14932*20191118*2230*329830333*X*005010X221A1~ST*835*000000092~BPR*I*305.48*C*CHK************20191118~TRN*1*48910946*1362739571*000087726~REF*EV*B00099999800~DTM*405*20191117~N1*PR*UNITED HEALTHCARE INSURANCE COMPANY*XV*87726~N3*P.O. BOX 31350~N4*SALT LAKE CTY*UT*84131~REF*2U*87726~PER*CX*UNITEDHEALTHCARE INSURANCE COMPANY*TE*8778423210~PER*BL**UR*www.uhcprovider.com/en/contact-us.html~N1*PE*SPANISH PEAKS NEW ALTERNATIVES*XX*1508250911~N3*41 MONTEBELLO RD STE 116~N4*PUEBLO*CO*810011366~REF*TJ*841158933~LX*1~CLP*000100024639*1*201*152.74**16*EVC8230686100*11*1~NM1*QC*1*FOX*CLARA*M***MI*927358235~NM1*82*1*GRONEMEYER*LEANNE****XX*1659521045~REF*1L*65025~REF*CE*UHC DUAL COMPLETE FULL DUAL~REF*EA*10E028FC79AC4AEE947424A7961CB8~DTM*232*20191105~DTM*050*20191107~AMT*AU*155.3~SVC*HC:99214:25*134*109.16**1~DTM*472*20191105~CAS*CO*45*22.62**253*2.22~REF*6R*CPC9RD67FM2T~AMT*B6*111.38~SVC*HC:G0008*32*16.8**1~DTM*472*20191105~CAS*CO*45*14.86**253*.34~REF*6R*CPC95HQB1JP8~AMT*B6*17.14~SVC*HC:Q2039*35*26.78**1*N4:70461031903~DTM*472*20191105~CAS*CO*45*8.22~REF*6R*CPC9DZIKIVRK~AMT*B6*26.78~CLP*000100024632*1*201*152.74**16*EVC8230686200*11*1~NM1*QC*1*KELLY*DEBORAH****MI*976046497~NM1*74*1***J~NM1*82*1*GRONEMEYER*LEANNE****XX*1659521045~REF*1L*65025~REF*CE*UHC DUAL COMPLETE FULL DUAL~REF*EA*772BB6FD387C49A3B9BA53CEBB7447~DTM*232*20191105~DTM*050*20191107~AMT*AU*155.3~SVC*HC:99214:25*134*109.16**1~DTM*472*20191105~CAS*CO*45*22.62**253*2.22~REF*6R*CPC9C0NJCGXC~AMT*B6*111.38~SVC*HC:G0008*32*16.8**1~DTM*472*20191105~CAS*CO*45*14.86**253*.34~REF*6R*CPC9JQ72IFTL~AMT*B6*17.14~SVC*HC:Q2039*35*26.78**1*N4:70461031903~DTM*472*20191105~CAS*CO*45*8.22~REF*6R*CPC9MJ8OXAG2~AMT*B6*26.78~SE*66*000000092~GE*1*329830333~IEA*1*329830333~