ISA*00*          *00*          *ZZ*ENS_EDI        *ZZ*ZUG14932       *191118*2230*^*00501*329830333*1*P*:~GS*HP*ENS_EDI*ZUG14932*20191118*2230*329830333*X*005010X221A1~ST*835*000000067~BPR*I*109.16*C*CHK************20191118~TRN*1*48910948*1362739571*000087726~REF*EV*B00099999800~DTM*405*20191117~N1*PR*UNITED HEALTHCARE INSURANCE COMPANY*XV*87726~N3*P.O. BOX 31350~N4*SALT LAKE CTY*UT*84131~REF*2U*87726~PER*CX*UNITEDHEALTHCARE INSURANCE COMPANY*TE*8778423210~PER*BL**UR*www.uhcprovider.com/en/contact-us.html~N1*PE*SPANISH PEAKS NEW ALTERNATIVES*XX*1508250911~N3*41 MONTEBELLO RD STE 116~N4*PUEBLO*CO*810011366~REF*TJ*841158933~LX*1~CLP*000100024710*1*134*109.16**16*EVC8230685800*11*1~NM1*QC*1*QUINTANA*ALADINO****MI*915414261-00~NM1*74*1***T***C*915414261~NM1*82*1*LUCAS*PEGGI****XX*1366419582~REF*1L*65025~REF*CE*UHC DUAL COMPLETE FULL DUAL~REF*EA*079B929A2117402E93F99471C27987~DTM*232*20191105~DTM*050*20191107~AMT*AU*111.38~SVC*HC:99214*134*109.16**1~DTM*472*20191105~CAS*CO*45*22.62**253*2.22~REF*6R*CPC9LJAL5INV~AMT*B6*111.38~SE*32*000000067~GE*1*329830333~IEA*1*329830333~