ISA*00*          *00*          *ZZ*ENS_EDI        *ZZ*ZUG14932       *191118*2230*^*00501*329830333*1*P*:~GS*HP*ENS_EDI*ZUG14932*20191118*2230*329830333*X*005010X221A1~ST*835*000000200~BPR*I*292.91*C*CHK************20191118~TRN*1*48910947*1362739571*000087726~REF*EV*B00099999800~DTM*405*20191117~N1*PR*UNITED HEALTHCARE INSURANCE COMPANY*XV*87726~N3*P.O. BOX 31350~N4*SALT LAKE CTY*UT*84131~REF*2U*87726~PER*CX*UNITEDHEALTHCARE INSURANCE COMPANY*TE*8778423210~PER*BL**UR*www.uhcprovider.com/en/contact-us.html~N1*PE*SPANISH PEAKS NEW ALTERNATIVES*XX*1508250911~N3*41 MONTEBELLO RD STE 116~N4*PUEBLO*CO*810011366~REF*TJ*841158933~LX*1~CLP*000100024676*1*134*109.16**16*EVC8230685900*11*1~NM1*QC*1*BILEK*CHRISTINA*M***MI*967538638~NM1*82*1*HOOSHMAND PARSI*KAYKHSOROW****XX*1447291851~REF*1L*65025~REF*CE*UHC DUAL COMPLETE FULL DUAL~REF*EA*80CEAE4405264CDBB5DBA6DB167507~DTM*232*20191105~DTM*050*20191107~AMT*AU*111.38~SVC*HC:99214*134*109.16**1~DTM*472*20191105~CAS*CO*45*22.62**253*2.22~REF*6R*CPC99B9MBA8K~AMT*B6*111.38~CLP*000100024557*1*134*109.16**16*EVC8229135100*11*1~NM1*QC*1*RUSSELL*BILLY****MI*906199427~NM1*74*1***R~NM1*82*1*HOOSHMAND PARSI*KAYKHSOROW****XX*1447291851~REF*1L*65025~REF*CE*UHC DUAL COMPLETE FULL DUAL~REF*EA*F266447B53F140508FB12144EE72A7~DTM*232*20191104~DTM*050*20191106~AMT*AU*111.38~SVC*HC:99214*134*109.16**1~DTM*472*20191104~CAS*CO*45*22.62**253*2.22~REF*6R*CPCH588WKP5T~AMT*B6*111.38~CLP*000100024585*1*90*74.59**16*EVC8230686000*11*1~NM1*QC*1*SMITH*CHRISTOPHER*T***MI*95062144300~NM1*74*1**CHRISTOPHE****C*950621443~NM1*82*1*HOOSHMAND PARSI*KAYKHSOROW****XX*1447291851~REF*1L*65025~REF*CE*UHC DUAL COMPLETE FULL DUAL~REF*EA*CE3CC2F025A3498BBC953C802C01DB~DTM*232*20191104~DTM*050*20191107~AMT*AU*76.11~SVC*HC:99213*90*74.59**1~DTM*472*20191104~CAS*CO*45*13.89**253*1.52~REF*6R*CPC9W7OQEDNF~AMT*B6*76.11~SE*61*000000200~GE*1*329830333~IEA*1*329830333~