ISA*00*          *00*          *ZZ*ENS_EDI        *ZZ*ZUG14932       *191122*2030*^*00501*332401837*1*P*:~GS*HP*ENS_EDI*ZUG14932*20191122*2030*332401837*X*005010X221A1~ST*835*000000035~BPR*I*169.44*C*CHK************20191123~TRN*1*48930857*1362739571*000087726~REF*EV*B00099999800~DTM*405*20191122~N1*PR*UNITED HEALTHCARE INSURANCE COMPANY*XV*87726~N3*P.O. BOX 31350~N4*SALT LAKE CTY*UT*84131~REF*2U*87726~PER*CX*UNITEDHEALTHCARE INSURANCE COMPANY*TE*8778423210~PER*BL**UR*www.uhcprovider.com/en/contact-us.html~N1*PE*SPANISH PEAKS NEW ALTERNATIVES*XX*1508250911~N3*41 MONTEBELLO RD STE 116~N4*PUEBLO*CO*810011366~REF*TJ*841158933~LX*1~CLP*000100024801*1*257*169.44*1.1*16*EVC8244220400*11*1~NM1*QC*1*HAMPTON*SANDY****MI*91362133300~NM1*74*1***L***C*913621333~NM1*82*1*CADDALI*ESTRELLA****XX*1164974580~REF*1L*65025~REF*CE*UHC DUAL COMPLETE FULL DUAL~REF*EA*C4770E23B245479FB6720CE7A1808D~DTM*232*20191106~DTM*050*20191111~AMT*AU*173.98~SVC*HC:99204:25*205*165.11**1~DTM*472*20191106~CAS*CO*45*36.53**253*3.36~REF*6R*CPDLGMTI8C2B~AMT*B6*168.47~SVC*HC:96127*8*4.33**1~DTM*472*20191106~CAS*PR*3*1.1~CAS*CO*45*2.49**253*.08~REF*6R*CPDLAMYIRM6Z~AMT*B6*5.51~SVC*HC:99408*44*0**1~DTM*472*20191106~CAS*CO*234*44~REF*6R*CPDLY4VQI6EZ~LQ*HE*M80~SE*43*000000035~GE*1*332401837~IEA*1*332401837~