ISA*00*          *00*          *ZZ*ENS_EDI        *ZZ*ZUG14932       *191122*2030*^*00501*332401837*1*P*:~GS*HP*ENS_EDI*ZUG14932*20191122*2030*332401837*X*005010X221A1~ST*835*000000059~BPR*I*169.6*C*CHK************20191123~TRN*1*48930858*1362739571*000087726~REF*EV*B00099999800~DTM*405*20191122~N1*PR*UNITED HEALTHCARE INSURANCE COMPANY*XV*87726~N3*P.O. BOX 31350~N4*SALT LAKE CTY*UT*84131~REF*2U*87726~PER*CX*UNITEDHEALTHCARE INSURANCE COMPANY*TE*8778423210~PER*BL**UR*www.uhcprovider.com/en/contact-us.html~N1*PE*SPANISH PEAKS NEW ALTERNATIVES*XX*1508250911~N3*41 MONTEBELLO RD STE 116~N4*PUEBLO*CO*810011366~REF*TJ*841158933~LX*1~CLP*000100024726*1*268.15*169.6*3.5*16*EVC8233777500*11*1~NM1*QC*1*CONGER*AMY*L***MI*90316118700~NM1*74*1******C*903161187~NM1*82*1*HOOSHMAND PARSI*KAYKHSOROW****XX*1447291851~REF*1L*65025~REF*CE*UHC DUAL COMPLETE FULL DUAL~REF*EA*9912DFEB7BCE48DDAA6FFB30B3CA11~DTM*232*20191106~DTM*050*20191111~AMT*AU*175.98~SVC*HC:99396:25*175*127.6**1~DTM*472*20191106~CAS*CO*45*44.8**253*2.6~REF*6R*CPDLE7MJD8YB~AMT*B6*130.2~SVC*HC:90471*35*0**1~DTM*472*20191106~CAS*CO*16*35~REF*6R*CPDLX8DAM4UX~LQ*HE*N56~SVC*HC:90674*35*28.26**1*N4:70461031904~DTM*472*20191106~CAS*CO*45*6.74~REF*6R*CPDLQNSU1CMG~AMT*B6*28.26~SVC*HC:93000*23.15*13.74**1~DTM*472*20191106~CAS*PR*3*3.5~CAS*CO*45*5.63**253*.28~REF*6R*CPDLFEBR7ZWT~AMT*B6*17.52~SE*48*000000059~GE*1*332401837~IEA*1*332401837~