ISA*00*          *00*          *ZZ*ENS_EDI        *ZZ*ZUG14932       *191126*2130*^*00501*334522473*1*P*:~GS*HP*ENS_EDI*ZUG14932*20191126*2130*334522473*X*005010X221A1~ST*835*000000033~BPR*I*447.13*C*CHK************20191127~TRN*1*48948615*1362739571*000087726~REF*EV*B00099999800~DTM*405*20191126~N1*PR*UNITED HEALTHCARE INSURANCE COMPANY*XV*87726~N3*P.O. BOX 31350~N4*SALT LAKE CTY*UT*84131~REF*2U*87726~PER*CX*UNITEDHEALTHCARE INSURANCE COMPANY*TE*8778423210~PER*BL**UR*www.uhcprovider.com/en/contact-us.html~N1*PE*SPANISH PEAKS NEW ALTERNATIVES*XX*1508250911~N3*41 MONTEBELLO RD STE 116~N4*PUEBLO*CO*810011366~REF*TJ*841158933~LX*1~CLP*000100025169*1*134*109.16**16*EVC8239544600*11*1~NM1*QC*1*BILEK*CHRISTINA*M***MI*967538638~NM1*82*1*HOOSHMAND PARSI*KAYKHSOROW****XX*1447291851~REF*1L*65025~REF*CE*UHC DUAL COMPLETE FULL DUAL~REF*EA*B367FE3DA8C147BB8BB3AF867AEB60~DTM*232*20191113~DTM*050*20191115~AMT*AU*111.38~SVC*HC:99214*134*109.16**1~DTM*472*20191113~CAS*CO*45*22.62**253*2.22~REF*6R*CPDPV39ZJGY6~AMT*B6*111.38~CLP*000100025076*1*134*109.16**16*EVC8239544700*11*1~NM1*QC*1*BILEK*CHRISTINA*M***MI*967538638~NM1*82*1*HOOSHMAND PARSI*KAYKHSOROW****XX*1447291851~REF*1L*65025~REF*CE*UHC DUAL COMPLETE FULL DUAL~REF*EA*85C4243AB8B94759AD0E1663BF006D~DTM*232*20191112~DTM*050*20191115~AMT*AU*111.38~SVC*HC:99214*134*109.16**1~DTM*472*20191112~CAS*CO*45*22.62**253*2.22~REF*6R*CPDPMHM46S8J~AMT*B6*111.38~CLP*000100025015*1*201*154.22**16*EVC8239544900*11*1~NM1*QC*1*MUNOZ*BERNADETTE****MI*917179730~NM1*82*1*HOOSHMAND PARSI*KAYKHSOROW****XX*1447291851~REF*1L*65025~REF*CE*UHC DUAL COMPLETE FULL DUAL~REF*EA*F6795ADC4778457D875977BDF05BA0~DTM*232*20191111~DTM*050*20191115~AMT*AU*156.78~SVC*HC:99214:25*134*109.16**1~DTM*472*20191111~CAS*CO*45*22.62**253*2.22~REF*6R*CPDP01GTX0GT~AMT*B6*111.38~SVC*HC:G0008*32*16.8**1~DTM*472*20191111~CAS*CO*45*14.86**253*.34~REF*6R*CPDPWYUBEKY8~AMT*B6*17.14~SVC*HC:90674*35*28.26**1*N4:70461031904~DTM*472*20191111~CAS*CO*45*6.74~REF*6R*CPDPKSU1WQE8~AMT*B6*28.26~CLP*000100025000*1*90*74.59**16*EVC8239544800*11*1~NM1*QC*1*RUSSELL*BILLY****MI*906199427~NM1*74*1***R~NM1*82*1*HOOSHMAND PARSI*KAYKHSOROW****XX*1447291851~REF*1L*65025~REF*CE*UHC DUAL COMPLETE FULL DUAL~REF*EA*38E6F6F702974C2AB5F6C252DAD09F~DTM*232*20191111~DTM*050*20191115~AMT*AU*76.11~SVC*HC:99213*90*74.59**1~DTM*472*20191111~CAS*CO*45*13.89**253*1.52~REF*6R*CPDP40YUNC09~AMT*B6*76.11~SE*84*000000033~GE*1*334522473~IEA*1*334522473~