ISA*00*          *00*          *ZZ*ENS_EDI        *ZZ*ZUG14932       *191202*2030*^*00501*338286490*1*P*:~GS*HP*ENS_EDI*ZUG14932*20191202*2030*338286490*X*005010X221A1~ST*835*000000009~BPR*I*267.71*C*CHK************20191202~TRN*1*48965859*1362739571*000087726~REF*EV*B00099999800~DTM*405*20191201~N1*PR*UNITED HEALTHCARE INSURANCE COMPANY*XV*87726~N3*P.O. BOX 31350~N4*SALT LAKE CTY*UT*84131~REF*2U*87726~PER*CX*UNITEDHEALTHCARE INSURANCE COMPANY*TE*8778423210~PER*BL**UR*www.uhcprovider.com/en/contact-us.html~N1*PE*SPANISH PEAKS NEW ALTERNATIVES*XX*1508250911~N3*41 MONTEBELLO RD STE 116~N4*PUEBLO*CO*810011366~REF*TJ*841158933~LX*1~CLP*000100024874*1*186*113.49*1.1*16*EVC8250870100*11*1~NM1*QC*1*LISH*SCOTT*L***MI*955669092~NM1*82*1*HOOSHMAND PARSI*KAYKHSOROW****XX*1447291851~REF*1L*65025~REF*CE*UHC DUAL COMPLETE FULL DUAL~REF*EA*924D05689B9E4677872B5DCB803646~DTM*232*20191107~DTM*050*20191120~AMT*AU*116.89~SVC*HC:99214:25*134*109.16**1~DTM*472*20191107~CAS*CO*45*22.62**253*2.22~REF*6R*CPD54QUSXC0I~AMT*B6*111.38~SVC*HC:96127:59*8*4.33**1~DTM*472*20191107~CAS*PR*3*1.1~CAS*CO*45*2.49**253*.08~REF*6R*CPD5UN1HVCHY~AMT*B6*5.51~SVC*HC:99408:59*44*0**1~DTM*472*20191107~CAS*CO*234*44~REF*6R*CPD5549HFSNW~LQ*HE*M80~CLP*000100025200*1*201*154.22**16*EVC8248493300*11*1~NM1*QC*1*LONGGREAR*CAROLINE*S***MI*961284624~NM1*82*1*HOOSHMAND PARSI*KAYKHSOROW****XX*1447291851~REF*1L*65025~REF*CE*UHC DUAL COMPLETE FULL DUAL~REF*EA*DBCAC0C9F2B846698EAB1AB588DFE3~DTM*232*20191114~DTM*050*20191119~AMT*AU*156.78~SVC*HC:99214:25*134*109.16**1~DTM*472*20191114~CAS*CO*45*22.62**253*2.22~REF*6R*CPDTB0S0LMIV~AMT*B6*111.38~SVC*HC:G0008*32*16.8**1~DTM*472*20191114~CAS*CO*45*14.86**253*.34~REF*6R*CPDTKCEBR2Z3~AMT*B6*17.14~SVC*HC:90674*35*28.26**1*N4:70461031904~DTM*472*20191114~CAS*CO*45*6.74~REF*6R*CPDTECEN16IK~AMT*B6*28.26~SE*66*000000009~GE*1*338286490~IEA*1*338286490~