ISA*00*          *00*          *ZZ*ENS_EDI        *ZZ*ZUG14932       *191202*2030*^*00501*338286490*1*P*:~GS*HP*ENS_EDI*ZUG14932*20191202*2030*338286490*X*005010X221A1~ST*835*000000162~BPR*I*74.59*C*CHK************20191202~TRN*1*48965857*1362739571*000087726~REF*EV*B00099999800~DTM*405*20191201~N1*PR*UNITED HEALTHCARE INSURANCE COMPANY*XV*87726~N3*P.O. BOX 31350~N4*SALT LAKE CTY*UT*84131~REF*2U*87726~PER*CX*UNITEDHEALTHCARE INSURANCE COMPANY*TE*8778423210~PER*BL**UR*www.uhcprovider.com/en/contact-us.html~N1*PE*SPANISH PEAKS NEW ALTERNATIVES*XX*1508250911~N3*41 MONTEBELLO RD STE 116~N4*PUEBLO*CO*810011366~REF*TJ*841158933~LX*1~CLP*000100025351*1*90*74.59**16*EVC8251449100*11*1~NM1*QC*1*FOX*MATTHEW*S***MI*91146425800~NM1*74*1******C*911464258~NM1*82*1*GRONEMEYER*LEANNE****XX*1659521045~REF*1L*65025~REF*CE*UHC DUAL COMPLETE FULL DUAL~REF*EA*C976ACFFF80444A3BC9F3D1FBCC665~DTM*232*20191118~DTM*050*20191121~AMT*AU*76.11~SVC*HC:99213*90*74.59**1~DTM*472*20191118~CAS*CO*45*13.89**253*1.52~REF*6R*CPELKYMDEQX9~AMT*B6*76.11~SE*32*000000162~GE*1*338286490~IEA*1*338286490~