ISA*00*          *00*          *ZZ*ENS_EDI        *ZZ*ZUG14932       *191203*1930*^*00501*339012663*1*P*:~GS*HP*ENS_EDI*ZUG14932*20191203*1930*339012663*X*005010X221A1~ST*835*000000041~BPR*I*74.59*C*CHK************20191204~TRN*1*48976665*1362739571*000087726~REF*EV*B00099999800~DTM*405*20191203~N1*PR*UNITED HEALTHCARE INSURANCE COMPANY*XV*87726~N3*P.O. BOX 31350~N4*SALT LAKE CTY*UT*84131~REF*2U*87726~PER*CX*UNITEDHEALTHCARE INSURANCE COMPANY*TE*8778423210~PER*BL**UR*www.uhcprovider.com/en/contact-us.html~N1*PE*SPANISH PEAKS NEW ALTERNATIVES*XX*1508250911~N3*41 MONTEBELLO RD STE 116~N4*PUEBLO*CO*810011366~REF*TJ*841158933~LX*1~CLP*000100025522*1*90*74.59**16*EVC8257050500*11*1~NM1*QC*1*RUSSELL*BILLY****MI*906199427~NM1*74*1***R~NM1*82*1*GRONEMEYER*LEANNE****XX*1659521045~REF*1L*65025~REF*CE*UHC DUAL COMPLETE FULL DUAL~REF*EA*270DBF07D23D4AE48D100A4FB06E72~DTM*232*20191120~DTM*050*20191122~AMT*AU*76.11~SVC*HC:99213*90*74.59**1~DTM*472*20191120~CAS*CO*45*13.89**253*1.52~REF*6R*CPED1EBCWB8S~AMT*B6*76.11~SE*32*000000041~GE*1*339012663~IEA*1*339012663~