ISA*00*          *00*          *ZZ*ENS_EDI        *ZZ*ZUG14932       *191209*2030*^*00501*341272030*1*P*:~GS*HP*ENS_EDI*ZUG14932*20191209*2030*341272030*X*005010X221A1~ST*835*000000065~BPR*I*183.75*C*CHK************20191209~TRN*1*48993639*1362739571*000087726~REF*EV*B00099999800~DTM*405*20191208~N1*PR*UNITED HEALTHCARE INSURANCE COMPANY*XV*87726~N3*P.O. BOX 31350~N4*SALT LAKE CTY*UT*84131~REF*2U*87726~PER*CX*UNITEDHEALTHCARE INSURANCE COMPANY*TE*8778423210~PER*BL**UR*www.uhcprovider.com/en/contact-us.html~N1*PE*SPANISH PEAKS NEW ALTERNATIVES*XX*1508250911~N3*41 MONTEBELLO RD STE 116~N4*PUEBLO*CO*810011366~REF*TJ*841158933~LX*1~CLP*38341A*1*90*74.59**16*EVC8256433700*11*1~NM1*QC*1*GREGORY*JAMES*G***MI*96789859000~NM1*74*1******C*967898590~NM1*82*1*HOOSHMAND-PARSI*KAYKHOSROW****XX*1447291851~REF*1L*65025~REF*CE*UHC DUAL COMPLETE FULL DUAL~DTM*232*20190711~DTM*050*20191126~AMT*AU*76.11~SVC*HC:99213*90*74.59**1~DTM*472*20190711~CAS*CO*45*13.89**253*1.52~REF*6R*44954~AMT*B6*76.11~CLP*000100025736*1*134*109.16**16*EVC8258063900*11*1~NM1*QC*1*RUSSELL*BILLY****MI*906199427~NM1*74*1***R~NM1*82*1*HOOSHMAND PARSI*KAYKHSOROW****XX*1447291851~REF*1L*65025~REF*CE*UHC DUAL COMPLETE FULL DUAL~REF*EA*8A0FCAEC702341719ABBABC88872E2~DTM*232*20191125~DTM*050*20191127~AMT*AU*111.38~SVC*HC:99214*134*109.16**1~DTM*472*20191125~CAS*CO*45*22.62**253*2.22~REF*6R*CPE97NI1Z6W0~AMT*B6*111.38~SE*46*000000065~GE*1*341272030~IEA*1*341272030~