ISA*00*          *00*          *ZZ*ENS_EDI        *ZZ*ZUG14932       *191209*2030*^*00501*341272030*1*P*:~GS*HP*ENS_EDI*ZUG14932*20191209*2030*341272030*X*005010X221A1~ST*835*000000075~BPR*I*121.88*C*CHK************20191209~TRN*1*48993640*1362739571*000087726~REF*EV*B00099999800~DTM*405*20191208~N1*PR*UNITED HEALTHCARE INSURANCE COMPANY*XV*87726~N3*P.O. BOX 31350~N4*SALT LAKE CTY*UT*84131~REF*2U*87726~PER*CX*UNITEDHEALTHCARE INSURANCE COMPANY*TE*8778423210~PER*BL**UR*www.uhcprovider.com/en/contact-us.html~N1*PE*SPANISH PEAKS NEW ALTERNATIVES*XX*1508250911~N3*41 MONTEBELLO RD STE 116~N4*PUEBLO*CO*810011366~REF*TJ*841158933~LX*1~CLP*000100023812*1*172*121.88*3.81*16*EVC8258063800*11*1~NM1*QC*1*QUINTANA*ALADINO****MI*915414261-00~NM1*74*1***T***C*915414261~NM1*82*1*LUCAS*PEGGI****XX*1366419582~REF*1L*65025~REF*CE*UHC DUAL COMPLETE FULL DUAL~REF*EA*57B7861D1CAB4A2285342CD576E3A1~DTM*232*20191016~DTM*050*20191127~AMT*AU*128.16~SVC*HC:20610:RT:59*65*61.09**1~DTM*472*20191016~CAS*CO*45*2.67**253*1.24~REF*6R*CPEH70VI7G0Y~AMT*B6*62.33~SVC*HC:J3301*14*4.99**4*N4:00003029328~DTM*472*20191016~CAS*PR*3*1.27~CAS*CO*45*7.64**253*.1~REF*6R*CPEH0TQT5OL6~AMT*B6*6.36~SVC*HC:20610:50*65*45.82**1~DTM*472*20191016~CAS*CO*59*18.25**253*.93~REF*6R*CPEHR9TBTDOH~AMT*B6*46.75~SVC*HC:J3301*28*9.98**8*N4:00003029328~DTM*472*20191016~CAS*PR*3*2.54~CAS*CO*45*15.28**253*.2~REF*6R*CPEHPV6ETSZ4~AMT*B6*12.72~SE*49*000000075~GE*1*341272030~IEA*1*341272030~