ISA*00*          *00*          *ZZ*ENS_EDI        *ZZ*ZUG14932       *191224*1930*^*00501*346351062*1*P*:~GS*HP*ENS_EDI*ZUG14932*20191224*1930*346351062*X*005010X221A1~ST*835*000000038~BPR*I*453.44*C*CHK************20191225~TRN*1*49056397*1362739571*000087726~REF*EV*B00099999800~DTM*405*20191224~N1*PR*UNITED HEALTHCARE INSURANCE COMPANY*XV*87726~N3*P.O. BOX 31350~N4*SALT LAKE CTY*UT*84131~REF*2U*87726~PER*CX*UNITEDHEALTHCARE INSURANCE COMPANY*TE*8778423210~PER*BL**UR*www.uhcprovider.com/en/contact-us.html~N1*PE*SPANISH PEAKS NEW ALTERNATIVES*XX*1508250911~N3*41 MONTEBELLO RD STE 116~N4*PUEBLO*CO*810011366~REF*TJ*841158933~LX*1~CLP*000100026282*1*134*109.16**16*EVC8273871800*11*1~NM1*QC*1*LONGGREAR*CAROLINE*S***MI*961284624~NM1*82*1*HOOSHMAND PARSI*KAYKHSOROW****XX*1447291851~REF*1L*65025~REF*CE*UHC DUAL COMPLETE FULL DUAL~REF*EA*ADF611EF017C4870B673E5024D5A57~DTM*232*20191205~DTM*050*20191213~AMT*AU*111.38~SVC*HC:99214*134*109.16**1~DTM*472*20191205~CAS*CO*45*22.62**253*2.22~REF*6R*CPNDTM6R3URM~AMT*B6*111.38~CLP*000100024434*1*32*16.8**16*EVC8274970300*11*1~NM1*QC*1*MORGAN*CHRISTOPHER****MI*941143022~NM1*74*1**CHRISTOPHE*L~NM1*82*1*HOOSHMAND PARSI*KAYKHSOROW****XX*1447291851~REF*1L*65025~REF*CE*UHC DUAL COMPLETE FULL DUAL~REF*EA*B2415143EDB34E899C07439C0FA286~REF*F8*8226265800~DTM*232*20191031~DTM*050*20191213~AMT*AU*17.14~SVC*HC:G0008*32*16.8**1~DTM*472*20191031~CAS*CO*45*14.86**253*.34~REF*6R*CPN5AJSFEA0G~AMT*B6*17.14~CLP*000100026129*1*134*109.16**16*EVC8273872000*11*1~NM1*QC*1*MUNOZ*BERNADETTE****MI*917179730~NM1*82*1*HOOSHMAND PARSI*KAYKHSOROW****XX*1447291851~REF*1L*65025~REF*CE*UHC DUAL COMPLETE FULL DUAL~REF*EA*A9BB694D0D2D44FAB25CA2F2EBBA90~DTM*232*20191203~DTM*050*20191213~AMT*AU*111.38~SVC*HC:99214*134*109.16**1~DTM*472*20191203~CAS*CO*45*22.62**253*2.22~REF*6R*CPNDWWY7UIJ5~AMT*B6*111.38~CLP*000100026204*1*134*109.16**16*EVC8273871600*11*1~NM1*QC*1*PHILLIPS*DANNY****MI*924705262~NM1*82*1*HOOSHMAND PARSI*KAYKHSOROW****XX*1447291851~REF*1L*65025~REF*CE*UHC DUAL COMPLETE FULL DUAL~REF*EA*87C15FEE546F4DCAB1BD1233C34B83~DTM*232*20191204~DTM*050*20191213~AMT*AU*111.38~SVC*HC:99214*134*109.16**1~DTM*472*20191204~CAS*CO*45*22.62**253*2.22~REF*6R*CPND6D4Y742V~AMT*B6*111.38~CLP*000100025915*1*134*109.16**16*EVC8273871700*11*1~NM1*QC*1*RUSSELL*BILLY****MI*906199427~NM1*74*1***R~NM1*82*1*HOOSHMAND PARSI*KAYKHSOROW****XX*1447291851~REF*1L*65025~REF*CE*UHC DUAL COMPLETE FULL DUAL~REF*EA*D570072A025B4F6B9279D81B3C603C~DTM*232*20191127~DTM*050*20191213~AMT*AU*111.38~SVC*HC:99214*134*109.16**1~DTM*472*20191127~CAS*CO*45*22.62**253*2.22~REF*6R*CPNDU2O3RGG8~AMT*B6*111.38~SE*90*000000038~GE*1*346351062~IEA*1*346351062~