ISA*00*          *00*          *ZZ*ENS_EDI        *ZZ*ZUG14932       *191230*2030*^*00501*348040170*1*P*:~GS*HP*ENS_EDI*ZUG14932*20191230*2030*348040170*X*005010X221A1~ST*835*000000133~BPR*I*48.04*C*CHK************20191230~TRN*1*49069093*1362739571*000087726~REF*EV*B00099999800~DTM*405*20191229~N1*PR*UNITED HEALTHCARE INSURANCE COMPANY*XV*87726~N3*P.O. BOX 31350~N4*SALT LAKE CTY*UT*84131~REF*2U*87726~PER*CX*UNITEDHEALTHCARE INSURANCE COMPANY*TE*8778423210~PER*BL**UR*www.uhcprovider.com/en/contact-us.html~N1*PE*SPANISH PEAKS NEW ALTERNATIVES*XX*1508250911~N3*41 MONTEBELLO RD STE 116~N4*PUEBLO*CO*810011366~REF*TJ*841158933~LX*1~CLP*000100024726*1*32*16.8**16*EVC8280596000*11*1~NM1*QC*1*CONGER*AMY*L***MI*90316118700~NM1*74*1******C*903161187~NM1*82*1*HOOSHMAND PARSI*KAYKHSOROW****XX*1447291851~REF*1L*65025~REF*CE*UHC DUAL COMPLETE FULL DUAL~REF*EA*D523CC3806D84848967360FFFA7FB8~REF*F8*8233777500~DTM*232*20191106~DTM*050*20191218~AMT*AU*17.14~SVC*HC:G0008*32*16.8**1~DTM*472*20191106~CAS*CO*45*14.86**253*.34~REF*6R*CPN1MJS4G2B7~AMT*B6*17.14~CLP*000100026319*1*160*102.85**16*EVC8279614400*11*1~NM1*QC*1*HALVERSON*SANDRA*L***MI*96169232300~NM1*74*1******C*961692323~NM1*82*1*HOOSHMAND PARSI*KAYKHSOROW****XX*1447291851~REF*1L*65025~REF*CE*UHC DUAL COMPLETE FULL DUAL~REF*EA*1462488F63E64975A21E8929C41EFB~DTM*232*20191205~DTM*050*20191217~AMT*AU*104.37~SVC*HC:99213:25*90*74.59**1~DTM*472*20191205~CAS*CO*45*13.89**253*1.52~REF*6R*CPN9ZMB4C7B5~AMT*B6*76.11~SVC*HC:90471*35*0**1~DTM*472*20191205~CAS*CO*16*35~REF*6R*CPN96X2ZE7KD~LQ*HE*N56~SVC*HC:90674*35*28.26**1*N4:70461031904~DTM*472*20191205~CAS*CO*45*6.74~REF*6R*CPN9V5N1EG4C~AMT*B6*28.26~CLP*000100026496*1*90*74.59**16*EVC8280595800*11*1~NM1*QC*1*RUSSELL*BILLY****MI*906199427~NM1*74*1***R~NM1*82*1*HOOSHMAND PARSI*KAYKHSOROW****XX*1447291851~REF*1L*65025~REF*CE*UHC DUAL COMPLETE FULL DUAL~REF*EA*8CF59F2C236747B39A614FADC38D23~DTM*232*20191210~DTM*050*20191218~AMT*AU*76.11~SVC*HC:99213*90*74.59**1~DTM*472*20191210~CAS*CO*45*13.89**253*1.52~REF*6R*CPN1LCC6O4BT~AMT*B6*76.11~PLB*1508250911*20191231*FB:091226Z000027*146.2~SE*74*000000133~GE*1*348040170~IEA*1*348040170~