ISA*00*          *00*          *ZZ*ENS_EDI        *ZZ*ZUG14932       *191231*1930*^*00501*348381415*1*P*:~GS*HP*ENS_EDI*ZUG14932*20191231*1930*348381415*X*005010X221A1~ST*835*000000076~BPR*I*160.94*C*CHK************20200101~TRN*1*49079955*1362739571*000087726~REF*EV*B00099999800~DTM*405*20191231~N1*PR*UNITED HEALTHCARE INSURANCE COMPANY*XV*87726~N3*P.O. BOX 31350~N4*SALT LAKE CTY*UT*84131~REF*2U*87726~PER*CX*UNITEDHEALTHCARE INSURANCE COMPANY*TE*8778423210~PER*BL**UR*www.uhcprovider.com/en/contact-us.html~N1*PE*SPANISH PEAKS NEW ALTERNATIVES*XX*1508250911~N3*41 MONTEBELLO RD STE 116~N4*PUEBLO*CO*810011366~REF*TJ*841158933~LX*1~CLP*000100026638*1*138*111.21**16*EVC8282886700*11*1~NM1*QC*1*GUNN*MELITA*G***MI*90522104800~NM1*74*1******C*905221048~NM1*82*1*HOOSHMAND PARSI*KAYKHSOROW****XX*1447291851~REF*1L*65025~REF*CE*UHC DUAL COMPLETE FULL DUAL~REF*EA*BB8C3B96E7484EB694D9217EBF3E2F~DTM*232*20191211~DTM*050*20191220~AMT*AU*113.47~SVC*HC:99214:25*134*109.16**1~DTM*472*20191211~CAS*CO*45*22.62**253*2.22~REF*6R*CPOTCWHH2DTK~AMT*B6*111.38~SVC*HC:81002*4*2.05**1~DTM*472*20191211~CAS*CO*45*1.91**253*.04~REF*6R*CPOTOQ7Z2UGY~AMT*B6*2.09~CLP*000100026688*1*106*49.73*1.1*16*EVC8282887000*11*1~NM1*QC*1*WEEKS*KIMBERLY*D***MI*966653202~NM1*82*1*HOOSHMAND PARSI*KAYKHSOROW****XX*1447291851~REF*1L*65025~REF*CE*UHC DUAL COMPLETE FULL DUAL~REF*EA*4BEFD26EDEE44DA8809A05FA7356B6~DTM*232*20191212~DTM*050*20191220~AMT*AU*51.83~SVC*HC:99212:25*54*45.4**1~DTM*472*20191212~CAS*CO*45*7.68**253*.92~REF*6R*CPOTSUEFO97Z~AMT*B6*46.32~SVC*HC:96127*8*4.33**1~DTM*472*20191212~CAS*PR*2*1.1~CAS*CO*45*2.49**253*.08~REF*6R*CPOT9TAIAH3F~AMT*B6*5.51~SVC*HC:99408*44*0**1~DTM*472*20191212~CAS*CO*234*44~REF*6R*CPOT9X81HNCC~LQ*HE*M80~SE*62*000000076~GE*1*348381415~IEA*1*348381415~