ISA*00*          *00*          *ZZ*ENS_EDI        *ZZ*ZUG14932       *191231*1930*^*00501*348381415*1*P*:~GS*HP*ENS_EDI*ZUG14932*20191231*1930*348381415*X*005010X221A1~ST*835*000000036~BPR*I*141.75*C*CHK************20200101~TRN*1*49079953*1362739571*000087726~REF*EV*B00099999800~DTM*405*20191231~N1*PR*UNITED HEALTHCARE INSURANCE COMPANY*XV*87726~N3*P.O. BOX 31350~N4*SALT LAKE CTY*UT*84131~REF*2U*87726~PER*CX*UNITEDHEALTHCARE INSURANCE COMPANY*TE*8778423210~PER*BL**UR*www.uhcprovider.com/en/contact-us.html~N1*PE*SPANISH PEAKS NEW ALTERNATIVES*XX*1508250911~N3*41 MONTEBELLO RD STE 116~N4*PUEBLO*CO*810011366~REF*TJ*841158933~LX*1~CLP*000100025812*1*256*141.75*1.1*16*EVC8287671400*11*1~NM1*QC*1*LONG*KENNETH*L***MI*931547275~NM1*82*1*GRONEMEYER*LEANNE****XX*1659521045~REF*1L*65025~REF*CE*UHC DUAL COMPLETE FULL DUAL~REF*EA*174C48FB72A544F4B208DA9E307578~DTM*232*20191126~DTM*050*20191210~AMT*AU*145.15~SVC*HC:99214:25*134*109.16**1~DTM*472*20191126~CAS*CO*45*22.62**253*2.22~REF*6R*CPNTD4CO7U44~AMT*B6*111.38~SVC*HC:90471*35*0**1~DTM*472*20191126~CAS*CO*16*35~REF*6R*CPNTASXISOP7~LQ*HE*N56~SVC*HC:90674*35*28.26**1*N4:70461031904~DTM*472*20191126~CAS*CO*45*6.74~REF*6R*CPNTPLBAVD0I~AMT*B6*28.26~SVC*HC:96127:59*8*4.33**1~DTM*472*20191126~CAS*PR*2*1.1~CAS*CO*45*2.49**253*.08~REF*6R*CPNTFHJ12JS1~AMT*B6*5.51~SVC*HC:99408:59*44*0**1~DTM*472*20191126~CAS*CO*234*44~REF*6R*CPNT52DAW3WN~LQ*HE*M80~SE*52*000000036~GE*1*348381415~IEA*1*348381415~