ISA*00*          *00*          *ZZ*ENS_EDI        *ZZ*ZUG14932       *200113*2030*^*00501*352356696*1*P*:~GS*HP*ENS_EDI*ZUG14932*20200113*2030*352356696*X*005010X221A1~ST*835*000000043~BPR*I*327.48*C*CHK************20200113~TRN*1*49121677*1362739571*000087726~REF*EV*B00099999800~DTM*405*20200112~N1*PR*UNITED HEALTHCARE INSURANCE COMPANY*XV*87726~N3*P.O. BOX 31350~N4*SALT LAKE CTY*UT*84131~REF*2U*87726~PER*CX*UNITEDHEALTHCARE INSURANCE COMPANY*TE*8778423210~PER*BL**UR*www.uhcprovider.com/en/contact-us.html~N1*PE*SPANISH PEAKS NEW ALTERNATIVES*XX*1508250911~N3*41 MONTEBELLO RD STE 116~N4*PUEBLO*CO*810011366~REF*TJ*841158933~LX*1~CLP*000100027150*1*134*109.16**16*EVC8293414800*11*1~NM1*QC*1*FOX*MATTHEW*S***MI*91146425800~NM1*74*1******C*911464258~NM1*82*1*GRONEMEYER*LEANNE****XX*1659521045~REF*1L*65025~REF*CE*UHC DUAL COMPLETE FULL DUAL~REF*EA*240B22E2119C4BFC9EA057F3DD1DEF~DTM*232*20191223~DTM*050*20200102~AMT*AU*111.38~SVC*HC:99214*134*109.16**1~DTM*472*20191223~CAS*CO*45*22.62**253*2.22~REF*6R*CPKEI3CKYHTR~AMT*B6*111.38~CLP*000100026885*1*134*109.16**16*EVC8292792900*11*1~NM1*QC*1*KELLY*DEBORAH****MI*976046497~NM1*74*1***J~NM1*82*1*GRONEMEYER*LEANNE****XX*1659521045~REF*1L*65025~REF*CE*UHC DUAL COMPLETE FULL DUAL~REF*EA*F772AEA777EC4C7F9F67AB22AF22B2~DTM*232*20191217~DTM*050*20200101~AMT*AU*111.38~SVC*HC:99214*134*109.16**1~DTM*472*20191217~CAS*CO*45*22.62**253*2.22~REF*6R*CPKMN3A9GJ1G~AMT*B6*111.38~CLP*000100026930*1*134*109.16**16*EVC8292793000*11*1~NM1*QC*1*LEWIS*ANNA*L***MI*936231331~NM1*82*1*GRONEMEYER*LEANNE****XX*1659521045~REF*1L*65025~REF*CE*UHC DUAL COMPLETE FULL DUAL~REF*EA*AB2C7402B78F4494B4F58565B417A9~DTM*232*20191218~DTM*050*20200101~AMT*AU*111.38~SVC*HC:99214*134*109.16**1~DTM*472*20191218~CAS*CO*45*22.62**253*2.22~REF*6R*CPKMPSEIOCJ9~AMT*B6*111.38~SE*61*000000043~GE*1*352356696~IEA*1*352356696~