ISA*00*          *00*          *ZZ*ENS_EDI        *ZZ*ZUG14932       *200113*1930*^*00501*352377740*1*P*:~GS*HP*ENS_EDI*ZUG14932*20200113*1930*352377740*X*005010X221A1~ST*835*000000150~BPR*I*292.91*C*CHK************20200113~TRN*1*49121678*1362739571*000087726~REF*EV*B00099999800~DTM*405*20200112~N1*PR*UNITED HEALTHCARE INSURANCE COMPANY*XV*87726~N3*P.O. BOX 31350~N4*SALT LAKE CTY*UT*84131~REF*2U*87726~PER*CX*UNITEDHEALTHCARE INSURANCE COMPANY*TE*8778423210~PER*BL**UR*www.uhcprovider.com/en/contact-us.html~N1*PE*SPANISH PEAKS NEW ALTERNATIVES*XX*1508250911~N3*41 MONTEBELLO RD STE 116~N4*PUEBLO*CO*810011366~REF*TJ*841158933~LX*1~CLP*000100026890*1*134*109.16**16*EVC8292792700*11*1~NM1*QC*1*BILEK*CHRISTINA*M***MI*967538638~NM1*82*1*HOOSHMAND PARSI*KAYKHSOROW****XX*1447291851~REF*1L*65025~REF*CE*UHC DUAL COMPLETE FULL DUAL~REF*EA*74FCFB51D1CE4551A09F01CE2A4F49~DTM*232*20191217~DTM*050*20200101~AMT*AU*111.38~SVC*HC:99214*134*109.16**1~DTM*472*20191217~CAS*CO*45*22.62**253*2.22~REF*6R*CPKMM87WKKHC~AMT*B6*111.38~CLP*000100026971*1*90*74.59**16*EVC8293414900*11*1~NM1*QC*1*MORGAN*CHRISTOPHER****MI*941143022~NM1*74*1**CHRISTOPHE*L~NM1*82*1*HOOSHMAND PARSI*KAYKHSOROW****XX*1447291851~REF*1L*65025~REF*CE*UHC DUAL COMPLETE FULL DUAL~REF*EA*5123F3378F4D4983B81458429DB0E4~DTM*232*20191218~DTM*050*20200102~AMT*AU*76.11~SVC*HC:99213*90*74.59**1~DTM*472*20191218~CAS*CO*45*13.89**253*1.52~REF*6R*CPKEHVQH9SQ5~AMT*B6*76.11~CLP*000100026892*1*134*109.16**16*EVC8292792800*11*1~NM1*QC*1*RUSSELL*BILLY****MI*906199427~NM1*74*1***R~NM1*82*1*HOOSHMAND PARSI*KAYKHSOROW****XX*1447291851~REF*1L*65025~REF*CE*UHC DUAL COMPLETE FULL DUAL~REF*EA*F8CCA980322547BFB28C48ACDA7423~DTM*232*20191217~DTM*050*20200101~AMT*AU*111.38~SVC*HC:99214*134*109.16**1~DTM*472*20191217~CAS*CO*45*22.62**253*2.22~REF*6R*CPKMV0DSJ5SR~AMT*B6*111.38~SE*61*000000150~GE*1*352377740~IEA*1*352377740~