ISA*00*          *00*          *ZZ*ENS_EDI        *ZZ*ZUG14932       *200120*2030*^*00501*354451797*1*P*:~GS*HP*ENS_EDI*ZUG14932*20200120*2030*354451797*X*005010X221A1~ST*835*000000126~BPR*I*211.32*C*CHK************20200120~TRN*1*49148793*1362739571*000087726~REF*EV*B00099999800~DTM*405*20200119~N1*PR*UNITED HEALTHCARE INSURANCE COMPANY*XV*87726~N3*P.O. BOX 31350~N4*SALT LAKE CTY*UT*84131~REF*2U*87726~PER*CX*UNITEDHEALTHCARE INSURANCE COMPANY*TE*8778423210~PER*BL**UR*www.uhcprovider.com/en/contact-us.html~N1*PE*SPANISH PEAKS NEW ALTERNATIVES*XX*1508250911~N3*41 MONTEBELLO RD STE 116~N4*PUEBLO*CO*810011366~REF*TJ*841158933~LX*1~CLP*000100027181*1*204*136.73**16*EVC8299212400*11*1~NM1*QC*1*COSLETT*LISA*ANN***MI*922645540~NM1*74*1***A~NM1*82*1*GRONEMEYER*LEANNE****XX*1659521045~REF*1L*65025~REF*CE*UHC DUAL COMPLETE FULL DUAL~REF*EA*E818317B7C40400791891C9EF7EB8A~DTM*232*20191223~DTM*050*20200108~AMT*AU*139.51~SVC*HC:99214:25*134*109.16**1~DTM*472*20191223~CAS*CO*45*22.62**253*2.22~REF*6R*CPK2XY0318W0~AMT*B6*111.38~SVC*HC:90471*35*0**1~DTM*472*20191223~CAS*CO*16*35~REF*6R*CPK27GD9ECBG~LQ*HE*N56~SVC*HC:90674*35*27.57**1*N4:70461031904~DTM*472*20191223~CAS*CO*45*6.87**253*.56~REF*6R*CPK2F1069PA7~AMT*B6*28.13~CLP*000100027369*1*90*74.59**16*EVC8299212500*11*1~NM1*QC*1*RUTHERFORD*ERIKA*L***MI*93113863300~NM1*74*1******C*931138633~NM1*82*1*GRONEMEYER*LEANNE****XX*1659521045~REF*1L*65025~REF*CE*UHC DUAL COMPLETE FULL DUAL~REF*EA*B3276F9426A74682BB17ABA486E90F~DTM*232*20191230~DTM*050*20200108~AMT*AU*76.11~SVC*HC:99213*90*74.59**1~DTM*472*20191230~CAS*CO*45*13.89**253*1.52~REF*6R*CPK28KTCLF8N~AMT*B6*76.11~SE*57*000000126~GE*1*354451797~IEA*1*354451797~