ISA*00*          *00*          *ZZ*ENS_EDI        *ZZ*ZUG14932       *200127*2030*^*00501*356653684*1*P*:~GS*HP*ENS_EDI*ZUG14932*20200127*2030*356653684*X*005010X221A1~ST*835*000000109~BPR*I*151.49*C*CHK************20200127~TRN*1*49180773*1362739571*000087726~REF*EV*B00099999800~DTM*405*20200126~N1*PR*UNITED HEALTHCARE INSURANCE COMPANY*XV*87726~N3*P.O. BOX 31350~N4*SALT LAKE CTY*UT*84131~REF*2U*87726~PER*CX*UNITEDHEALTHCARE INSURANCE COMPANY*TE*8778423210~PER*BL**UR*www.uhcprovider.com/en/contact-us.html~N1*PE*SPANISH PEAKS NEW ALTERNATIVES*XX*1508250911~N3*41 MONTEBELLO RD STE 116~N4*PUEBLO*CO*810011366~REF*TJ*841158933~LX*1~CLP*000100027684*1*201*151.49**16*EVC8306867100*11*1~NM1*QC*1*COLLINGSWORTH*STANLEY*H***MI*969609420~NM1*74*1*COLLINGSWORTH JR*S~NM1*82*1*GRONEMEYER*LEANNE****XX*1659521045~REF*1L*65025~REF*CE*UHC DUAL COMPLETE FULL DUAL~REF*EA*23AFE8737E7E4A33A7FF0B5F008501~DTM*232*20200106~DTM*050*20200115~AMT*AU*154.57~SVC*HC:99214:25*134*109.55**1~DTM*472*20200106~CAS*CO*45*22.22**253*2.23~REF*6R*CPLQO8DKJN1D~AMT*B6*111.78~SVC*HC:G0008*32*14.37**1~DTM*472*20200106~CAS*CO*45*17.34**253*.29~REF*6R*CPLQJBH3V8HG~AMT*B6*14.66~SVC*HC:90674*35*27.57**1*N4:70461031904~DTM*472*20200106~CAS*CO*45*6.87**253*.56~REF*6R*CPLQMY9NA4JU~AMT*B6*28.13~SE*42*000000109~GE*1*356653684~IEA*1*356653684~