ISA*00*          *00*          *ZZ*ENS_EDI        *ZZ*ZUG14932       *200203*2030*^*00501*358868777*1*P*:~GS*HP*ENS_EDI*ZUG14932*20200203*2030*358868777*X*005010X221A1~ST*835*000000164~BPR*I*172.81*C*CHK************20200203~TRN*1*49230057*1362739571*000087726~REF*EV*B00099999800~DTM*405*20200202~N1*PR*UNITED HEALTHCARE INSURANCE COMPANY*XV*87726~N3*P.O. BOX 31350~N4*SALT LAKE CTY*UT*84131~REF*2U*87726~PER*CX*UNITEDHEALTHCARE INSURANCE COMPANY*TE*8778423210~PER*BL**UR*www.uhcprovider.com/en/contact-us.html~N1*PE*SPANISH PEAKS NEW ALTERNATIVES INC*XX*1508250911~N3*41 MONTEBELLO RD STE 116~N4*PUEBLO*CO*810011366~REF*TJ*841158933~LX*1~CLP*000100027573*1*261*172.81*1.03*16*EVC8318217200*11*1~NM1*QC*1*SCHAFFER*JENNIFER*A***MI*927130411~NM1*82*1*LUCAS*PEGGI****XX*1366419582~REF*1L*65025~REF*CE*UHC DUAL COMPLETE FULL DUAL~REF*EA*D9CCC406B8F44D4C8416BB24FEF91F~DTM*232*20200103~DTM*050*20200115~AMT*AU*177.35~SVC*HC:99204:25*205*165.33**1~DTM*472*20200103~CAS*CO*45*36.3**253*3.37~REF*6R*CPLQD55VDQ1D~AMT*B6*168.7~SVC*HC:96127*8*4.06**1~DTM*472*20200103~CAS*PR*2*1.03~CAS*CO*45*2.83**253*.08~REF*6R*CPLQYO2SJCHO~AMT*B6*5.17~SVC*HC:99408*44*0**1~DTM*472*20200103~CAS*PI*234*44~REF*6R*CPLQF92IG64U~LQ*HE*M80~SVC*HC:81002*4*3.42**1~DTM*472*20200103~CAS*CO*45*.52**253*.06~REF*6R*CPLQBDYCF2UO~AMT*B6*3.48~SE*47*000000164~GE*1*358868777~IEA*1*358868777~