ISA*00*          *00*          *ZZ*ENS_EDI        *ZZ*ZUG14932       *200203*2030*^*00501*358868777*1*P*:~GS*HP*ENS_EDI*ZUG14932*20200203*2030*358868777*X*005010X221A1~ST*835*000000135~BPR*I*204.23*C*CHK************20200203~TRN*1*49230055*1362739571*000087726~REF*EV*B00099999800~DTM*405*20200202~N1*PR*UNITED HEALTHCARE INSURANCE COMPANY*XV*87726~N3*P.O. BOX 31350~N4*SALT LAKE CTY*UT*84131~REF*2U*87726~PER*CX*UNITEDHEALTHCARE INSURANCE COMPANY*TE*8778423210~PER*BL**UR*www.uhcprovider.com/en/contact-us.html~N1*PE*SPANISH PEAKS NEW ALTERNATIVES*XX*1508250911~N3*41 MONTEBELLO RD STE 116~N4*PUEBLO*CO*810011366~REF*TJ*841158933~LX*1~CLP*000100027837*1*175*128.63**16*EVC8315656800*11*1~NM1*QC*1*HAMPTON*SANDY****MI*91362133300~NM1*74*1***L***C*913621333~NM1*82*1*CADDALI*ESTRELLA****XX*1164974580~REF*1L*65025~REF*CE*UHC DUAL COMPLETE FULL DUAL~REF*EA*6140700173814CBFA8A757AB939049~DTM*232*20200108~DTM*050*20200123~AMT*AU*131.25~SVC*HC:99396*175*128.63**1~DTM*472*20200108~CAS*CO*45*43.75**253*2.62~REF*6R*CPM6CJZX15AB~AMT*B6*131.25~CLP*000100028182*1*90*75.6**16*EVC8315656900*11*1~NM1*QC*1*THOMAS*WILLIAM*J***MI*902365471~NM1*82*1*CADDALI*ESTRELLA****XX*1164974580~REF*1L*65025~REF*CE*UHC DUAL COMPLETE FULL DUAL~REF*EA*27108731C77B4068B291FE4AA64B46~DTM*232*20200114~DTM*050*20200123~AMT*AU*77.14~SVC*HC:99213*90*75.6**1~DTM*472*20200114~CAS*CO*45*12.86**253*1.54~REF*6R*CPM6FZQL9O6I~AMT*B6*77.14~SE*46*000000135~GE*1*358868777~IEA*1*358868777~