ISA*00*          *00*          *ZZ*ENS_EDI        *ZZ*ZUG14932       *200203*2130*^*00501*358852846*1*P*:~GS*HP*ENS_EDI*ZUG14932*20200203*2130*358852846*X*005010X221A1~ST*835*000000006~BPR*I*579.52*C*CHK************20200203~TRN*1*49230056*1362739571*000087726~REF*EV*B00099999800~DTM*405*20200202~N1*PR*UNITED HEALTHCARE INSURANCE COMPANY*XV*87726~N3*P.O. BOX 31350~N4*SALT LAKE CTY*UT*84131~REF*2U*87726~PER*CX*UNITEDHEALTHCARE INSURANCE COMPANY*TE*8778423210~PER*BL**UR*www.uhcprovider.com/en/contact-us.html~N1*PE*SPANISH PEAKS NEW ALTERNATIVES*XX*1508250911~N3*41 MONTEBELLO RD STE 116~N4*PUEBLO*CO*810011366~REF*TJ*841158933~LX*1~CLP*000100027808*1*175*128.63**16*EVC8313131800*11*1~NM1*QC*1*BILEK*CHRISTINA*M***MI*967538638~NM1*82*1*HOOSHMAND PARSI*KAYKHSOROW****XX*1447291851~REF*1L*65025~REF*CE*UHC DUAL COMPLETE FULL DUAL~REF*EA*AA1F7D0EC7964BC582BD96DC872A5A~DTM*232*20200108~DTM*050*20200121~AMT*AU*131.25~SVC*HC:99396*175*128.63**1~DTM*472*20200108~CAS*CO*45*43.75**253*2.62~REF*6R*CPMMNFYF4UWF~AMT*B6*131.25~CLP*000100028172*1*90*75.6**16*EVC8315652000*11*1~NM1*QC*1*BILEK*CHRISTINA*M***MI*967538638~NM1*82*1*HOOSHMAND PARSI*KAYKHSOROW****XX*1447291851~REF*1L*65025~REF*CE*UHC DUAL COMPLETE FULL DUAL~REF*EA*CB8423FFDE514C2DA626A7CBC18A24~DTM*232*20200114~DTM*050*20200123~AMT*AU*77.14~SVC*HC:99213*90*75.6**1~DTM*472*20200114~CAS*CO*45*12.86**253*1.54~REF*6R*CPM6OUZU5EFE~AMT*B6*77.14~CLP*000100027931*1*213*152.13*3.52*16*EVC8315656700*11*1~NM1*QC*1*MAES*JUDY*A***MI*96843599300~NM1*74*1******C*968435993~NM1*82*1*HOOSHMAND PARSI*KAYKHSOROW****XX*1447291851~REF*1L*65025~REF*CE*UHC DUAL COMPLETE FULL DUAL~REF*EA*3ECE9E96B7824D1F96B29874A486D2~DTM*232*20200109~DTM*050*20200123~AMT*AU*158.75~SVC*HC:99397:25*189*138.33**1~DTM*472*20200109~CAS*CO*45*47.85**253*2.82~REF*6R*CPM6A38O5SRT~AMT*B6*141.15~SVC*HC:93000*24*13.8**1~DTM*472*20200109~CAS*PR*2*3.52~CAS*CO*45*6.4**253*.28~REF*6R*CPM6ASX21TX7~AMT*B6*17.6~CLP*000100027692*1*186*113.61*1.03*16*EVC8313131700*11*1~NM1*QC*1*RUSSELL*BILLY****MI*906199427~NM1*74*1***R~NM1*82*1*HOOSHMAND PARSI*KAYKHSOROW****XX*1447291851~REF*1L*65025~REF*CE*UHC DUAL COMPLETE FULL DUAL~REF*EA*14330E04D521415580CE130C8D8FE0~DTM*232*20200106~DTM*050*20200121~AMT*AU*116.95~SVC*HC:99214:25*134*109.55**1~DTM*472*20200106~CAS*CO*45*22.22**253*2.23~REF*6R*CPMMJ7ZPNABG~AMT*B6*111.78~SVC*HC:96127:59*8*4.06**1~DTM*472*20200106~CAS*PR*2*1.03~CAS*CO*45*2.83**253*.08~REF*6R*CPMMN6JML8DD~AMT*B6*5.17~SVC*HC:99408:59*44*0**1~DTM*472*20200106~CAS*CO*234*44~REF*6R*CPMMS8Z6FCRW~LQ*HE*M80~CLP*000100028084*1*134*109.55**16*EVC8315655500*11*1~NM1*QC*1*RUSSELL*BILLY****MI*906199427~NM1*74*1***R~NM1*82*1*HOOSHMAND PARSI*KAYKHSOROW****XX*1447291851~REF*1L*65025~REF*CE*UHC DUAL COMPLETE FULL DUAL~REF*EA*09BB14E0ABD04D1D9188ED75EAF58B~DTM*232*20200113~DTM*050*20200123~AMT*AU*111.78~SVC*HC:99214*134*109.55**1~DTM*472*20200113~CAS*CO*45*22.22**253*2.23~REF*6R*CPM68JTT76HJ~AMT*B6*111.78~SE*107*000000006~GE*1*358852846~IEA*1*358852846~