ISA*00*          *00*          *ZZ*ENS_EDI        *ZZ*ZUG14932       *200210*1930*^*00501*361399179*1*P*:~GS*HP*ENS_EDI*ZUG14932*20200210*1930*361399179*X*005010X221A1~ST*835*000000045~BPR*I*109.55*C*CHK************20200210~TRN*1*49292076*1362739571*000087726~REF*EV*B00099999800~DTM*405*20200209~N1*PR*UNITED HEALTHCARE INSURANCE COMPANY*XV*87726~N3*P.O. BOX 31350~N4*SALT LAKE CTY*UT*84131~REF*2U*87726~PER*CX*UNITEDHEALTHCARE INSURANCE COMPANY*TE*8778423210~PER*BL**UR*www.uhcprovider.com/en/contact-us.html~N1*PE*SPANISH PEAKS NEW ALTERNATIVES*XX*1508250911~N3*41 MONTEBELLO RD STE 116~N4*PUEBLO*CO*810011366~REF*TJ*841158933~LX*1~CLP*000100028357*1*134*109.55**16*EVC8320406600*11*1~NM1*QC*1*WINEGARNER*DANIEL*B***MI*9205508084~NM1*74*1******C*915024958~NM1*82*1*CADDALI*ESTRELLA****XX*1164974580~REF*1L*65025~REF*CE*UHC DUAL COMPLETE FULL DUAL~REF*EA*7837DDDE0A0447229CF1188593011D~DTM*232*20200116~DTM*050*20200128~AMT*AU*111.78~SVC*HC:99214*134*109.55**1~DTM*472*20200116~CAS*CO*45*22.22**253*2.23~REF*6R*CPM2OQ4O939V~AMT*B6*111.78~SE*32*000000045~GE*1*361399179~IEA*1*361399179~