ISA*00*          *00*          *ZZ*ENS_EDI        *ZZ*ZUG14932       *200210*2030*^*00501*361380411*1*P*:~GS*HP*ENS_EDI*ZUG14932*20200210*2030*361380411*X*005010X221A1~ST*835*000000098~BPR*I*109.55*C*CHK************20200210~TRN*1*49292078*1362739571*000087726~REF*EV*B00099999800~DTM*405*20200209~N1*PR*UNITED HEALTHCARE INSURANCE COMPANY*XV*87726~N3*P.O. BOX 31350~N4*SALT LAKE CTY*UT*84131~REF*2U*87726~PER*CX*UNITEDHEALTHCARE INSURANCE COMPANY*TE*8778423210~PER*BL**UR*www.uhcprovider.com/en/contact-us.html~N1*PE*SPANISH PEAKS NEW ALTERNATIVES*XX*1508250911~N3*41 MONTEBELLO RD STE 116~N4*PUEBLO*CO*810011366~REF*TJ*841158933~LX*1~CLP*000100028281*1*134*109.55**16*EVC8320406700*11*1~NM1*QC*1*QUINTANA*ALADINO****MI*915414261-00~NM1*74*1******C*915414261~NM1*82*1*LUCAS*PEGGI****XX*1366419582~REF*1L*65025~REF*CE*UHC DUAL COMPLETE FULL DUAL~REF*EA*20CD3709CCE3480699BF45632ADD22~DTM*232*20200115~DTM*050*20200128~AMT*AU*111.78~SVC*HC:99214*134*109.55**1~DTM*472*20200115~CAS*CO*45*22.22**253*2.23~REF*6R*CPM2G5DS1MA3~AMT*B6*111.78~SE*32*000000098~GE*1*361380411~IEA*1*361380411~