ISA*00*          *00*          *ZZ*ENS_EDI        *ZZ*ZUG14932       *200210*2030*^*00501*361380411*1*P*:~GS*HP*ENS_EDI*ZUG14932*20200210*2030*361380411*X*005010X221A1~ST*835*000000123~BPR*I*185.15*C*CHK************20200210~TRN*1*49292075*1362739571*000087726~REF*EV*B00099999800~DTM*405*20200209~N1*PR*UNITED HEALTHCARE INSURANCE COMPANY*XV*87726~N3*P.O. BOX 31350~N4*SALT LAKE CTY*UT*84131~REF*2U*87726~PER*CX*UNITEDHEALTHCARE INSURANCE COMPANY*TE*8778423210~PER*BL**UR*www.uhcprovider.com/en/contact-us.html~N1*PE*SPANISH PEAKS NEW ALTERNATIVES*XX*1508250911~N3*41 MONTEBELLO RD STE 116~N4*PUEBLO*CO*810011366~REF*TJ*841158933~LX*1~CLP*000100028632*1*90*75.6**16*EVC8323328400*11*1~NM1*QC*1*RUSSELL*BILLY****MI*906199427~NM1*74*1***R~NM1*82*1*GRONEMEYER*LEANNE****XX*1659521045~REF*1L*65025~REF*CE*UHC DUAL COMPLETE FULL DUAL~REF*EA*AC0162F368E2432EB1512F4BFE85A7~DTM*232*20200122~DTM*050*20200128~AMT*AU*77.14~SVC*HC:99213*90*75.6**1~DTM*472*20200122~CAS*CO*45*12.86**253*1.54~REF*6R*CPM2DTI2IUNB~AMT*B6*77.14~CLP*000100028365*1*134*109.55**16*EVC8320405500*11*1~NM1*QC*1*RUTHERFORD*ERIKA*L***MI*93113863300~NM1*74*1******C*931138633~NM1*82*1*GRONEMEYER*LEANNE****XX*1659521045~REF*1L*65025~REF*CE*UHC DUAL COMPLETE FULL DUAL~REF*EA*C52BD42CF38E4CE8BD63878415CC70~DTM*232*20200116~DTM*050*20200128~AMT*AU*111.78~SVC*HC:99214*134*109.55**1~DTM*472*20200116~CAS*CO*45*22.22**253*2.23~REF*6R*CPM2B2SP70R1~AMT*B6*111.78~SE*47*000000123~GE*1*361380411~IEA*1*361380411~