ISA*00*          *00*          *ZZ*ENS_EDI        *ZZ*ZUG14932       *200210*1930*^*00501*361399179*1*P*:~GS*HP*ENS_EDI*ZUG14932*20200210*1930*361399179*X*005010X221A1~ST*835*000000054~BPR*I*201.51*C*CHK************20200210~TRN*1*49292077*1362739571*000087726~REF*EV*B00099999800~DTM*405*20200209~N1*PR*UNITED HEALTHCARE INSURANCE COMPANY*XV*87726~N3*P.O. BOX 31350~N4*SALT LAKE CTY*UT*84131~REF*2U*87726~PER*CX*UNITEDHEALTHCARE INSURANCE COMPANY*TE*8778423210~PER*BL**UR*www.uhcprovider.com/en/contact-us.html~N1*PE*SPANISH PEAKS NEW ALTERNATIVES*XX*1508250911~N3*41 MONTEBELLO RD STE 116~N4*PUEBLO*CO*810011366~REF*TJ*841158933~LX*1~CLP*000100026319*1*32*16.8**16*EVC8320405300*11*1~NM1*QC*1*HALVERSON*SANDRA*L***MI*96169232300~NM1*74*1******C*961692323~NM1*82*1*HOOSHMAND PARSI*KAYKHSOROW****XX*1447291851~REF*1L*65025~REF*CE*UHC DUAL COMPLETE FULL DUAL~REF*EA*08D0443255BC4BF496DAEBF8C75F32~REF*F8*8279614400~DTM*232*20191205~DTM*050*20200128~AMT*AU*17.14~SVC*HC:G0008*32*16.8**1~DTM*472*20191205~CAS*CO*45*14.86**253*.34~REF*6R*CPM2TUMNCWVY~AMT*B6*17.14~CLP*000100028349*1*54*45.99**16*EVC8320405700*11*1~NM1*QC*1*LONGGREAR*CAROLINE*S***MI*961284624~NM1*82*1*HOOSHMAND PARSI*KAYKHSOROW****XX*1447291851~REF*1L*65025~REF*CE*UHC DUAL COMPLETE FULL DUAL~REF*EA*63303AE7402246C7BC2D3ED16B700C~DTM*232*20200116~DTM*050*20200128~AMT*AU*46.92~SVC*HC:99212*54*45.99**1~DTM*472*20200116~CAS*CO*45*7.08**253*.93~REF*6R*CPM2HYKL4CCA~AMT*B6*46.92~CLP*000100028188*1*241*138.72*4.55*16*EVC8320406300*11*1~NM1*QC*1*UPCHURCH*ARTICE*D***MI*946059250-00~NM1*74*1******C*946059250~NM1*82*1*HOOSHMAND PARSI*KAYKHSOROW****XX*1447291851~REF*1L*65025~REF*CE*UHC DUAL COMPLETE FULL DUAL~REF*EA*426D399BFB014FDF859E52817EB9C9~DTM*232*20200114~DTM*050*20200128~AMT*AU*146.09~SVC*HC:99395:25*165*120.86**1~DTM*472*20200114~CAS*CO*45*41.68**253*2.46~REF*6R*CPM2GOCLC77E~AMT*B6*123.32~SVC*HC:93000*24*13.8**1~DTM*472*20200114~CAS*PR*2*3.52~CAS*CO*45*6.4**253*.28~REF*6R*CPM2CO27CJ14~AMT*B6*17.6~SVC*HC:96127*8*4.06**1~DTM*472*20200114~CAS*PR*2*1.03~CAS*CO*45*2.83**253*.08~REF*6R*CPM2DSD1ELQY~AMT*B6*5.17~SVC*HC:99408*44*0**1~DTM*472*20200114~CAS*CO*96*44~REF*6R*CPM2409UMHAQ~LQ*HE*N174~SE*79*000000054~GE*1*361399179~IEA*1*361399179~