ISA*00*          *00*          *ZZ*ENS_EDI        *ZZ*ZUG14932       *200211*1930*^*00501*362166599*1*P*:~GS*HP*ENS_EDI*ZUG14932*20200211*1930*362166599*X*005010X221A1~ST*835*000000011~BPR*I*222.37*C*CHK************20200212~TRN*1*49307833*1362739571*000087726~REF*EV*B00099999800~DTM*405*20200211~N1*PR*UNITED HEALTHCARE INSURANCE COMPANY*XV*87726~N3*P.O. BOX 31350~N4*SALT LAKE CTY*UT*84131~REF*2U*87726~PER*CX*UNITEDHEALTHCARE INSURANCE COMPANY*TE*8778423210~PER*BL**UR*www.uhcprovider.com/en/contact-us.html~N1*PE*SPANISH PEAKS NEW ALTERNATIVES*XX*1508250911~N3*41 MONTEBELLO RD STE 116~N4*PUEBLO*CO*810011366~REF*TJ*841158933~LX*1~CLP*000100022340*1*134*109.16**16*EVC8323502900*11*1~NM1*QC*1*QUINTANA*ALADINO****MI*915414261-00~NM1*74*1***T***C*915414261~NM1*82*1*HOOSHMAND PARSI*KAYKHSOROW****XX*1447291851~REF*1L*65025~REF*CE*UHC DUAL COMPLETE FULL DUAL~REF*EA*CB0D7C85EF7246D6BC290F962FE479~DTM*232*20190913~DTM*050*20200131~AMT*AU*111.38~SVC*HC:99214*134*109.16**1~DTM*472*20190913~CAS*CO*45*22.62**253*2.22~REF*6R*CP2XHORZYCV5~AMT*B6*111.38~CLP*000100021639*1*197*113.21*1.1*16*EVC8323503000*11*1~NM1*QC*1*QUINTANA*ALADINO****MI*915414261-00~NM1*74*1***T***C*915414261~NM1*82*1*HOOSHMAND PARSI*KAYKHSOROW****XX*1447291851~REF*1L*65025~REF*CE*UHC DUAL COMPLETE FULL DUAL~REF*EA*78BB2106ACCE4DD992398CA4E3DAE9~DTM*232*20190827~DTM*050*20200131~AMT*AU*116.61~SVC*HC:99203:25*145*108.88**1~DTM*472*20190827~CAS*CO*45*33.9**253*2.22~REF*6R*CP2XFKW609Z2~AMT*B6*111.1~SVC*HC:96127:59*8*4.33**1~DTM*472*20190827~CAS*PR*2*1.1~CAS*CO*45*2.49**253*.08~REF*6R*CP2XDZIZNCA5~AMT*B6*5.51~SVC*HC:99408:59*44*0**1~DTM*472*20190827~CAS*CO*234*44~REF*6R*CP2X7FRQG8V8~LQ*HE*M80~SE*58*000000011~GE*1*362166599~IEA*1*362166599~