ISA*00*          *00*          *ZZ*ENS_EDI        *ZZ*ZUG14932       *200214*0130*^*00501*363714195*1*P*:~GS*HP*ENS_EDI*ZUG14932*20200214*0130*363714195*X*005010X221A1~ST*835*000000144~BPR*I*75.6*C*CHK************20200214~TRN*1*49324352*1362739571*000087726~REF*EV*B00099999800~DTM*405*20200213~N1*PR*UNITED HEALTHCARE INSURANCE COMPANY*XV*87726~N3*P.O. BOX 31362~N4*SALT LAKE CTY*UT*841310362~REF*2U*87726~PER*CX*UNITEDHEALTHCARE INSURANCE COMPANY*TE*8778423210~PER*BL**UR*www.uhcprovider.com/en/contact-us.html~N1*PE*SPANISH PEAKS NEW ALTERNATIVES*XX*1508250911~N3*41 MONTEBELLO RD STE 116~N4*PUEBLO*CO*810011366~REF*TJ*841158933~LX*1~CLP*000100028274*1*90*75.6**16*ATL0052890800*11*1~NM1*QC*1*YARBERRY*GAYNEE*M***MI*94865886100~NM1*74*1******C*948658861~NM1*82*1*HOOSHMAND PARSI*KAYKHSOROW****XX*1447291851~REF*1L*15626~REF*CE*CF&I VEBA~REF*EA*F7E62713F4AF42DBA418D94443F824~DTM*232*20200115~DTM*050*20200128~AMT*AU*77.14~SVC*HC:99213*90*75.6**1~DTM*472*20200115~CAS*CO*45*12.86**253*1.54~REF*6R*CPM2P5ECJDLH~AMT*B6*77.14~SE*32*000000144~GE*1*363714195~IEA*1*363714195~