ISA*00*          *00*          *ZZ*ENS_EDI        *ZZ*ZUG14932       *200214*0130*^*00501*363714195*1*P*:~GS*HP*ENS_EDI*ZUG14932*20200214*0130*363714195*X*005010X221A1~ST*835*000000001~BPR*I*109.55*C*CHK************20200214~TRN*1*49324351*1362739571*000087726~REF*EV*B00099999800~DTM*405*20200213~N1*PR*UNITED HEALTHCARE INSURANCE COMPANY*XV*87726~N3*P.O. BOX 31362~N4*SALT LAKE CTY*UT*841310362~REF*2U*87726~PER*CX*UNITEDHEALTHCARE INSURANCE COMPANY*TE*8778423210~PER*BL**UR*www.uhcprovider.com/en/contact-us.html~N1*PE*SPANISH PEAKS NEW ALTERNATIVES*XX*1508250911~N3*41 MONTEBELLO RD STE 116~N4*PUEBLO*CO*810011366~REF*TJ*841158933~LX*1~CLP*000100028099*1*134*109.55**16*ATL0052891200*11*1~NM1*QC*1*MITCHELL*BARBARA*J***MI*946586735-00~NM1*74*1******C*946586735~NM1*82*1*GRONEMEYER*LEANNE****XX*1659521045~REF*1L*15626~REF*CE*CF&I VEBA~REF*EA*13D934A99C1944AAA577880A46FA7B~DTM*232*20200113~DTM*050*20200128~AMT*AU*111.78~SVC*HC:99214*134*109.55**1~DTM*472*20200113~CAS*CO*45*22.22**253*2.23~REF*6R*CPM2VJASH6EN~AMT*B6*111.78~SE*32*000000001~GE*1*363714195~IEA*1*363714195~