ISA*00*          *00*          *ZZ*ENS_EDI        *ZZ*ZUG14932       *200217*2030*^*00501*364824094*1*P*:~GS*HP*ENS_EDI*ZUG14932*20200217*2030*364824094*X*005010X221A1~ST*835*000000147~BPR*I*408.31*C*CHK************20200217~TRN*1*49360060*1362739571*000087726~REF*EV*B00099999800~DTM*405*20200216~N1*PR*UNITED HEALTHCARE INSURANCE COMPANY*XV*87726~N3*P.O. BOX 31350~N4*SALT LAKE CTY*UT*84131~REF*2U*87726~PER*CX*UNITEDHEALTHCARE INSURANCE COMPANY*TE*8778423210~PER*BL**UR*www.uhcprovider.com/en/contact-us.html~N1*PE*SPANISH PEAKS NEW ALTERNATIVES*XX*1508250911~N3*41 MONTEBELLO RD STE 116~N4*PUEBLO*CO*810011366~REF*TJ*841158933~LX*1~CLP*000100028916*1*134*109.55**16*EVC8327835100*11*1~NM1*QC*1*MARTINEZ*MICHAEL*A***MI*975439713~NM1*74*1**MICHEAL~NM1*82*1*HOOSHMAND PARSI*KAYKHSOROW****XX*1447291851~REF*1L*65025~REF*CE*UHC DUAL COMPLETE FULL DUAL~REF*EA*4F2E9391705C4F749854D900C8E02D~DTM*232*20200127~DTM*050*20200204~AMT*AU*111.78~SVC*HC:99214*134*109.55**1~DTM*472*20200127~CAS*CO*45*22.22**253*2.23~REF*6R*CPUYUNJ17HF7~AMT*B6*111.78~CLP*000100029050*1*186*113.61*1.03*16*EVC8327835400*11*1~NM1*QC*1*MUNOZ*BERNADETTE****MI*917179730~NM1*82*1*HOOSHMAND PARSI*KAYKHSOROW****XX*1447291851~REF*1L*65025~REF*CE*UHC DUAL COMPLETE FULL DUAL~REF*EA*9D3776DD194D401695D56D021F5D56~DTM*232*20200129~DTM*050*20200204~AMT*AU*116.95~SVC*HC:99214:25*134*109.55**1~DTM*472*20200129~CAS*CO*45*22.22**253*2.23~REF*6R*CPUYPSG6FN79~AMT*B6*111.78~SVC*HC:99408*44*0**1~DTM*472*20200129~CAS*CO*234*44~REF*6R*CPUYTRPXPB90~LQ*HE*M80~SVC*HC:96127*8*4.06**1~DTM*472*20200129~CAS*PR*2*1.03~CAS*CO*45*2.83**253*.08~REF*6R*CPUYBOGUWH3E~AMT*B6*5.17~CLP*000100027644*1*134*109.55**16*EVC8327835500*11*1~NM1*QC*1*ORTIZ*DEBORAH*M***MI*902905287~NM1*82*1*HOOSHMAND PARSI*KAYKHSOROW****XX*1447291851~REF*1L*65025~REF*CE*UHC DUAL COMPLETE FULL DUAL~REF*EA*3C90929858BD43A5B6F3EF6D71053A~DTM*232*20200106~DTM*050*20200204~AMT*AU*111.78~SVC*HC:99214*134*109.55**1~DTM*472*20200106~CAS*CO*45*22.22**253*2.23~REF*6R*CPUYXY4UE29K~AMT*B6*111.78~CLP*000100028064*1*90*75.6**16*EVC8327835600*11*1~NM1*QC*1*ORTIZ*DEBORAH*M***MI*902905287~NM1*82*1*HOOSHMAND PARSI*KAYKHSOROW****XX*1447291851~REF*1L*65025~REF*CE*UHC DUAL COMPLETE FULL DUAL~REF*EA*C6A023403E1C4168BB6FD746D22D85~DTM*232*20200113~DTM*050*20200204~AMT*AU*77.14~SVC*HC:99213*90*75.6**1~DTM*472*20200113~CAS*CO*45*12.86**253*1.54~REF*6R*CPUY9NVHN5TF~AMT*B6*77.14~SE*85*000000147~GE*1*364824094~IEA*1*364824094~