ISA*00*          *00*          *ZZ*ENS_EDI        *ZZ*ZUG14932       *200217*2030*^*00501*364824094*1*P*:~GS*HP*ENS_EDI*ZUG14932*20200217*2030*364824094*X*005010X221A1~ST*835*000000155~BPR*I*112.52*C*CHK************20200217~TRN*1*49360059*1362739571*000087726~REF*EV*B00099999800~DTM*405*20200216~N1*PR*UNITED HEALTHCARE INSURANCE COMPANY*XV*87726~N3*P.O. BOX 31350~N4*SALT LAKE CTY*UT*84131~REF*2U*87726~PER*CX*UNITEDHEALTHCARE INSURANCE COMPANY*TE*8778423210~PER*BL**UR*www.uhcprovider.com/en/contact-us.html~N1*PE*SPANISH PEAKS NEW ALTERNATIVES*XX*1508250911~N3*41 MONTEBELLO RD STE 116~N4*PUEBLO*CO*810011366~REF*TJ*841158933~LX*1~CLP*000100028650*1*197*112.52*1.03*16*EVC8327835300*11*1~NM1*QC*1*ZALINGER*STEPHEN****MI*938213220-00~NM1*74*1***H***C*938213220~NM1*82*1*CADDALI*ESTRELLA****XX*1164974580~REF*1L*65025~REF*CE*UHC DUAL COMPLETE FULL DUAL~REF*EA*7E6ECECE255C42A09F4B12B2CEB85F~DTM*232*20200122~DTM*050*20200204~AMT*AU*115.84~SVC*HC:99203:25*145*108.46**1~DTM*472*20200122~CAS*CO*45*34.33**253*2.21~REF*6R*CPUY8QJ2E8QN~AMT*B6*110.67~SVC*HC:96127*8*4.06**1~DTM*472*20200122~CAS*PR*2*1.03~CAS*CO*45*2.83**253*.08~REF*6R*CPUYGP3PTNQ0~AMT*B6*5.17~SVC*HC:99408*44*0**1~DTM*472*20200122~CAS*CO*234*44~REF*6R*CPUYYMMRES7B~LQ*HE*M80~SE*43*000000155~GE*1*364824094~IEA*1*364824094~