ISA*00*          *00*          *ZZ*ENS_EDI        *ZZ*ZUG14932       *200217*2030*^*00501*364824094*1*P*:~GS*HP*ENS_EDI*ZUG14932*20200217*2030*364824094*X*005010X221A1~ST*835*000000004~BPR*I*109.55*C*CHK************20200217~TRN*1*49360061*1362739571*000087726~REF*EV*B00099999800~DTM*405*20200216~N1*PR*UNITED HEALTHCARE INSURANCE COMPANY*XV*87726~N3*P.O. BOX 31350~N4*SALT LAKE CTY*UT*84131~REF*2U*87726~PER*CX*UNITEDHEALTHCARE INSURANCE COMPANY*TE*8778423210~PER*BL**UR*www.uhcprovider.com/en/contact-us.html~N1*PE*SPANISH PEAKS NEW ALTERNATIVES*XX*1508250911~N3*41 MONTEBELLO RD STE 116~N4*PUEBLO*CO*810011366~REF*TJ*841158933~LX*1~CLP*000100028501*1*134*109.55**16*EVC8331666900*11*1~NM1*QC*1*ORTIZ*DEBORAH*M***MI*902905287~NM1*82*1*LUCAS*PEGGI****XX*1366419582~REF*1L*65025~REF*CE*UHC DUAL COMPLETE FULL DUAL~REF*EA*7E025B06CEFA4B69A139D316022815~DTM*232*20200121~DTM*050*20200204~AMT*AU*111.78~SVC*HC:99214*134*109.55**1~DTM*472*20200121~CAS*CO*45*22.22**253*2.23~REF*6R*CPUYK3X93DAU~AMT*B6*111.78~SE*31*000000004~GE*1*364824094~IEA*1*364824094~