ISA*00*          *00*          *ZZ*ENS_EDI        *ZZ*ZUG14932       *200218*2030*^*00501*365333650*1*P*:~GS*HP*ENS_EDI*ZUG14932*20200218*2030*365333650*X*005010X221A1~ST*835*000000027~BPR*I*152.28*C*CHK************20200219~TRN*1*49376791*1362739571*000087726~REF*EV*B00099999800~DTM*405*20200218~N1*PR*UNITED HEALTHCARE INSURANCE COMPANY*XV*87726~N3*P.O. BOX 31350~N4*SALT LAKE CTY*UT*84131~REF*2U*87726~PER*CX*UNITEDHEALTHCARE INSURANCE COMPANY*TE*8778423210~PER*BL**UR*www.uhcprovider.com/en/contact-us.html~N1*PE*SPANISH PEAKS NEW ALTERNATIVES*XX*1508250911~N3*41 MONTEBELLO RD STE 116~N4*PUEBLO*CO*810011366~REF*TJ*841158933~LX*1~CLP*000100028402*1*241*152.28*.2*16*EVC8338728900*11*1~NM1*QC*1*SCHAFFER*JENNIFER*A***MI*927130411~NM1*82*1*LUCAS*PEGGI****XX*1366419582~REF*1L*65025~REF*CE*UHC DUAL COMPLETE FULL DUAL~REF*EA*D9795A3B061348DC863422DC2841A4~DTM*232*20200117~DTM*050*20200204~AMT*AU*155.57~SVC*HC:99214:25*134*109.55**1~DTM*472*20200117~CAS*CO*45*22.22**253*2.23~REF*6R*CPUY4IVGYLH2~AMT*B6*111.78~SVC*HC:96372*32*14.37**1~DTM*472*20200117~CAS*CO*45*17.34**253*.29~REF*6R*CPUYCCCCLLRI~AMT*B6*14.66~SVC*HC:J1885*5*.79**2*N4:53225365501~DTM*472*20200117~CAS*PR*2*.2~CAS*CO*45*4**253*.01~REF*6R*CPUYWXTPN9H2~AMT*B6*1~SVC*HC:90471*35*0**1~DTM*472*20200117~CAS*CO*16*35~REF*6R*CPUY85NIKRAF~LQ*HE*N56~SVC*HC:90674*35*27.57**1*N4:70461031904~DTM*472*20200117~CAS*CO*45*6.87**253*.56~REF*6R*CPUYGM0YRDFW~AMT*B6*28.13~SE*52*000000027~GE*1*365333650~IEA*1*365333650~