ISA*00*          *00*          *ZZ*ENS_EDI        *ZZ*ZUG14932       *200221*1930*^*00501*366540960*1*P*:~GS*HP*ENS_EDI*ZUG14932*20200221*1930*366540960*X*005010X221A1~ST*835*000000138~BPR*I*108.46*C*CHK************20200222~TRN*1*49408087*1362739571*000087726~REF*EV*B00099999800~DTM*405*20200221~N1*PR*UNITED HEALTHCARE INSURANCE COMPANY*XV*87726~N3*P.O.BOX 31362~N4*SALT LAKE CTY*UT*841310362~REF*2U*87726~PER*CX*UNITEDHEALTHCARE INSURANCE COMPANY*TE*8778423210~PER*BL**UR*www.uhcprovider.com/en/contact-us.html~N1*PE*SPANISH PEAKS NEW ALTERNATIVES*XX*1508250911~N3*41 MONTEBELLO RD STE 116~N4*PUEBLO*CO*810011366~REF*TJ*841158933~LX*1~CLP*000100028320*1*197*108.46*5.17*16*NTL6146294100*11*1~NM1*QC*1*BRENNER*DIANA*M***MI*91855022700~NM1*74*1******C*918550227~NM1*82*1*CADDALI*ESTRELLA****XX*1164974580~REF*1L*72756~REF*CE*AARP MCADVANTAGE WALGREENS PL1~REF*EA*EB185E03A5314086BD18958FF6A50C~DTM*232*20200116~DTM*050*20200128~AMT*AU*115.84~SVC*HC:99203:25*145*108.46**1~DTM*472*20200116~CAS*CO*45*34.33**253*2.21~REF*6R*CPM25C90BR1J~AMT*B6*110.67~SVC*HC:96127*8*0**1~DTM*472*20200116~CAS*PR*3*5.17~CAS*CO*45*2.83~REF*6R*CPM2KVBSI1IO~AMT*B6*5.17~SVC*HC:99408*44*0**1~DTM*472*20200116~CAS*CO*234*44~REF*6R*CPM2ZSVA1X0E~LQ*HE*M80~SE*43*000000138~GE*1*366540960~IEA*1*366540960~