ISA*00*          *00*          *ZZ*ENS_EDI        *ZZ*ZUG14932       *200224*2030*^*00501*367397975*1*P*:~GS*HP*ENS_EDI*ZUG14932*20200224*2030*367397975*X*005010X221A1~ST*835*000000146~BPR*I*393.44*C*CHK************20200224~TRN*1*49430210*1362739571*000087726~REF*EV*B00099999800~DTM*405*20200223~N1*PR*UNITED HEALTHCARE INSURANCE COMPANY*XV*87726~N3*P.O. BOX 31350~N4*SALT LAKE CTY*UT*84131~REF*2U*87726~PER*CX*UNITEDHEALTHCARE INSURANCE COMPANY*TE*8778423210~PER*BL**UR*www.uhcprovider.com/en/contact-us.html~N1*PE*SPANISH PEAKS NEW ALTERNATIVES*XX*1508250911~N3*41 MONTEBELLO RD STE 116~N4*PUEBLO*CO*810011366~REF*TJ*841158933~LX*1~CLP*000100028966*1*134*109.55**16*EVC8338310600*11*1~NM1*QC*1*BILEK*CHRISTINA*M***MI*967538638~NM1*82*1*CADDALI*ESTRELLA****XX*1164974580~REF*1L*65025~REF*CE*UHC DUAL COMPLETE FULL DUAL~REF*EA*E6B47092FFE5402191EABBF107B25C~DTM*232*20200128~DTM*050*20200212~AMT*AU*111.78~SVC*HC:99214*134*109.55**1~DTM*472*20200128~CAS*CO*45*22.22**253*2.23~REF*6R*CPVEYP8ZBQ0S~AMT*B6*111.78~CLP*000100029060*1*90*75.6**16*EVC8338310700*11*1~NM1*QC*1*MADRID*JOEY****MI*91321330800~NM1*74*1******C*913213308~NM1*82*1*CADDALI*ESTRELLA****XX*1164974580~REF*1L*65025~REF*CE*UHC DUAL COMPLETE FULL DUAL~REF*EA*1BFF3D49E1D54A74AC1B4D45B91C4E~DTM*232*20200129~DTM*050*20200212~AMT*AU*77.14~SVC*HC:99213*90*75.6**1~DTM*472*20200129~CAS*CO*45*12.86**253*1.54~REF*6R*CPVEZ4YF7QCL~AMT*B6*77.14~CLP*000100029153*1*227*132.69*1.03*16*EVC8338310900*11*1~NM1*QC*1*VIGIL YOUNG*KAREN*J***MI*926332188-00~NM1*74*1******C*926332188~NM1*82*1*CADDALI*ESTRELLA****XX*1164974580~REF*1L*65025~REF*CE*UHC DUAL COMPLETE FULL DUAL~REF*EA*9ADEEDA041D94CEC83B652D726F0CD~DTM*232*20200130~DTM*050*20200212~AMT*AU*136.42~SVC*HC:99396:25*175*128.63**1~DTM*472*20200130~CAS*CO*45*43.75**253*2.62~REF*6R*CPVEN05ULWXA~AMT*B6*131.25~SVC*HC:96127*8*4.06**1~DTM*472*20200130~CAS*PR*2*1.03~CAS*CO*45*2.83**253*.08~REF*6R*CPVENZ0FQ3O1~AMT*B6*5.17~SVC*HC:99408*44*0**1~DTM*472*20200130~CAS*CO*96*44~REF*6R*CPVECIBG2BA1~LQ*HE*N174~CLP*000100029172*1*90*75.6**16*EVC8338311100*11*1~NM1*QC*1*WINEGARNER*DANIEL*B***MI*9205508084~NM1*74*1******C*915024958~NM1*82*1*CADDALI*ESTRELLA****XX*1164974580~REF*1L*65025~REF*CE*UHC DUAL COMPLETE FULL DUAL~REF*EA*18BB931FBC0B49AC9A9BABA66DE639~DTM*232*20200130~DTM*050*20200212~AMT*AU*77.14~SVC*HC:99213*90*75.6**1~DTM*472*20200130~CAS*CO*45*12.86**253*1.54~REF*6R*CPVEHMFHH5FG~AMT*B6*77.14~SE*87*000000146~GE*1*367397975~IEA*1*367397975~