ISA*00*          *00*          *ZZ*ENS_EDI        *ZZ*ZUG14932       *200224*2030*^*00501*367397975*1*P*:~GS*HP*ENS_EDI*ZUG14932*20200224*2030*367397975*X*005010X221A1~ST*835*000000033~BPR*I*293.63*C*CHK************20200224~TRN*1*49430211*1362739571*000087726~REF*EV*B00099999800~DTM*405*20200223~N1*PR*UNITED HEALTHCARE INSURANCE COMPANY*XV*87726~N3*P.O. BOX 31350~N4*SALT LAKE CTY*UT*84131~REF*2U*87726~PER*CX*UNITEDHEALTHCARE INSURANCE COMPANY*TE*8778423210~PER*BL**UR*www.uhcprovider.com/en/contact-us.html~N1*PE*SPANISH PEAKS NEW ALTERNATIVES*XX*1508250911~N3*41 MONTEBELLO RD STE 116~N4*PUEBLO*CO*810011366~REF*TJ*841158933~LX*1~CLP*000100029044*1*90*75.6**16*EVC8338311200*11*1~NM1*QC*1*FLIPPIN*JASON*M***MI*97861082800~NM1*74*1******C*978610828~NM1*82*1*HOOSHMAND PARSI*KAYKHSOROW****XX*1447291851~REF*1L*65025~REF*CE*UHC DUAL COMPLETE FULL DUAL~REF*EA*E352DB05A540487DBF4C7F0A1B9385~DTM*232*20200129~DTM*050*20200212~AMT*AU*77.14~SVC*HC:99213*90*75.6**1~DTM*472*20200129~CAS*CO*45*12.86**253*1.54~REF*6R*CPVEWZ5C0OUA~AMT*B6*77.14~CLP*000100029114*1*90*75.6**16*EVC8338311000*11*1~NM1*QC*1*LISH*SCOTT*L***MI*955669092~NM1*82*1*HOOSHMAND PARSI*KAYKHSOROW****XX*1447291851~REF*1L*65025~REF*CE*UHC DUAL COMPLETE FULL DUAL~REF*EA*365D383274FB4EB7B539E2D3CE34BE~DTM*232*20200130~DTM*050*20200212~AMT*AU*77.14~SVC*HC:99213*90*75.6**1~DTM*472*20200130~CAS*CO*45*12.86**253*1.54~REF*6R*CPVE3AH74LMX~AMT*B6*77.14~CLP*000100028832*1*199*142.43*3.52*16*EVC8338310800*11*1~NM1*QC*1*WHITNEY*CHARLOTTE****MI*92827244500~NM1*74*1******C*928272445~NM1*82*1*HOOSHMAND PARSI*KAYKHSOROW****XX*1447291851~REF*1L*65025~REF*CE*UHC DUAL COMPLETE FULL DUAL~REF*EA*8648C09B7D814F44B00458F83D181D~DTM*232*20200127~DTM*050*20200212~AMT*AU*148.85~SVC*HC:99396:25*175*128.63**1~DTM*472*20200127~CAS*CO*45*43.75**253*2.62~REF*6R*CPVECKEAJ5BX~AMT*B6*131.25~SVC*HC:93000*24*13.8**1~DTM*472*20200127~CAS*PR*2*3.52~CAS*CO*45*6.4**253*.28~REF*6R*CPVE0R3ER1S5~AMT*B6*17.6~SE*67*000000033~GE*1*367397975~IEA*1*367397975~