ISA*00*          *00*          *ZZ*ENS_EDI        *ZZ*ZUG14932       *200225*1930*^*00501*367740735*0*P*:~GS*HP*ENS_EDI*ZUG14932*20200225*1930*367740735*X*005010X221A1~ST*835*000000341~BPR*I*525.41*C*CHK************20200226~TRN*1*49446221*1362739571*000087726~REF*EV*B00099999800~DTM*405*20200225~N1*PR*UNITED HEALTHCARE INSURANCE COMPANY*XV*87726~N3*P.O. BOX 31350~N4*SALT LAKE CTY*UT*84131~REF*2U*87726~PER*CX*UNITEDHEALTHCARE INSURANCE COMPANY*TE*8778423210~PER*BL**UR*www.uhcprovider.com/en/contact-us.html~N1*PE*SPANISH PEAKS NEW ALTERNATIVES*XX*1508250911~N3*41 MONTEBELLO RD STE 116~N4*PUEBLO*CO*810011366~REF*TJ*841158933~LX*1~CLP*000100028938*1*90*75.6**16*EVC8340791000*11*1~NM1*QC*1*BROWN*AMANDA*J***MI*92160331000~NM1*74*1******C*921603310~NM1*82*1*HOOSHMAND PARSI*KAYKHSOROW****XX*1447291851~REF*1L*65025~REF*CE*UHC DUAL COMPLETE FULL DUAL~REF*EA*C10BF031D5994623868477866F7615~DTM*232*20200128~DTM*050*20200214~AMT*AU*77.14~SVC*HC:99213*90*75.6**1~DTM*472*20200128~CAS*CO*45*12.86**253*1.54~REF*6R*CPVY465ZKJX2~AMT*B6*77.14~CLP*000100028835*1*352*223.01*1.03*16*EVC8340791300*11*1~NM1*QC*1*BROWN*AMANDA*J***MI*92160331000~NM1*74*1******C*921603310~NM1*82*1*HOOSHMAND PARSI*KAYKHSOROW****XX*1447291851~REF*1L*65025~REF*CE*UHC DUAL COMPLETE FULL DUAL~REF*EA*8C2D6FC54BD14804A3C894429B3258~DTM*232*20200127~DTM*050*20200214~AMT*AU*228.58~SVC*HC:99205:25*255*208.76**1~DTM*472*20200127~CAS*CO*45*41.98**253*4.26~REF*6R*CPVYQ6JFOL99~AMT*B6*213.02~SVC*HC:99415*45*10.19**1~DTM*472*20200127~CAS*CO*45*34.61**253*.2~REF*6R*CPVY088BJR3V~AMT*B6*10.39~SVC*HC:96127*8*4.06**1~DTM*472*20200127~CAS*PR*2*1.03~CAS*CO*45*2.83**253*.08~REF*6R*CPVYYVCUIJ3H~AMT*B6*5.17~SVC*HC:99408*44*0**1~DTM*472*20200127~CAS*CO*234*44~REF*6R*CPVYBHPYJ1BT~LQ*HE*M80~CLP*000100029004*1*90*75.6**16*EVC8340790700*11*1~NM1*QC*1*LONGGREAR*CAROLINE*S***MI*961284624~NM1*82*1*HOOSHMAND PARSI*KAYKHSOROW****XX*1447291851~REF*1L*65025~REF*CE*UHC DUAL COMPLETE FULL DUAL~REF*EA*8107B6B220844AC7A1AF5709C9F898~DTM*232*20200128~DTM*050*20200214~AMT*AU*77.14~SVC*HC:99213*90*75.6**1~DTM*472*20200128~CAS*CO*45*12.86**253*1.54~REF*6R*CPVYKY4PCSRG~AMT*B6*77.14~CLP*000100029109*1*90*75.6**16*EVC8340791200*11*1~NM1*QC*1*ORTIZ*DEBORAH*M***MI*902905287~NM1*82*1*HOOSHMAND PARSI*KAYKHSOROW****XX*1447291851~REF*1L*65025~REF*CE*UHC DUAL COMPLETE FULL DUAL~REF*EA*7F98AE4A10F64904BECA6D8EBC7784~DTM*232*20200130~DTM*050*20200214~AMT*AU*77.14~SVC*HC:99213*90*75.6**1~DTM*472*20200130~CAS*CO*45*12.86**253*1.54~REF*6R*CPVYQ1NVJ873~AMT*B6*77.14~CLP*000100028892*1*90*75.6**16*EVC8340790500*11*1~NM1*QC*1*RUSSELL*BILLY****MI*906199427~NM1*74*1***R~NM1*82*1*HOOSHMAND PARSI*KAYKHSOROW****XX*1447291851~REF*1L*65025~REF*CE*UHC DUAL COMPLETE FULL DUAL~REF*EA*80DAD7F09812441A9C1A4432C33D7B~DTM*232*20200127~DTM*050*20200214~AMT*AU*77.14~SVC*HC:99213*90*75.6**1~DTM*472*20200127~CAS*CO*45*12.86**253*1.54~REF*6R*CPVY4FIVLIN1~AMT*B6*77.14~SE*106*000000341~GE*1*367740735~IEA*1*367740735~