ISA*00*          *00*          *ZZ*ENS_EDI        *ZZ*ZUG14932       *200303*2030*^*00501*370211923*1*P*:~GS*HP*ENS_EDI*ZUG14932*20200303*2030*370211923*X*005010X221A1~ST*835*000000017~BPR*I*734.95*C*CHK************20200304~TRN*1*49519293*1362739571*000087726~REF*EV*B00099999800~DTM*405*20200303~N1*PR*UNITED HEALTHCARE INSURANCE COMPANY*XV*87726~N3*P.O. BOX 31350~N4*SALT LAKE CTY*UT*84131~REF*2U*87726~PER*CX*UNITEDHEALTHCARE INSURANCE COMPANY*TE*8778423210~PER*BL**UR*www.uhcprovider.com/en/contact-us.html~N1*PE*SPANISH PEAKS NEW ALTERNATIVES*XX*1508250911~N3*41 MONTEBELLO RD STE 116~N4*PUEBLO*CO*810011366~REF*TJ*841158933~LX*1~CLP*000100029752*1*90*75.6**16*EVC8349927200*11*1~NM1*QC*1*BILEK*CHRISTINA*M***MI*967538638~NM1*82*1*HOOSHMAND PARSI*KAYKHSOROW****XX*1447291851~REF*1L*65025~REF*CE*UHC DUAL COMPLETE FULL DUAL~REF*EA*DE312DAC6B9D4950B29C3FF3BF0E1B~DTM*232*20200211~DTM*050*20200221~AMT*AU*77.14~SVC*HC:99213*90*75.6**1~DTM*472*20200211~CAS*CO*45*12.86**253*1.54~REF*6R*CPWM05YOWTFJ~AMT*B6*77.14~CLP*000100029879*1*134*109.55**16*EVC8349928600*11*1~NM1*QC*1*BILEK*CHRISTINA*M***MI*967538638~NM1*82*1*HOOSHMAND PARSI*KAYKHSOROW****XX*1447291851~REF*1L*65025~REF*CE*UHC DUAL COMPLETE FULL DUAL~REF*EA*09B4388C5F4843F9951EAA69681F9C~DTM*232*20200213~DTM*050*20200221~AMT*AU*111.78~SVC*HC:99214*134*109.55**1~DTM*472*20200213~CAS*CO*45*22.22**253*2.23~REF*6R*CPWM4DHY8LSR~AMT*B6*111.78~CLP*000100029883*1*134*109.55**16*EVC8349927600*11*1~NM1*QC*1*MARTINEZ*MICHAEL*A***MI*975439713~NM1*74*1**MICHEAL~NM1*82*1*HOOSHMAND PARSI*KAYKHSOROW****XX*1447291851~REF*1L*65025~REF*CE*UHC DUAL COMPLETE FULL DUAL~REF*EA*6F9C3824B14A446DB7C6DB053BDF97~DTM*232*20200213~DTM*050*20200221~AMT*AU*111.78~SVC*HC:99214*134*109.55**1~DTM*472*20200213~CAS*CO*45*22.22**253*2.23~REF*6R*CPWMZU9O8T7D~AMT*B6*111.78~CLP*000100029889*1*134*109.55**16*EVC8349975200*11*1~NM1*QC*1*MUNOZ*BERNADETTE****MI*917179730~NM1*82*1*HOOSHMAND PARSI*KAYKHSOROW****XX*1447291851~REF*1L*65025~REF*CE*UHC DUAL COMPLETE FULL DUAL~REF*EA*DE5BC69B25D54FAFAF34BD50BDCE36~DTM*232*20200213~DTM*050*20200221~AMT*AU*111.78~SVC*HC:99214*134*109.55**1~DTM*472*20200213~CAS*CO*45*22.22**253*2.23~REF*6R*CPWMU0PPQ3DW~AMT*B6*111.78~CLP*000100029666*1*134*109.55**16*EVC8349929100*11*1~NM1*QC*1*ORTIZ*DEBORAH*M***MI*902905287~NM1*82*1*HOOSHMAND PARSI*KAYKHSOROW****XX*1447291851~REF*1L*65025~REF*CE*UHC DUAL COMPLETE FULL DUAL~REF*EA*88CCADDF3D9F4D029C8D4A5684CF25~DTM*232*20200210~DTM*050*20200221~AMT*AU*111.78~SVC*HC:99214*134*109.55**1~DTM*472*20200210~CAS*CO*45*22.22**253*2.23~REF*6R*CPWMKKDJOJI5~AMT*B6*111.78~CLP*000100029896*1*134*109.55**16*EVC8349928000*11*1~NM1*QC*1*RUCKER*MARITTA****MI*95175152900~NM1*74*1***A***C*951751529~NM1*82*1*HOOSHMAND PARSI*KAYKHSOROW****XX*1447291851~REF*1L*65025~REF*CE*UHC DUAL COMPLETE FULL DUAL~REF*EA*9126E0E7A0124B50B6FA985DF5BCE9~DTM*232*20200213~DTM*050*20200221~AMT*AU*111.78~SVC*HC:99214*134*109.55**1~DTM*472*20200213~CAS*CO*45*22.22**253*2.23~REF*6R*CPWM737TEMTD~AMT*B6*111.78~CLP*000100029690*1*138*111.6**16*EVC8349927500*11*1~NM1*QC*1*VANLOON*PAMELA****MI*967083958~NM1*74*1***A~NM1*82*1*HOOSHMAND PARSI*KAYKHSOROW****XX*1447291851~REF*1L*65025~REF*CE*UHC DUAL COMPLETE FULL DUAL~REF*EA*B38CB4EB55A54EBD9C852EE931477D~DTM*232*20200210~DTM*050*20200221~AMT*AU*113.87~SVC*HC:99214:25*134*109.55**1~DTM*472*20200210~CAS*CO*45*22.22**253*2.23~REF*6R*CPWMQF7G12VQ~AMT*B6*111.78~SVC*HC:81002*4*2.05**1~DTM*472*20200210~CAS*CO*45*1.91**253*.04~REF*6R*CPWMC064J23A~AMT*B6*2.09~SE*123*000000017~GE*1*370211923~IEA*1*370211923~