ISA*00*          *00*          *ZZ*ENS_EDI        *ZZ*ZUG14932       *200324*1930*^*00501*377346205*1*P*:~GS*HP*ENS_EDI*ZUG14932*20200324*1930*377346205*X*005010X221A1~ST*835*000000037~BPR*I*406.3*C*CHK************20200325~TRN*1*49741638*1362739571*000087726~REF*EV*B00099999800~DTM*405*20200324~N1*PR*UNITED HEALTHCARE INSURANCE COMPANY*XV*87726~N3*P.O. BOX 31350~N4*SALT LAKE CTY*UT*84131~REF*2U*87726~PER*CX*UNITEDHEALTHCARE INSURANCE COMPANY*TE*8778423210~PER*BL**UR*www.uhcprovider.com/en/contact-us.html~N1*PE*SPANISH PEAKS NEW ALTERNATIVES*XX*1508250911~N3*41 MONTEBELLO RD STE 116~N4*PUEBLO*CO*810011366~REF*TJ*841158933~LX*1~CLP*000100030689*1*134*109.55**16*EVC8373692100*11*1~NM1*QC*1*BILEK*CHRISTINA*M***MI*967538638~NM1*82*1*HOOSHMAND PARSI*KAYKHSOROW****XX*1447291851~REF*1L*65025~REF*CE*UHC DUAL COMPLETE FULL DUAL~REF*EA*1357E789631A44918C88010A32E8CC~DTM*232*20200227~DTM*050*20200313~AMT*AU*111.78~SVC*HC:99214*134*109.55**1~DTM*472*20200227~CAS*CO*45*22.22**253*2.23~REF*6R*CP56WDBRN4MX~AMT*B6*111.78~CLP*000100030537*1*90*75.6**16*EVC8373691400*11*1~NM1*QC*1*MUNOZ*BERNADETTE****MI*917179730~NM1*82*1*HOOSHMAND PARSI*KAYKHSOROW****XX*1447291851~REF*1L*65025~REF*CE*UHC DUAL COMPLETE FULL DUAL~REF*EA*0175FA6BA71A4AEAAB621AA139DFA9~DTM*232*20200226~DTM*050*20200313~AMT*AU*77.14~SVC*HC:99213*90*75.6**1~DTM*472*20200226~CAS*CO*45*12.86**253*1.54~REF*6R*CP567YUSZEIR~AMT*B6*77.14~CLP*000100030572*1*138*111.6**16*EVC8373691600*11*1~NM1*QC*1*VANLOON*PAMELA****MI*967083958~NM1*74*1***A~NM1*82*1*HOOSHMAND PARSI*KAYKHSOROW****XX*1447291851~REF*1L*65025~REF*CE*UHC DUAL COMPLETE FULL DUAL~REF*EA*46FC3049CED6454DAAE23D036701A8~DTM*232*20200226~DTM*050*20200313~AMT*AU*113.87~SVC*HC:99214:25*134*109.55**1~DTM*472*20200226~CAS*CO*45*22.22**253*2.23~REF*6R*CP568HECZQ9B~AMT*B6*111.78~SVC*HC:81002*4*2.05**1~DTM*472*20200226~CAS*CO*45*1.91**253*.04~REF*6R*CP56QRI7E1C9~AMT*B6*2.09~CLP*000100030641*1*134*109.55**16*EVC8373884400*11*1~NM1*QC*1*WHITNEY*CHARLOTTE****MI*92827244500~NM1*74*1******C*928272445~NM1*82*1*HOOSHMAND PARSI*KAYKHSOROW****XX*1447291851~REF*1L*65025~REF*CE*UHC DUAL COMPLETE FULL DUAL~REF*EA*54DE2C42F52A4D749868DEAF0AEBA4~DTM*232*20200227~DTM*050*20200313~AMT*AU*111.78~SVC*HC:99214*134*109.55**1~DTM*472*20200227~CAS*CO*45*22.22**253*2.23~REF*6R*CP56526U5H6F~AMT*B6*111.78~SE*80*000000037~GE*1*377346205~IEA*1*377346205~