ISA*00*          *00*          *ZZ*ENS_EDI        *ZZ*ZUG14932       *200330*2030*^*00501*379291332*1*P*:~GS*HP*ENS_EDI*ZUG14932*20200330*2030*379291332*X*005010X221A1~ST*835*000000023~BPR*I*638.75*C*CHK************20200330~TRN*1*49800381*1362739571*000087726~REF*EV*B00099999800~DTM*405*20200329~N1*PR*UNITED HEALTHCARE INSURANCE COMPANY*XV*87726~N3*P.O. BOX 31350~N4*SALT LAKE CTY*UT*84131~REF*2U*87726~PER*CX*UNITEDHEALTHCARE INSURANCE COMPANY*TE*8778423210~PER*BL**UR*www.uhcprovider.com/en/contact-us.html~N1*PE*SPANISH PEAKS NEW ALTERNATIVES*XX*1508250911~N3*41 MONTEBELLO RD STE 116~N4*PUEBLO*CO*810011366~REF*TJ*841158933~LX*1~CLP*000100031287*1*90*75.6**16*EVC8378288800*11*1~NM1*QC*1*BILEK*CHRISTINA*M***MI*967538638~NM1*82*1*HOOSHMAND PARSI*KAYKHSOROW****XX*1447291851~REF*1L*65025~REF*CE*UHC DUAL COMPLETE FULL DUAL~REF*EA*719F101217CC46FA9DB2FE3C6B183A~DTM*232*20200310~DTM*050*20200318~AMT*AU*77.14~SVC*HC:99213*90*75.6**1~DTM*472*20200310~CAS*CO*45*12.86**253*1.54~REF*6R*CP5AWV28SP1K~AMT*B6*77.14~CLP*000100031442*1*134*109.55**16*EVC8378291500*11*1~NM1*QC*1*LONGGREAR*CAROLINE*S***MI*961284624~NM1*82*1*HOOSHMAND PARSI*KAYKHSOROW****XX*1447291851~REF*1L*65025~REF*CE*UHC DUAL COMPLETE FULL DUAL~REF*EA*D7F86B87F674413595E1A9259D34DB~DTM*232*20200312~DTM*050*20200318~AMT*AU*111.78~SVC*HC:99214*134*109.55**1~DTM*472*20200312~CAS*CO*45*22.22**253*2.23~REF*6R*CP5A7ZTRPY45~AMT*B6*111.78~CLP*000100031172*1*90*75.6**16*EVC8378290700*11*1~NM1*QC*1*ORTIZ*DEBORAH*M***MI*902905287~NM1*82*1*HOOSHMAND PARSI*KAYKHSOROW****XX*1447291851~REF*1L*65025~REF*CE*UHC DUAL COMPLETE FULL DUAL~REF*EA*E4EF7B672FC949A1BAADFD532417EE~DTM*232*20200309~DTM*050*20200318~AMT*AU*77.14~SVC*HC:99213*90*75.6**1~DTM*472*20200309~CAS*CO*45*12.86**253*1.54~REF*6R*CP5A8WDXC9RL~AMT*B6*77.14~CLP*000100031563*1*90*75.6**16*EVC8378291200*11*1~NM1*QC*1*RUSSELL*BILLY****MI*906199427~NM1*74*1***R~NM1*82*1*HOOSHMAND PARSI*KAYKHSOROW****XX*1447291851~REF*1L*65025~REF*CE*UHC DUAL COMPLETE FULL DUAL~REF*EA*3DD36E3ED14C4CF099B80E4288B812~DTM*232*20200316~DTM*050*20200318~AMT*AU*77.14~SVC*HC:99213*90*75.6**1~DTM*472*20200316~CAS*CO*45*12.86**253*1.54~REF*6R*CP5AT4T7IR9K~AMT*B6*77.14~CLP*000100031359*1*90*75.6**16*EVC8378291300*11*1~NM1*QC*1*RUSSELL*BILLY****MI*906199427~NM1*74*1***R~NM1*82*1*HOOSHMAND PARSI*KAYKHSOROW****XX*1447291851~REF*1L*65025~REF*CE*UHC DUAL COMPLETE FULL DUAL~REF*EA*C9D00D9D4FAB42A6B2AEE3ACD12859~DTM*232*20200311~DTM*050*20200318~AMT*AU*77.14~SVC*HC:99213*90*75.6**1~DTM*472*20200311~CAS*CO*45*12.86**253*1.54~REF*6R*CP5AYPF9RUTV~AMT*B6*77.14~CLP*000100031253*1*90*75.6**16*EVC8378292800*11*1~NM1*QC*1*RUSSELL*BILLY****MI*906199427~NM1*74*1***R~NM1*82*1*HOOSHMAND PARSI*KAYKHSOROW****XX*1447291851~REF*1L*65025~REF*CE*UHC DUAL COMPLETE FULL DUAL~REF*EA*0BAB96FD43304DCDA7D7CE30EE8065~DTM*232*20200310~DTM*050*20200318~AMT*AU*77.14~SVC*HC:99213*90*75.6**1~DTM*472*20200310~CAS*CO*45*12.86**253*1.54~REF*6R*CP5ALDI9L4YE~AMT*B6*77.14~CLP*000100030783*1*90*75.6**16*EVC8378292900*11*1~NM1*QC*1*RUSSELL*BILLY****MI*906199427~NM1*74*1***R~NM1*82*1*HOOSHMAND PARSI*KAYKHSOROW****XX*1447291851~REF*1L*65025~REF*CE*UHC DUAL COMPLETE FULL DUAL~REF*EA*85BA383313A1455D903430DA97736F~DTM*232*20200302~DTM*050*20200318~AMT*AU*77.14~SVC*HC:99213*90*75.6**1~DTM*472*20200302~CAS*CO*45*12.86**253*1.54~REF*6R*CP5ATYDFHPJ3~AMT*B6*77.14~CLP*000100031035*1*90*75.6**16*EVC8378291100*11*1~NM1*QC*1*VANLOON*PAMELA****MI*967083958~NM1*74*1***A~NM1*82*1*HOOSHMAND PARSI*KAYKHSOROW****XX*1447291851~REF*1L*65025~REF*CE*UHC DUAL COMPLETE FULL DUAL~REF*EA*3E7BB7A3CF634CE8A579CE9552D64D~DTM*232*20200305~DTM*050*20200318~AMT*AU*77.14~SVC*HC:99213*90*75.6**1~DTM*472*20200305~CAS*CO*45*12.86**253*1.54~REF*6R*CP5ATVTWAFG2~AMT*B6*77.14~SE*134*000000023~GE*1*379291332~IEA*1*379291332~