ISA*00*          *00*          *ZZ*ENS_EDI        *ZZ*ZUG14932       *200417*1830*^*00501*385304524*0*P*:~GS*HP*ENS_EDI*ZUG14932*20200417*1830*385304524*X*005010X221A1~ST*835*000000069~BPR*I*128.85*C*CHK************20200418~TRN*1*50008075*1362739571*000087726~REF*EV*B00099999800~DTM*405*20200417~N1*PR*UNITED HEALTHCARE INSURANCE COMPANY*XV*87726~N3*P.O. BOX 31350~N4*SALT LAKE CTY*UT*84131~REF*2U*87726~PER*CX*UNITEDHEALTHCARE INSURANCE COMPANY*TE*8778423210~PER*BL**UR*www.uhcprovider.com/en/contact-us.html~N1*PE*SPANISH PEAKS NEW ALTERNATIVES*XX*1508250911~N3*41 MONTEBELLO RD STE 116~N4*PUEBLO*CO*810011366~REF*TJ*841158933~LX*1~CLP*000100032470*1*178.3*51.48**16*EVC0016908700*02*1~NM1*QC*1*PHILLIPS*DANNY****MI*924705262~NM1*82*1*HOOSHMAND PARSI*KAYKHSOROW****XX*1447291851~REF*1L*65025~REF*CE*UHC DUAL COMPLETE FULL DUAL~REF*EA*A3400004C2A3411498F9ADB397B2AB~DTM*232*20200331~DTM*050*20200407~AMT*AU*52.53~SVC*HC:99213*178.3*51.48**1~DTM*472*20200331~CAS*CO*45*125.77**253*1.05~REF*6R*CPEADS8SRL8F~AMT*B6*52.53~CLP*000100032373*1*88.54*25.89**16*EVC0016908800*02*1~NM1*QC*1*RUSSELL*BILLY****MI*906199427~NM1*74*1***R~NM1*82*1*HOOSHMAND PARSI*KAYKHSOROW****XX*1447291851~REF*1L*65025~REF*CE*UHC DUAL COMPLETE FULL DUAL~REF*EA*AD623E8E3FAC4F1BAD2EE9170AB764~DTM*232*20200330~DTM*050*20200407~AMT*AU*26.41~SVC*HC:99212*88.54*25.89**1~DTM*472*20200330~CAS*CO*45*62.13**253*.52~REF*6R*CPEA8BZZ3KR9~AMT*B6*26.41~CLP*000100032252*1*178.3*51.48**16*EVC0016908600*02*1~NM1*QC*1*VANLOON*PAMELA****MI*967083958~NM1*74*1***A~NM1*82*1*HOOSHMAND PARSI*KAYKHSOROW****XX*1447291851~REF*1L*65025~REF*CE*UHC DUAL COMPLETE FULL DUAL~REF*EA*3B02EE47B98543F68D50D58C888863~DTM*232*20200326~DTM*050*20200407~AMT*AU*52.53~SVC*HC:99213*178.3*51.48**1~DTM*472*20200326~CAS*CO*45*125.77**253*1.05~REF*6R*CPEA9CNB602M~AMT*B6*52.53~SE*61*000000069~GE*1*385304524~IEA*1*385304524~