ISA*00*          *00*          *ZZ*ENS_EDI        *ZZ*ZUG14932       *200501*1830*^*00501*389003891*0*P*:~GS*HP*ENS_EDI*ZUG14932*20200501*1830*389003891*X*005010X221A1~ST*835*000000048~BPR*I*312.9*C*CHK************20200502~TRN*1*50106011*1362739571*000087726~REF*EV*B00099999800~DTM*405*20200501~N1*PR*UNITED HEALTHCARE INSURANCE COMPANY*XV*87726~N3*P.O. BOX 31350~N4*SALT LAKE CTY*UT*84131~REF*2U*87726~PER*CX*UNITEDHEALTHCARE INSURANCE COMPANY*TE*8778423210~PER*BL**UR*www.uhcprovider.com/en/contact-us.html~N1*PE*SPANISH PEAKS NEW ALTERNATIVES*XX*1508250911~N3*41 MONTEBELLO RD STE 116~N4*PUEBLO*CO*810011366~REF*TJ*841158933~LX*1~CLP*000100032866*1*178.3*51.48**16*EVC0030899000*02*1~NM1*QC*1*MADRID*JOEY****MI*91321330800~NM1*74*1******C*913213308~NM1*82*1*CADDALI*ESTRELLA****XX*1164974580~REF*1L*65025~REF*CE*UHC DUAL COMPLETE FULL DUAL~REF*EA*7847175DF85B4B36B0E016B3FBFA4C~DTM*232*20200407~DTM*050*20200421~AMT*AU*52.53~SVC*HC:99213*178.3*51.48**1~DTM*472*20200407~CAS*CO*45*125.77**253*1.05~REF*6R*CPGMA76GTEIJ~AMT*B6*52.53~CLP*000100033026*1*178.3*51.48**16*EVC0030898600*02*1~NM1*QC*1*PINEDA*REBECCA****MI*94246472100~NM1*74*1******C*942464721~NM1*82*1*CADDALI*ESTRELLA****XX*1164974580~REF*1L*65025~REF*CE*UHC DUAL COMPLETE FULL DUAL~REF*EA*B341464A66D74B0983FDB9A1EB82F0~DTM*232*20200409~DTM*050*20200421~AMT*AU*52.53~SVC*HC:99213*178.3*51.48**1~DTM*472*20200409~CAS*CO*45*125.77**253*1.05~REF*6R*CPGMA5LVZR36~AMT*B6*52.53~CLP*000100032562*1*178.3*51.48**16*EVC0030898900*02*1~NM1*QC*1*PINEDA*REBECCA****MI*94246472100~NM1*74*1******C*942464721~NM1*82*1*CADDALI*ESTRELLA****XX*1164974580~REF*1L*65025~REF*CE*UHC DUAL COMPLETE FULL DUAL~REF*EA*EF54948A7C354E4D8F204222C666F7~DTM*232*20200401~DTM*050*20200421~AMT*AU*52.53~SVC*HC:99213*178.3*51.48**1~DTM*472*20200401~CAS*CO*45*125.77**253*1.05~REF*6R*CPGMUM7Q16YS~AMT*B6*52.53~CLP*000100032702*1*272.99*79.23**16*EVC0030899100*02*1~NM1*QC*1*QUINTANA*ALADINO****MI*915414261-00~NM1*74*1***T***C*915414261~NM1*82*1*CADDALI*ESTRELLA****XX*1164974580~REF*1L*65025~REF*CE*UHC DUAL COMPLETE FULL DUAL~REF*EA*DE68179128B84C18BE22B6303BBAD4~DTM*232*20200403~DTM*050*20200421~AMT*AU*80.84~SVC*HC:99214*272.99*79.23**1~DTM*472*20200403~CAS*CO*45*192.15**253*1.61~REF*6R*CPGMD9ZW2KCP~AMT*B6*80.84~CLP*000100033022*1*272.99*79.23**16*EVC0030898500*02*1~NM1*QC*1*SCHAFFER*JENNIFER*A***MI*927130411~NM1*82*1*CADDALI*ESTRELLA****XX*1164974580~REF*1L*65025~REF*CE*UHC DUAL COMPLETE FULL DUAL~REF*EA*D97EB598C20C4860AF38FFDF27BD0E~DTM*232*20200409~DTM*050*20200421~AMT*AU*80.84~SVC*HC:99214*272.99*79.23**1~DTM*472*20200409~CAS*CO*45*192.15**253*1.61~REF*6R*CPGM7HSB3625~AMT*B6*80.84~SE*91*000000048~GE*1*389003891~IEA*1*389003891~