ISA*00*          *00*          *ZZ*ENS_EDI        *ZZ*ZUG14932       *200511*2030*^*00501*391472579*1*P*:~GS*HP*ENS_EDI*ZUG14932*20200511*2030*391472579*X*005010X221A1~ST*835*000000072~BPR*I*147.23*C*CHK************20200511~TRN*1*50169857*1362739571*000087726~REF*EV*B00099999800~DTM*405*20200510~N1*PR*UNITED HEALTHCARE INSURANCE COMPANY*XV*87726~N3*P.O. BOX 31350~N4*SALT LAKE CTY*UT*84131~REF*2U*87726~PER*CX*UNITEDHEALTHCARE INSURANCE COMPANY*TE*8778423210~PER*BL**UR*www.uhcprovider.com/en/contact-us.html~N1*PE*SPANISH PEAKS NEW ALTERNATIVES*XX*1508250911~N3*41 MONTEBELLO RD STE 116~N4*PUEBLO*CO*810011366~REF*TJ*841158933~LX*1~CLP*000100033130*1*88.54*25.89**16*EVC0040992500*02*1~NM1*QC*1*RUSSELL*BILLY****MI*906199427~NM1*74*1***R~NM1*82*1*HOOSHMAND PARSI*KAYKHSOROW****XX*1447291851~REF*1L*65025~REF*CE*UHC DUAL COMPLETE FULL DUAL~REF*EA*2B3FE230A6694E55B53046F4F28FCF~DTM*232*20200413~DTM*050*20200501~AMT*AU*26.41~SVC*HC:99212*88.54*25.89**1~DTM*472*20200413~CAS*CO*45*62.13**253*.52~REF*6R*CPOMKCY9TFKM~AMT*B6*26.41~CLP*000100033568*1*178.3*51.48**16*EVC0040992800*02*1~NM1*QC*1*RUSSELL*BILLY****MI*906199427~NM1*74*1***R~NM1*82*1*HOOSHMAND PARSI*KAYKHSOROW****XX*1447291851~REF*1L*65025~REF*CE*UHC DUAL COMPLETE FULL DUAL~REF*EA*A29C61E543544773AB515D0DF39A80~DTM*232*20200422~DTM*050*20200501~AMT*AU*52.53~SVC*HC:99213*178.3*51.48**1~DTM*472*20200422~CAS*CO*45*125.77**253*1.05~REF*6R*CPOMGFKSINSN~AMT*B6*52.53~CLP*000100033806*1*178.3*51.48**16*EVC0040993000*02*1~NM1*QC*1*RUSSELL*BILLY****MI*906199427~NM1*74*1***R~NM1*82*1*HOOSHMAND PARSI*KAYKHSOROW****XX*1447291851~REF*1L*65025~REF*CE*UHC DUAL COMPLETE FULL DUAL~REF*EA*30F74D567B194B8388630A5E6D4CA7~DTM*232*20200427~DTM*050*20200501~AMT*AU*52.53~SVC*HC:99213*178.3*51.48**1~DTM*472*20200427~CAS*CO*45*125.77**253*1.05~REF*6R*CPOMF4YSGATD~AMT*B6*52.53~CLP*000100030641*1*137.81*18.38**16*EVC0040992600*11*1~NM1*QC*1*WHITNEY*CHARLOTTE****MI*92827244500~NM1*74*1******C*928272445~NM1*82*1*HOOSHMAND PARSI*KAYKHSOROW****XX*1447291851~REF*1L*65025~REF*CE*UHC DUAL COMPLETE FULL DUAL~REF*EA*E3A79EC56808473791F2F06F7F45B3~REF*F8*8373884400~DTM*232*20200227~DTM*050*20200501~AMT*AU*18.75~SVC*HC:G0444*30.75*18.38**1~DTM*472*20200227~CAS*CO*45*12**253*.37~REF*6R*CPOMDJ2GYF6Z~AMT*B6*18.75~SVC*HC:G0396*107.06*0**1~DTM*472*20200227~CAS*CO*272*107.06~REF*6R*CPOMVQB7VSN9~LQ*HE*N20~SE*83*000000072~GE*1*391472579~IEA*1*391472579~