ISA*00*          *00*          *ZZ*ENS_EDI        *ZZ*ZUG14932       *200529*1930*^*00501*396742587*1*P*:~GS*HP*ENS_EDI*ZUG14932*20200529*1930*396742587*X*005010X221A1~ST*835*000000082~BPR*I*352.19*C*CHK************20200530~TRN*1*50307475*1362739571*000087726~REF*EV*B00099999800~DTM*405*20200529~N1*PR*UNITED HEALTHCARE INSURANCE COMPANY*XV*87726~N3*P.O. BOX 31350~N4*SALT LAKE CTY*UT*84131~REF*2U*87726~PER*CX*UNITEDHEALTHCARE INSURANCE COMPANY*TE*8778423210~PER*BL**UR*www.uhcprovider.com/en/contact-us.html~N1*PE*SPANISH PEAKS NEW ALTERNATIVES*XX*1508250911~N3*41 MONTEBELLO RD STE 116~N4*PUEBLO*CO*810011366~REF*TJ*841158933~LX*1~CLP*000100033560*1*175.85*50.76**16*EVC0058639900*02*1~NM1*QC*1*DELAUGHTER*DILLON*R***MI*915710047~NM1*82*1*HOOSHMAND PARSI*KAYKHSOROW****XX*1447291851~REF*1L*65025~REF*CE*UHC DUAL COMPLETE FULL DUAL~REF*EA*05594D627508470886E85BB3D5A293~DTM*232*20200421~DTM*050*20200519~AMT*AU*51.79~SVC*HC:99202*175.85*50.76**1~DTM*472*20200421~CAS*CO*45*124.06**253*1.03~REF*6R*CPPUBSMJNI48~AMT*B6*51.79~CLP*000100033579*1*178.3*51.48**16*EVC0058640200*02*1~NM1*QC*1*GUAGLIARDO*MARIAN*L***MI*938346323~NM1*82*1*HOOSHMAND PARSI*KAYKHSOROW****XX*1447291851~REF*1L*65025~REF*CE*UHC DUAL COMPLETE FULL DUAL~REF*EA*FFBF1D33C28941439E490308803671~DTM*232*20200422~DTM*050*20200519~AMT*AU*52.53~SVC*HC:99213*178.3*51.48**1~DTM*472*20200422~CAS*CO*45*125.77**253*1.05~REF*6R*CPPUFVUB85ON~AMT*B6*52.53~CLP*000100034004*1*212.68*59.62**16*EVC0058639800*02*1~NM1*QC*1*LISH*SCOTT*L***MI*955669092~NM1*82*1*HOOSHMAND PARSI*KAYKHSOROW****XX*1447291851~REF*1L*65025~REF*CE*UHC DUAL COMPLETE FULL DUAL~REF*EA*FD2B2919809C45BBB2625AD5AF6433~DTM*232*20200429~DTM*050*20200519~AMT*AU*60.82~SVC*HC:99212:25*88.54*25.89**1~DTM*472*20200429~CAS*CO*45*62.13**253*.52~REF*6R*CPPUY6CD3QXM~AMT*B6*26.41~SVC*HC:96127*17.08*0**1~DTM*472*20200429~CAS*CO*5*17.08~REF*6R*CPPUIH1D27TJ~SVC*HC:99408*107.06*33.73**1~DTM*472*20200429~CAS*CO*45*72.65**253*.68~REF*6R*CPPUE165PKR1~AMT*B6*34.41~CLP*000100034045*1*272.99*79.23**16*EVC0058640000*02*1~NM1*QC*1*MARTINEZ*MICHAEL*A***MI*975439713~NM1*74*1**MICHEAL~NM1*82*1*HOOSHMAND PARSI*KAYKHSOROW****XX*1447291851~REF*1L*65025~REF*CE*UHC DUAL COMPLETE FULL DUAL~REF*EA*AE73965A20364A3084B36D612588AF~DTM*232*20200430~DTM*050*20200519~AMT*AU*80.84~SVC*HC:99214*272.99*79.23**1~DTM*472*20200430~CAS*CO*45*192.15**253*1.61~REF*6R*CPPU7LZSLASE~AMT*B6*80.84~CLP*000100033862*1*88.54*25.89**16*EVC0058640100*02*1~NM1*QC*1*ORTIZ*DEBORAH*M***MI*902905287~NM1*82*1*HOOSHMAND PARSI*KAYKHSOROW****XX*1447291851~REF*1L*65025~REF*CE*UHC DUAL COMPLETE FULL DUAL~REF*EA*C3C9FDBDAEFA4FB2ACE24FFCE62840~DTM*232*20200428~DTM*050*20200519~AMT*AU*26.41~SVC*HC:99212*88.54*25.89**1~DTM*472*20200428~CAS*CO*45*62.13**253*.52~REF*6R*CPPUY660FXO5~AMT*B6*26.41~CLP*000100033590*1*302.44*85.21**16*EVC0058641300*02*1~NM1*QC*1*VANLOON*PAMELA****MI*967083958~NM1*74*1***A~NM1*82*1*HOOSHMAND PARSI*KAYKHSOROW****XX*1447291851~REF*1L*65025~REF*CE*UHC DUAL COMPLETE FULL DUAL~REF*EA*72DE8233C6F5424A957B35B0AFE6D9~DTM*232*20200422~DTM*050*20200519~AMT*AU*86.94~SVC*HC:99213:25*178.3*51.48**1~DTM*472*20200422~CAS*CO*45*125.77**253*1.05~REF*6R*CPPUIN2Y29V0~AMT*B6*52.53~SVC*HC:96127*17.08*0**1~DTM*472*20200422~CAS*CO*5*17.08~REF*6R*CPPUD340ETIY~SVC*HC:99408*107.06*33.73**1~DTM*472*20200422~CAS*CO*45*72.65**253*.68~REF*6R*CPPU25SXGHIR~AMT*B6*34.41~SE*121*000000082~GE*1*396742587~IEA*1*396742587~