ISA*00*          *00*          *ZZ*ENS_EDI        *ZZ*ZUG14932       *200601*2030*^*00501*397376672*1*P*:~GS*HP*ENS_EDI*ZUG14932*20200601*2030*397376672*X*005010X221A1~ST*835*000000041~BPR*I*325.37*C*CHK************20200601~TRN*1*50326255*1362739571*000087726~REF*EV*B00099999800~DTM*405*20200531~N1*PR*UNITED HEALTHCARE INSURANCE COMPANY*XV*87726~N3*P.O. BOX 31350~N4*SALT LAKE CTY*UT*84131~REF*2U*87726~PER*CX*UNITEDHEALTHCARE INSURANCE COMPANY*TE*8778423210~PER*BL**UR*www.uhcprovider.com/en/contact-us.html~N1*PE*SPANISH PEAKS NEW ALTERNATIVES*XX*1508250911~N3*41 MONTEBELLO RD STE 116~N4*PUEBLO*CO*810011366~REF*TJ*841158933~LX*1~CLP*000100034189*1*302.44*86.94**16*EVC0062373600*02*1~NM1*QC*1*BILEK*CHRISTINA*M***MI*967538638~NM1*82*1*HOOSHMAND PARSI*KAYKHSOROW****XX*1447291851~REF*1L*65025~REF*CE*UHC DUAL COMPLETE FULL DUAL~REF*EA*86D3B291265A44C8B9916296B4992F~DTM*232*20200505~DTM*050*20200522~AMT*AU*86.94~SVC*HC:99213:25*178.3*52.53**1~DTM*472*20200505~CAS*CO*45*125.77~REF*6R*CPQEG78TA1KX~AMT*B6*52.53~SVC*HC:96127*17.08*0**1~DTM*472*20200505~CAS*CO*5*17.08~REF*6R*CPQEB3SE909R~SVC*HC:99408*107.06*34.41**1~DTM*472*20200505~CAS*CO*45*72.65~REF*6R*CPQE8RB8WEAE~AMT*B6*34.41~CLP*000100034335*1*178.3*52.53**16*EVC0062373800*02*1~NM1*QC*1*BILEK*CHRISTINA*M***MI*967538638~NM1*82*1*HOOSHMAND PARSI*KAYKHSOROW****XX*1447291851~REF*1L*65025~REF*CE*UHC DUAL COMPLETE FULL DUAL~REF*EA*D778CF057FE34576BA8840C7002619~DTM*232*20200506~DTM*050*20200522~AMT*AU*52.53~SVC*HC:99213*178.3*52.53**1~DTM*472*20200506~CAS*CO*45*125.77~REF*6R*CPQESYBO1ET4~AMT*B6*52.53~CLP*000100034299*1*272.99*80.84**16*EVC0062373700*02*1~NM1*QC*1*MARTINEZ*MICHAEL*A***MI*975439713~NM1*74*1**MICHEAL~NM1*82*1*HOOSHMAND PARSI*KAYKHSOROW****XX*1447291851~REF*1L*65025~REF*CE*UHC DUAL COMPLETE FULL DUAL~REF*EA*C6CFE5D1498A4D04BD9ECEF0655FBE~DTM*232*20200506~DTM*050*20200522~AMT*AU*80.84~SVC*HC:99214*272.99*80.84**1~DTM*472*20200506~CAS*CO*45*192.15~REF*6R*CPQEXXU8V8PU~AMT*B6*80.84~CLP*000100034186*1*178.3*52.53**16*EVC0062374100*02*1~NM1*QC*1*ORTIZ*DEBORAH*M***MI*902905287~NM1*82*1*HOOSHMAND PARSI*KAYKHSOROW****XX*1447291851~REF*1L*65025~REF*CE*UHC DUAL COMPLETE FULL DUAL~REF*EA*8E1075569CBA4993B18F531966B54F~DTM*232*20200505~DTM*050*20200522~AMT*AU*52.53~SVC*HC:99213*178.3*52.53**1~DTM*472*20200505~CAS*CO*45*125.77~REF*6R*CPQEXJ54XHPL~AMT*B6*52.53~CLP*000100034160*1*178.3*52.53**16*EVC0062373900*02*1~NM1*QC*1*RUSSELL*BILLY****MI*906199427~NM1*74*1***R~NM1*82*1*HOOSHMAND PARSI*KAYKHSOROW****XX*1447291851~REF*1L*65025~REF*CE*UHC DUAL COMPLETE FULL DUAL~REF*EA*9745C96B9A4E4564ACFDB2701EE29D~DTM*232*20200504~DTM*050*20200522~AMT*AU*52.53~SVC*HC:99213*178.3*52.53**1~DTM*472*20200504~CAS*CO*45*125.77~REF*6R*CPQEQ5NRP7DU~AMT*B6*52.53~SE*98*000000041~GE*1*397376672~IEA*1*397376672~