ISA*00*          *00*          *ZZ*ENS_EDI        *ZZ*ZUG14932       *200615*2130*^*00501*401690738*1*P*:~GS*HP*ENS_EDI*ZUG14932*20200615*2130*401690738*X*005010X221A1~ST*835*000000170~BPR*I*291.25*C*CHK************20200615~TRN*1*50428064*1362739571*000087726~REF*EV*B00099999800~DTM*405*20200614~N1*PR*UNITED HEALTHCARE INSURANCE COMPANY*XV*87726~N3*P.O. BOX 31350~N4*SALT LAKE CTY*UT*84131~REF*2U*87726~PER*CX*UNITEDHEALTHCARE INSURANCE COMPANY*TE*8778423210~PER*BL**UR*www.uhcprovider.com/en/contact-us.html~N1*PE*SPANISH PEAKS NEW ALTERNATIVES*XX*1508250911~N3*41 MONTEBELLO RD STE 116~N4*PUEBLO*CO*810011366~REF*TJ*841158933~LX*1~CLP*000100035013*1*178.3*52.53**16*EVC0075402200*02*1~NM1*QC*1*BILEK*CHRISTINA*M***MI*967538638~NM1*82*1*HOOSHMAND PARSI*KAYKHSOROW****XX*1447291851~REF*1L*65025~REF*CE*UHC DUAL COMPLETE FULL DUAL~REF*EA*8CDC672B845E49AF83AC4AB328C0B1~DTM*232*20200519~DTM*050*20200604~AMT*AU*52.53~SVC*HC:99213*178.3*52.53**1~DTM*472*20200519~CAS*CO*45*125.77~REF*6R*CPYYJ93VQZIA~AMT*B6*52.53~CLP*000100035144*1*88.54*26.41**16*EVC0075402500*02*1~NM1*QC*1*DELAUGHTER*DILLON*R***MI*915710047~NM1*82*1*HOOSHMAND PARSI*KAYKHSOROW****XX*1447291851~REF*1L*65025~REF*CE*UHC DUAL COMPLETE FULL DUAL~REF*EA*B744297E55C24ECBBB504669AB8B2F~DTM*232*20200521~DTM*050*20200604~AMT*AU*26.41~SVC*HC:99212*88.54*26.41**1~DTM*472*20200521~CAS*CO*45*62.13~REF*6R*CPYYYJTKKHAJ~AMT*B6*26.41~CLP*000100034997*1*178.3*52.53**16*EVC0075402900*02*1~NM1*QC*1*ORTIZ*DEBORAH*M***MI*902905287~NM1*82*1*HOOSHMAND PARSI*KAYKHSOROW****XX*1447291851~REF*1L*65025~REF*CE*UHC DUAL COMPLETE FULL DUAL~REF*EA*7A74E7128C354A329A69D47884B33C~DTM*232*20200519~DTM*050*20200604~AMT*AU*52.53~SVC*HC:99213*178.3*52.53**1~DTM*472*20200519~CAS*CO*45*125.77~REF*6R*CPYYWPFRDG3S~AMT*B6*52.53~CLP*000100035039*1*178.3*52.53**16*EVC0075402800*02*1~NM1*QC*1*RUCKER*MARITTA****MI*95175152900~NM1*74*1***A***C*951751529~NM1*82*1*HOOSHMAND PARSI*KAYKHSOROW****XX*1447291851~REF*1L*65025~REF*CE*UHC DUAL COMPLETE FULL DUAL~REF*EA*0AABA5EE186E4AED978196439F84DF~DTM*232*20200520~DTM*050*20200604~AMT*AU*52.53~SVC*HC:99213*178.3*52.53**1~DTM*472*20200520~CAS*CO*45*125.77~REF*6R*CPYYEGPEEJ1S~AMT*B6*52.53~CLP*000100035019*1*272.99*80.84**16*EVC0075402400*02*1~NM1*QC*1*RUSSELL*BILLY****MI*906199427~NM1*74*1***R~NM1*82*1*HOOSHMAND PARSI*KAYKHSOROW****XX*1447291851~REF*1L*65025~REF*CE*UHC DUAL COMPLETE FULL DUAL~REF*EA*FCC6B796EC074B928788A4B33520BF~DTM*232*20200519~DTM*050*20200604~AMT*AU*80.84~SVC*HC:99214*272.99*80.84**1~DTM*472*20200519~CAS*CO*45*192.15~REF*6R*CPYYN4LOD0J0~AMT*B6*80.84~CLP*000100035058*1*88.54*26.41**16*EVC0075402000*02*1~NM1*QC*1*VANLOON*PAMELA****MI*967083958~NM1*74*1***A~NM1*82*1*HOOSHMAND PARSI*KAYKHSOROW****XX*1447291851~REF*1L*65025~REF*CE*UHC DUAL COMPLETE FULL DUAL~REF*EA*6CDCC4FC4517492C852014DCC10F86~DTM*232*20200520~DTM*050*20200604~AMT*AU*26.41~SVC*HC:99212*88.54*26.41**1~DTM*472*20200520~CAS*CO*45*62.13~REF*6R*CPYYMAB6Q48B~AMT*B6*26.41~SE*104*000000170~GE*1*401690738~IEA*1*401690738~