ISA*00*          *00*          *ZZ*ENS_EDI        *ZZ*ZUG14932       *200622*1930*^*00501*403802962*1*P*:~GS*HP*ENS_EDI*ZUG14932*20200622*1930*403802962*X*005010X221A1~ST*835*000000077~BPR*I*291.68*C*CHK************20200622~TRN*1*50485410*1362739571*000087726~REF*EV*B00099999800~DTM*405*20200621~N1*PR*UNITED HEALTHCARE INSURANCE COMPANY*XV*87726~N3*P.O. BOX 31350~N4*SALT LAKE CTY*UT*84131~REF*2U*87726~PER*CX*UNITEDHEALTHCARE INSURANCE COMPANY*TE*8778423210~PER*BL**UR*www.uhcprovider.com/en/contact-us.html~N1*PE*SPANISH PEAKS NEW ALTERNATIVES*XX*1508250911~N3*41 MONTEBELLO RD STE 116~N4*PUEBLO*CO*810011366~REF*TJ*841158933~LX*1~CLP*000100035661*1*178.3*52.53**16*EVC0086200200*02*1~NM1*QC*1*BILEK*CHRISTINA*M***MI*967538638~NM1*82*1*HOOSHMAND PARSI*KAYKHSOROW****XX*1447291851~REF*1L*65025~REF*CE*UHC DUAL COMPLETE FULL DUAL~REF*EA*BA0FC9A3ECCC4B91A38FC0A0DEE988~DTM*232*20200602~DTM*050*20200612~AMT*AU*52.53~SVC*HC:99213*178.3*52.53**1~DTM*472*20200602~CAS*CO*45*125.77~REF*6R*CPZEF1F7OFIT~AMT*B6*52.53~CLP*000100034512*1*88.54*26.41**16*EVC0086200300*02*1~NM1*QC*1*GUAGLIARDO*STEPHEN*C***MI*919303471~NM1*74*1**STEPHAN~NM1*82*1*HOOSHMAND PARSI*KAYKHSOROW****XX*1447291851~REF*1L*65025~REF*CE*UHC DUAL COMPLETE FULL DUAL~REF*EA*5282CE8CB6214F5AA6ADF0BF9A0318~DTM*232*20200511~DTM*050*20200612~AMT*AU*26.41~SVC*HC:99212*88.54*26.41**1~DTM*472*20200511~CAS*CO*45*62.13~REF*6R*CPZE329UO2BB~AMT*B6*26.41~CLP*000100028215*1*265*212.74*7.4*16*EVC0086201400*11*1~NM1*QC*1*WATSON*TERI*A***MI*962512020~NM1*82*1*HOOSHMAND PARSI*KAYKHSOROW****XX*1447291851~REF*1L*65025~REF*CE*UHC DUAL COMPLETE FULL DUAL~REF*EA*04D3CEABE2B748EAAAFE700ED7CAF3~DTM*232*20200115~DTM*050*20200612~AMT*AU*224.47~SVC*HC:99204:25*205*165.33**1~DTM*472*20200115~CAS*CO*45*36.3**253*3.37~REF*6R*CPZEAS5WE2Z8~AMT*B6*168.7~SVC*HC:G0444*20*18.38**1~DTM*472*20200115~CAS*CO*45*1.25**253*.37~REF*6R*CPZES1BU9O33~AMT*B6*18.75~SVC*HC:G0396*40*29.03**1~DTM*472*20200115~CAS*PR*2*7.4~CAS*CO*45*2.98**253*.59~REF*6R*CPZE3WLO5066~AMT*B6*37.02~SE*71*000000077~GE*1*403802962~IEA*1*403802962~