ISA*00*          *00*          *ZZ*ENS_EDI        *ZZ*ZUG14932       *200706*2030*^*00501*408346610*1*P*:~GS*HP*ENS_EDI*ZUG14932*20200706*2030*408346610*X*005010X221A1~ST*835*000000222~BPR*I*429.27*C*CHK************20200706~TRN*1*50603585*1362739571*000087726~REF*EV*B00099999800~DTM*405*20200705~N1*PR*UNITED HEALTHCARE INSURANCE COMPANY*XV*87726~N3*P.O. BOX 31350~N4*SALT LAKE CTY*UT*84131~REF*2U*87726~PER*CX*UNITEDHEALTHCARE INSURANCE COMPANY*TE*8778423210~PER*BL**UR*www.uhcprovider.com/en/contact-us.html~N1*PE*SPANISH PEAKS NEW ALTERNATIVES*XX*1508250911~N3*41 MONTEBELLO RD STE 116~N4*PUEBLO*CO*810011366~REF*TJ*841158933~LX*1~CLP*000100036103*1*178.3*52.53**16*EVC0108689300*02*1~NM1*QC*1*BILEK*CHRISTINA*M***MI*967538638~NM1*82*1*HOOSHMAND PARSI*KAYKHSOROW****XX*1447291851~REF*1L*65025~REF*CE*UHC DUAL COMPLETE FULL DUAL~REF*EA*EA52659EB6844D309B93C7D2D55EDE~DTM*232*20200611~DTM*050*20200626~AMT*AU*52.53~SVC*HC:99213*178.3*52.53**1~DTM*472*20200611~CAS*CO*45*125.77~REF*6R*CP0IX5HGW6BI~AMT*B6*52.53~CLP*000100036068*1*178.3*52.53**16*EVC0108688700*02*1~NM1*QC*1*FLIPPIN*JASON*M***MI*97861082800~NM1*74*1******C*978610828~NM1*82*1*HOOSHMAND PARSI*KAYKHSOROW****XX*1447291851~REF*1L*65025~REF*CE*UHC DUAL COMPLETE FULL DUAL~REF*EA*86CA6086A1A8461E8067938930F08C~DTM*232*20200610~DTM*050*20200626~AMT*AU*52.53~SVC*HC:99213*178.3*52.53**1~DTM*472*20200610~CAS*CO*45*125.77~REF*6R*CP0IT1AEXRB0~AMT*B6*52.53~CLP*000100035396*1*390.98*111.9**16*EVC0105388400*02*1~NM1*QC*1*GORDON*MICHAEL*R***MI*926151941-00~NM1*74*1******C*926151941~NM1*82*1*HOOSHMAND PARSI*KAYKHSOROW****XX*1447291851~REF*1L*65025~REF*CE*UHC DUAL COMPLETE FULL DUAL~REF*EA*E2B2B323097D4C0ABE353A9F963F94~DTM*232*20200528~DTM*050*20200624~AMT*AU*111.9~SVC*HC:99203:95:25*266.84*77.49**1~DTM*472*20200528~CAS*CO*45*189.35~REF*6R*CP0Y0KXJOFBW~AMT*B6*77.49~SVC*HC:96127*17.08*0**1~DTM*472*20200528~CAS*CO*5*17.08~REF*6R*CP0Y260M0V72~SVC*HC:99408*107.06*34.41**1~DTM*472*20200528~CAS*CO*45*72.65~REF*6R*CP0Y2V66BN0R~AMT*B6*34.41~CLP*000100035619*1*88.54*26.41**16*EVC0105388500*02*1~NM1*QC*1*ORTIZ*DEBORAH*M***MI*902905287~NM1*82*1*HOOSHMAND PARSI*KAYKHSOROW****XX*1447291851~REF*1L*65025~REF*CE*UHC DUAL COMPLETE FULL DUAL~REF*EA*F447BFE30BB1483D93DEC3135B671B~DTM*232*20200602~DTM*050*20200624~AMT*AU*26.41~SVC*HC:99212*88.54*26.41**1~DTM*472*20200602~CAS*CO*45*62.13~REF*6R*CP0YN7U3240E~AMT*B6*26.41~CLP*000100035980*1*178.3*52.53**16*EVC0108689200*02*1~NM1*QC*1*ORTIZ*DEBORAH*M***MI*902905287~NM1*82*1*HOOSHMAND PARSI*KAYKHSOROW****XX*1447291851~REF*1L*65025~REF*CE*UHC DUAL COMPLETE FULL DUAL~REF*EA*D25CB9E506154006972D8FAD472D67~DTM*232*20200609~DTM*050*20200626~AMT*AU*52.53~SVC*HC:99213*178.3*52.53**1~DTM*472*20200609~CAS*CO*45*125.77~REF*6R*CP0IFOCZOW6I~AMT*B6*52.53~CLP*000100035902*1*178.3*52.53**16*EVC0105387300*02*1~NM1*QC*1*RUSSELL*BILLY****MI*906199427~NM1*74*1***R~NM1*82*1*HOOSHMAND PARSI*KAYKHSOROW****XX*1447291851~REF*1L*65025~REF*CE*UHC DUAL COMPLETE FULL DUAL~REF*EA*D3D53E5B20B64DD4B16A4D1F30449E~DTM*232*20200608~DTM*050*20200624~AMT*AU*52.53~SVC*HC:99213*178.3*52.53**1~DTM*472*20200608~CAS*CO*45*125.77~REF*6R*CP0YHKR1EB4Y~AMT*B6*52.53~CLP*000100035424*1*272.99*80.84**16*EVC0105387700*02*1~NM1*QC*1*RUSSELL*BILLY****MI*906199427~NM1*74*1***R~NM1*82*1*HOOSHMAND PARSI*KAYKHSOROW****XX*1447291851~REF*1L*65025~REF*CE*UHC DUAL COMPLETE FULL DUAL~REF*EA*5F65A57CE1C8402785C84DF55DA605~DTM*232*20200528~DTM*050*20200624~AMT*AU*80.84~SVC*HC:99214*272.99*80.84**1~DTM*472*20200528~CAS*CO*45*192.15~REF*6R*CP0YMWL8WJGH~AMT*B6*80.84~SE*128*000000222~GE*1*408346610~IEA*1*408346610~