ISA*00*          *00*          *ZZ*ENS_EDI        *ZZ*ZUG14932       *200727*1930*^*00501*415006335*1*P*:~GS*HP*ENS_EDI*ZUG14932*20200727*1930*415006335*X*005010X221A1~ST*835*000000035~BPR*I*341.98*C*CHK************20200727~TRN*1*50779834*1362739571*000087726~REF*EV*B00099999800~DTM*405*20200726~N1*PR*UNITED HEALTHCARE INSURANCE COMPANY*XV*87726~N3*P.O. BOX 31350~N4*SALT LAKE CTY*UT*84131~REF*2U*87726~PER*CX*UNITEDHEALTHCARE INSURANCE COMPANY*TE*8778423210~PER*BL**UR*www.uhcprovider.com/en/contact-us.html~N1*PE*SPANISH PEAKS NEW ALTERNATIVES*XX*1508250911~N3*41 MONTEBELLO RD STE 116~N4*PUEBLO*CO*810011366~REF*TJ*841158933~LX*1~CLP*000100036948*1*178.3*52.53**16*EVC0134897900*02*1~NM1*QC*1*BILEK*CHRISTINA*M***MI*967538638~NM1*82*1*HOOSHMAND PARSI*KAYKHSOROW****XX*1447291851~REF*1L*65025~REF*CE*UHC DUAL COMPLETE FULL DUAL~REF*EA*1EA1AA520D3A4438AEFEA08805AEF6~DTM*232*20200630~DTM*050*20200715~AMT*AU*52.53~SVC*HC:99213*178.3*52.53**1~DTM*472*20200630~CAS*CO*45*125.77~REF*6R*CP9QH8ZPDJTL~AMT*B6*52.53~CLP*000100036948*1*178.3*0**16*EVC0137763200*02*1~NM1*QC*1*BILEK*CHRISTINA*M***MI*967538638~NM1*82*1*HOOSHMAND PARSI*KAYKHSOROW****XX*1447291851~REF*1L*65025~REF*CE*UHC DUAL COMPLETE FULL DUAL~REF*EA*CC6360D9E93949728BC52D6E63EC82~DTM*232*20200630~DTM*050*20200717~SVC*HC:99213*178.3*0**1~DTM*472*20200630~CAS*OA*18*178.3~REF*6R*CP9AC0DQMG10~LQ*HE*N702~CLP*000100036588*1*88.54*26.41**16*EVC0134897600*02*1~NM1*QC*1*GARCIA*JODENE*K***MI*90805569200~NM1*74*1******C*908055692~NM1*82*1*HOOSHMAND PARSI*KAYKHSOROW****XX*1447291851~REF*1L*65025~REF*CE*UHC DUAL COMPLETE FULL DUAL~REF*EA*A7CFCD92C71943378D66AF9997B773~DTM*232*20200622~DTM*050*20200715~AMT*AU*26.41~SVC*HC:99212*88.54*26.41**1~DTM*472*20200622~CAS*CO*45*62.13~REF*6R*CP9QBWPCVHZQ~AMT*B6*26.41~CLP*000100036871*1*178.3*77.14**16*EVC0137763000*11*1~NM1*QC*1*GARCIA*JODENE*K***MI*90805569200~NM1*74*1******C*908055692~NM1*82*1*HOOSHMAND PARSI*KAYKHSOROW****XX*1447291851~REF*1L*65025~REF*CE*UHC DUAL COMPLETE FULL DUAL~REF*EA*D96F9FD760174B859F378088B30B4F~DTM*232*20200629~DTM*050*20200717~AMT*AU*77.14~SVC*HC:99213*178.3*77.14**1~DTM*472*20200629~CAS*CO*45*101.16~REF*6R*CP9A9NIBOOG8~AMT*B6*77.14~CLP*000100036930*1*178.3*52.53**16*EVC0134897700*02*1~NM1*QC*1*ORTIZ*DEBORAH*M***MI*902905287~NM1*82*1*HOOSHMAND PARSI*KAYKHSOROW****XX*1447291851~REF*1L*65025~REF*CE*UHC DUAL COMPLETE FULL DUAL~REF*EA*3B71DA916DF1482E9DC5FB5E7FC464~DTM*232*20200630~DTM*050*20200715~AMT*AU*52.53~SVC*HC:99213*178.3*52.53**1~DTM*472*20200630~CAS*CO*45*125.77~REF*6R*CP9QB3NHPBF1~AMT*B6*52.53~CLP*000100036563*1*178.3*52.53**16*EVC0134898100*02*1~NM1*QC*1*RUSSELL*BILLY****MI*906199427~NM1*74*1***R~NM1*82*1*HOOSHMAND PARSI*KAYKHSOROW****XX*1447291851~REF*1L*65025~REF*CE*UHC DUAL COMPLETE FULL DUAL~REF*EA*C45F6A613BC24830BB4985BD058DB1~DTM*232*20200622~DTM*050*20200715~AMT*AU*52.53~SVC*HC:99213*178.3*52.53**1~DTM*472*20200622~CAS*CO*45*125.77~REF*6R*CP9QLVTOQOMH~AMT*B6*52.53~CLP*000100036881*1*272.99*80.84**16*EVC0137762900*02*1~NM1*QC*1*RUSSELL*BILLY****MI*906199427~NM1*74*1***R~NM1*82*1*HOOSHMAND PARSI*KAYKHSOROW****XX*1447291851~REF*1L*65025~REF*CE*UHC DUAL COMPLETE FULL DUAL~REF*EA*6D00765CA9CE4AF4B4086F54EE4980~DTM*232*20200629~DTM*050*20200717~AMT*AU*80.84~SVC*HC:99214*272.99*80.84**1~DTM*472*20200629~CAS*CO*45*192.15~REF*6R*CP9ASII2DEOS~AMT*B6*80.84~SE*118*000000035~GE*1*415006335~IEA*1*415006335~