ISA*00*          *00*          *ZZ*ENS_EDI        *ZZ*ZUG14932       *200803*2130*^*00501*417217213*1*P*:~GS*HP*ENS_EDI*ZUG14932*20200803*2130*417217213*X*005010X221A1~ST*835*000000134~BPR*I*316.42*C*CHK************20200803~TRN*1*50840230*1362739571*000087726~REF*EV*B00099999800~DTM*405*20200802~N1*PR*UNITED HEALTHCARE INSURANCE COMPANY*XV*87726~N3*P.O. BOX 31350~N4*SALT LAKE CTY*UT*84131~REF*2U*87726~PER*CX*UNITEDHEALTHCARE INSURANCE COMPANY*TE*8778423210~PER*BL**UR*www.uhcprovider.com/en/contact-us.html~N1*PE*SPANISH PEAKS NEW ALTERNATIVES*XX*1508250911~N3*41 MONTEBELLO RD STE 116~N4*PUEBLO*CO*810011366~REF*TJ*841158933~LX*1~CLP*000100037076*1*272.99*111.78**16*EVC0142821400*11*1~NM1*QC*1*MADRID*JOEY****MI*91321330800~NM1*74*1******C*913213308~NM1*82*1*CADDALI*ESTRELLA****XX*1164974580~REF*1L*65025~REF*CE*UHC DUAL COMPLETE FULL DUAL~REF*EA*68F1ECD78E25454AB5FBB1E0A588C4~DTM*232*20200702~DTM*050*20200722~AMT*AU*111.78~SVC*HC:99214*272.99*111.78**1~DTM*472*20200702~CAS*CO*45*161.21~REF*6R*CPAEJV72D7HR~AMT*B6*111.78~CLP*000100037252*1*178.3*77.14**16*EVC0142821600*11*1~NM1*QC*1*PINEDA*REBECCA****MI*94246472100~NM1*74*1******C*942464721~NM1*82*1*CADDALI*ESTRELLA****XX*1164974580~REF*1L*65025~REF*CE*UHC DUAL COMPLETE FULL DUAL~REF*EA*D72EED7F00DE4D23B4403BD891BA7B~DTM*232*20200708~DTM*050*20200722~AMT*AU*77.14~SVC*HC:99213*178.3*77.14**1~DTM*472*20200708~CAS*CO*45*101.16~REF*6R*CPAE4SQHDT7M~AMT*B6*77.14~CLP*000100029153*1*227*36.28**16*EVC0149586700*11*1~NM1*QC*1*VIGIL YOUNG*KAREN*J***MI*926332188-00~NM1*74*1******C*926332188~NM1*82*1*CADDALI*ESTRELLA****XX*1164974580~REF*1L*65025~REF*CE*UHC DUAL COMPLETE FULL DUAL~REF*F8*8338310900~DTM*232*20200130~DTM*050*20200212~AMT*AU*37.02~SVC*HC:99396:25*175*0**1~DTM*472*20200130~CAS*OA*18*175~LQ*HE*N702~SVC*HC:96127*8*0**1~DTM*472*20200130~CAS*OA*18*8~LQ*HE*N702~SVC*HC:99408*44*36.28**1~DTM*472*20200130~CAS*CO*45*6.98**253*.74~AMT*B6*37.02~CLP*000100037056*1*232.97*91.22*3.52*16*EVC0145561500*11*1~NM1*QC*1*WINEGARNER*DANIEL*B***MI*9205508084~NM1*74*1******C*915024958~NM1*82*1*CADDALI*ESTRELLA****XX*1164974580~REF*1L*65025~REF*CE*UHC DUAL COMPLETE FULL DUAL~REF*EA*C758298F72A547A48A32DB21889FE7~DTM*232*20200702~DTM*050*20200724~AMT*AU*94.74~SVC*HC:99213:25*178.3*77.14**1~DTM*472*20200702~CAS*CO*45*101.16~REF*6R*CPAY5U2MV5PJ~AMT*B6*77.14~SVC*HC:93000*54.67*14.08**1~DTM*472*20200702~CAS*PR*2*3.52~CAS*CO*45*37.07~REF*6R*CPAY9QXHG5XA~AMT*B6*17.6~SE*90*000000134~GE*1*417217213~IEA*1*417217213~