ISA*00*          *00*          *ZZ*ENS_EDI        *ZZ*ZUG14932       *200810*2130*^*00501*419735557*0*P*:~GS*HP*ENS_EDI*ZUG14932*20200810*2130*419735557*X*005010X221A1~ST*835*000000023~BPR*I*454.98*C*CHK************20200810~TRN*1*50899988*1362739571*000087726~REF*EV*B00099999800~DTM*405*20200809~N1*PR*UNITED HEALTHCARE INSURANCE COMPANY*XV*87726~N3*P.O. BOX 31350~N4*SALT LAKE CTY*UT*84131~REF*2U*87726~PER*CX*UNITEDHEALTHCARE INSURANCE COMPANY*TE*8778423210~PER*BL**UR*www.uhcprovider.com/en/contact-us.html~N1*PE*SPANISH PEAKS NEW ALTERNATIVES*XX*1508250911~N3*41 MONTEBELLO RD STE 116~N4*PUEBLO*CO*810011366~REF*TJ*841158933~LX*1~CLP*000100037653*1*272.99*111.78**16*EVC0150644200*11*1~NM1*QC*1*GUAGLIARDO*MARIAN*L***MI*938346323~NM1*82*1*HOOSHMAND PARSI*KAYKHSOROW****XX*1447291851~REF*1L*65025~REF*CE*UHC DUAL COMPLETE FULL DUAL~REF*EA*B7AC0BE3039D4363B700A72A7AE571~DTM*232*20200716~DTM*050*20200729~AMT*AU*111.78~SVC*HC:99214*272.99*111.78**1~DTM*472*20200716~CAS*CO*45*161.21~REF*6R*CPAUB3WAXKL3~AMT*B6*111.78~CLP*000100037652*1*272.99*111.78**16*EVC0150642400*11*1~NM1*QC*1*GUAGLIARDO*STEPHEN*C***MI*919303471~NM1*74*1**STEPHAN~NM1*82*1*HOOSHMAND PARSI*KAYKHSOROW****XX*1447291851~REF*1L*65025~REF*CE*UHC DUAL COMPLETE FULL DUAL~REF*EA*F107EC6CF08D4F15B127B43EB66F65~DTM*232*20200716~DTM*050*20200729~AMT*AU*111.78~SVC*HC:99214*272.99*111.78**1~DTM*472*20200716~CAS*CO*45*161.21~REF*6R*CPAUJMDSB6QP~AMT*B6*111.78~CLP*000100038035*1*178.3*77.14**16*EVC0150642700*11*1~NM1*QC*1*GUAGLIARDO*STEPHEN*C***MI*919303471~NM1*74*1**STEPHAN~NM1*82*1*HOOSHMAND PARSI*KAYKHSOROW****XX*1447291851~REF*1L*65025~REF*CE*UHC DUAL COMPLETE FULL DUAL~REF*EA*166535C8DCB947169330DC622F7F9B~DTM*232*20200723~DTM*050*20200729~AMT*AU*77.14~SVC*HC:99213*178.3*77.14**1~DTM*472*20200723~CAS*CO*45*101.16~REF*6R*CPAUWHNW49QZ~AMT*B6*77.14~CLP*000100037687*1*178.3*77.14**16*EVC0150642500*11*1~NM1*QC*1*GUNN*MELITA*G***MI*90522104800~NM1*74*1******C*905221048~NM1*82*1*HOOSHMAND PARSI*KAYKHSOROW****XX*1447291851~REF*1L*65025~REF*CE*UHC DUAL COMPLETE FULL DUAL~REF*EA*47A5E645E50C4C5C87C15DCAC22EAF~DTM*232*20200716~DTM*050*20200729~AMT*AU*77.14~SVC*HC:99213*178.3*77.14**1~DTM*472*20200716~CAS*CO*45*101.16~REF*6R*CPAUXX9OC1DS~AMT*B6*77.14~CLP*000100037684*1*178.3*77.14**16*EVC0150643200*11*1~NM1*QC*1*LISH*SCOTT*L***MI*955669092~NM1*82*1*HOOSHMAND PARSI*KAYKHSOROW****XX*1447291851~REF*1L*65025~REF*CE*UHC DUAL COMPLETE FULL DUAL~REF*EA*2CA89D9B803047F1A60BD8671F38CD~DTM*232*20200716~DTM*050*20200729~AMT*AU*77.14~SVC*HC:99213*178.3*77.14**1~DTM*472*20200716~CAS*CO*45*101.16~REF*6R*CPAU3HAK692Z~AMT*B6*77.14~SE*90*000000023~GE*1*419735557~IEA*1*419735557~