ISA*00*          *00*          *ZZ*ENS_EDI        *ZZ*ZUG14932       *200817*2031*^*00501*421992947*1*P*:~GS*HP*ENS_EDI*ZUG14932*20200817*2031*421992947*X*005010X221A1~ST*835*000000136~BPR*I*433.15*C*CHK************20200817~TRN*1*50961102*1362739571*000087726~REF*EV*B00099999800~DTM*405*20200816~N1*PR*UNITED HEALTHCARE INSURANCE COMPANY*XV*87726~N3*P.O. BOX 31350~N4*SALT LAKE CTY*UT*84131~REF*2U*87726~PER*CX*UNITEDHEALTHCARE INSURANCE COMPANY*TE*8778423210~PER*BL**UR*www.uhcprovider.com/en/contact-us.html~N1*PE*SPANISH PEAKS NEW ALTERNATIVES*XX*1508250911~N3*41 MONTEBELLO RD STE 116~N4*PUEBLO*CO*810011366~REF*TJ*841158933~LX*1~CLP*000100037051*1*272.99*111.78**16*EVC0160484100*11*1~NM1*QC*1*ENCINA*MARTHA****MI*903817104~NM1*74*1**MARTA~NM1*82*1*CADDALI*ESTRELLA****XX*1164974580~REF*1L*65025~REF*CE*UHC DUAL COMPLETE FULL DUAL~REF*EA*167F65062B424EF19145A76A505DB9~DTM*232*20200702~DTM*050*20200806~AMT*AU*111.78~SVC*HC:99214*272.99*111.78**1~DTM*472*20200702~CAS*CO*45*161.21~REF*6R*CPIIYHWSI9RY~AMT*B6*111.78~CLP*000100036493*1*22*13.4**16*EVC0160486300*02*1~NM1*QC*1*ENCINA*MARTHA****MI*903817104~NM1*74*1**MARTA~NM1*82*1*CADDALI*ESTRELLA****XX*1164974580~REF*1L*65025~REF*CE*UHC DUAL COMPLETE FULL DUAL~REF*EA*6D28C1D515A44C15821AA0A1DDFCA7~DTM*232*20200619~DTM*050*20200806~AMT*AU*13.4~SVC*HC:G2012*22*13.4**1~DTM*472*20200619~CAS*CO*45*8.6~REF*6R*CPIIFUXOOU1F~AMT*B6*13.4~CLP*000100035145*1*22*13.4**16*EVC0160655300*02*1~NM1*QC*1*ENCINA*MARTHA****MI*903817104~NM1*74*1**MARTA~NM1*82*1*CADDALI*ESTRELLA****XX*1164974580~REF*1L*65025~REF*CE*UHC DUAL COMPLETE FULL DUAL~REF*EA*DDF7AFDE25B843D490489CB0AD0328~DTM*232*20200521~DTM*050*20200806~AMT*AU*13.4~SVC*HC:G2012*22*13.4**1~DTM*472*20200521~CAS*CO*45*8.6~REF*6R*CPIIOLM4RA1O~AMT*B6*13.4~CLP*000100037512*1*404.65*140.29*7.4*16*EVC0160654100*11*1~NM1*QC*1*FOGLESONG*JENNIFER****MI*91766629100~NM1*74*1***L***C*917666291~NM1*82*1*CADDALI*ESTRELLA****XX*1164974580~REF*1L*65025~REF*CE*UHC DUAL COMPLETE FULL DUAL~REF*EA*2684C7D1B93F42FC8BFB85C326CBC2~DTM*232*20200714~DTM*050*20200806~AMT*AU*147.69~SVC*HC:99203:25*266.84*110.67**1~DTM*472*20200714~CAS*CO*45*156.17~REF*6R*CPII2S4X9R3O~AMT*B6*110.67~SVC*HC:G0444*30.75*0**1~DTM*472*20200714~CAS*CO*16*30.75~REF*6R*CPIIBDW5S635~LQ*HE*M51~SVC*HC:G0396*107.06*29.62**1~DTM*472*20200714~CAS*PR*2*7.4~CAS*CO*45*70.04~REF*6R*CPII86GKCP5H~AMT*B6*37.02~CLP*000100038306*1*178.3*77.14**16*EVC0161910400*11*1~NM1*QC*1*FOGLESONG*JENNIFER****MI*91766629100~NM1*74*1***L***C*917666291~NM1*82*1*CADDALI*ESTRELLA****XX*1164974580~REF*1L*65025~REF*CE*UHC DUAL COMPLETE FULL DUAL~REF*EA*26A2ABF10FFF43549F1C3937848590~DTM*232*20200729~DTM*050*20200807~AMT*AU*77.14~SVC*HC:99213*178.3*77.14**1~DTM*472*20200729~CAS*CO*45*101.16~REF*6R*CPIA82GCZKPU~AMT*B6*77.14~CLP*000100037507*1*178.3*77.14**16*EVC0160486400*11*1~NM1*QC*1*VIGIL YOUNG*KAREN*J***MI*926332188-00~NM1*74*1******C*926332188~NM1*82*1*CADDALI*ESTRELLA****XX*1164974580~REF*1L*65025~REF*CE*UHC DUAL COMPLETE FULL DUAL~REF*EA*87D383493902473290C1BC8E100D04~DTM*232*20200714~DTM*050*20200806~AMT*AU*77.14~SVC*HC:99213*178.3*77.14**1~DTM*472*20200714~CAS*CO*45*101.16~REF*6R*CPIIT93K54I5~AMT*B6*77.14~SE*118*000000136~GE*1*421992947~IEA*1*421992947~