ISA*00*          *00*          *ZZ*ENS_EDI        *ZZ*ZUG14932       *200817*2031*^*00501*421992947*1*P*:~GS*HP*ENS_EDI*ZUG14932*20200817*2031*421992947*X*005010X221A1~ST*835*000000045~BPR*I*300.7*C*CHK************20200817~TRN*1*50963688*1362739571*000087726~REF*EV*B00099999800~DTM*405*20200816~N1*PR*UNITED HEALTHCARE INSURANCE COMPANY*XV*87726~N3*P.O.BOX 31362~N4*SALT LAKE CTY*UT*841310362~REF*2U*87726~PER*CX*UNITEDHEALTHCARE INSURANCE COMPANY*TE*8778423210~PER*BL**UR*www.uhcprovider.com/en/contact-us.html~N1*PE*SPANISH PEAKS NEW ALTERNATIVES*XX*1508250911~N3*41 MONTEBELLO RD STE 116~N4*PUEBLO*CO*810011366~REF*TJ*841158933~LX*1~CLP*000100037670*1*327.66*111.78*17.6*16*NTL7391143000*11*1~NM1*QC*1*HUDDLESTON*IRENE****MI*922688312~NM1*74*1***M~NM1*82*1*GRONEMEYER*LEANNE****XX*1659521045~REF*1L*72756~REF*CE*AARP MCADVANTAGE WALGREENS PL1~REF*EA*922AD949E47949FAB67CE5CE884D30~DTM*232*20200716~DTM*050*20200806~AMT*AU*129.38~SVC*HC:99214:25*272.99*111.78**1~DTM*472*20200716~CAS*CO*45*161.21~REF*6R*CPIIELENXYUX~AMT*B6*111.78~SVC*HC:93000*54.67*0**1~DTM*472*20200716~CAS*PR*3*17.6~CAS*CO*45*37.07~REF*6R*CPIIXTD0YI7N~AMT*B6*17.6~CLP*000100037474*1*178.3*77.14**16*NTL7391143100*11*1~NM1*QC*1*KOTTENSTETTE*ELIZABETH*K***MI*90216666100~NM1*74*1******C*902166661~NM1*82*1*GRONEMEYER*LEANNE****XX*1659521045~REF*1L*72756~REF*CE*AARP MCADVANTAGE WALGREENS PL1~REF*EA*4AD9DB13F60E435F90F702024F6A03~DTM*232*20200713~DTM*050*20200806~AMT*AU*77.14~SVC*HC:99213*178.3*77.14**1~DTM*472*20200713~CAS*CO*45*101.16~REF*6R*CPIITVG18MS0~AMT*B6*77.14~CLP*000100038053*1*272.99*111.78**16*NTL7391782600*11*1~NM1*QC*1*KOTTENSTETTE*ELIZABETH*K***MI*90216666100~NM1*74*1******C*902166661~NM1*82*1*GRONEMEYER*LEANNE****XX*1659521045~REF*1L*72756~REF*CE*AARP MCADVANTAGE WALGREENS PL1~REF*EA*429D055CA54F492A9EC406319AF2AF~DTM*232*20200723~DTM*050*20200806~AMT*AU*111.78~SVC*HC:99214*272.99*111.78**1~DTM*472*20200723~CAS*CO*45*161.21~REF*6R*CPIIEHF333AU~AMT*B6*111.78~SE*68*000000045~GE*1*421992947~IEA*1*421992947~