ISA*00*          *00*          *ZZ*ENS_EDI        *ZZ*ZUG14932       *200908*0330*^*00501*429388601*1*P*:~GS*HP*ENS_EDI*ZUG14932*20200908*0330*429388601*X*005010X221A1~ST*835*000000434~BPR*I*279.69*C*CHK************20200907~TRN*1*51143633*1362739571*000087726~REF*EV*B00099999800~DTM*405*20200906~N1*PR*UNITED HEALTHCARE INSURANCE COMPANY*XV*87726~N3*P.O. BOX 31350~N4*SALT LAKE CTY*UT*84131~REF*2U*87726~PER*CX*UNITEDHEALTHCARE INSURANCE COMPANY*TE*8778423210~PER*BL**UR*www.uhcprovider.com/en/contact-us.html~N1*PE*SPANISH PEAKS NEW ALTERNATIVES*XX*1508250911~N3*41 MONTEBELLO RD STE 116~N4*PUEBLO*CO*810011366~REF*TJ*841158933~LX*1~CLP*000100038748*1*178.3*52.53**16*EVC0185829300*02*1~NM1*QC*1*ARCHULETA*JOHN*E***MI*902874987~NM1*82*1*GRONEMEYER*LEANNE****XX*1659521045~REF*1L*65025~REF*CE*UHC DUAL COMPLETE FULL DUAL~REF*EA*9095DDAA08C54A348A7C3D0EA5C7F5~DTM*232*20200806~DTM*050*20200828~AMT*AU*52.53~SVC*HC:99213*178.3*52.53**1~DTM*472*20200806~CAS*CO*45*125.77~REF*6R*CPK219ONRGL4~AMT*B6*52.53~CLP*000100039440*1*178.3*77.14**16*EVC0187983400*11*1~NM1*QC*1*PEREZ*RUBEN*M***MI*974734461~NM1*82*1*GRONEMEYER*LEANNE****XX*1659521045~REF*1L*65025~REF*CE*UHC DUAL COMPLETE FULL DUAL~REF*EA*26BF106721594C299156AF1B9F14FB~DTM*232*20200820~DTM*050*20200828~AMT*AU*77.14~SVC*HC:99213*178.3*77.14**1~DTM*472*20200820~CAS*CO*45*101.16~REF*6R*CPK2QRID8KRS~AMT*B6*77.14~CLP*000100039365*1*386.12*150.02**16*EVC0187983800*11*1~NM1*QC*1*PEREZ*RUBEN*M***MI*974734461~NM1*82*1*GRONEMEYER*LEANNE****XX*1659521045~REF*1L*65025~REF*CE*UHC DUAL COMPLETE FULL DUAL~REF*EA*1D77B49568234261854E21B4C42E59~DTM*232*20200819~DTM*050*20200828~AMT*AU*150.02~SVC*HC:99215*386.12*150.02**1~DTM*472*20200819~CAS*CO*45*236.1~REF*6R*CPK26LGKXEY4~AMT*B6*150.02~SE*59*000000434~GE*1*429388601~IEA*1*429388601~