ISA*00*          *00*          *ZZ*ENS_EDI        *ZZ*ZUG14932       *201012*2030*^*00501*441747682*1*P*:~GS*HP*ENS_EDI*ZUG14932*20201012*2030*441747682*X*005010X221A1~ST*835*000000147~BPR*I*369.81*C*CHK************20201012~TRN*1*51429406*1362739571*000087726~REF*EV*B00099999800~DTM*405*20201011~N1*PR*UNITED HEALTHCARE INSURANCE COMPANY*XV*87726~N3*P.O. BOX 31350~N4*SALT LAKE CTY*UT*84131~REF*2U*87726~PER*CX*UNITEDHEALTHCARE INSURANCE COMPANY*TE*8778423210~PER*BL**UR*www.uhcprovider.com/en/contact-us.html~N1*PE*SPANISH PEAKS NEW ALTERNATIVES*XX*1508250911~N3*41 MONTEBELLO RD STE 116~N4*PUEBLO*CO*810011366~REF*TJ*841158933~LX*1~CLP*000100040719*1*361.52*139.47**16*EVC0231296400*11*1~NM1*QC*1*MUNOZ*BERNADETTE****MI*917179730~NM1*82*1*HOOSHMAND PARSI*KAYKHSOROW****XX*1447291851~REF*1L*65025~REF*CE*UHC DUAL COMPLETE FULL DUAL~REF*EA*4A1FB2843E98490FAD6768F7F8FE1D~DTM*232*20200917~DTM*050*20201001~AMT*AU*139.47~SVC*HC:99214:25*272.99*111.78**1~DTM*472*20200917~CAS*CO*45*161.21~REF*6R*CP2MNXUTMGLC~AMT*B6*111.78~SVC*HC:90471*53.53*0**1~DTM*472*20200917~CAS*CO*16*53.53~REF*6R*CP2MPEK3J430~LQ*HE*N56~SVC*HC:90756*35*27.69**1*N4:70461320031~DTM*472*20200917~CAS*CO*45*7.31~REF*6R*CP2MEQU7T417~AMT*B6*27.69~CLP*000100040513*1*178.3*77.14**16*EVC0225359000*11*1~NM1*QC*1*ORTIZ*DEBORAH*M***MI*902905287~NM1*82*1*HOOSHMAND PARSI*KAYKHSOROW****XX*1447291851~REF*1L*65025~REF*CE*UHC DUAL COMPLETE FULL DUAL~REF*EA*07BBE174AFAE4F50ADDF0A0D44CE0D~DTM*232*20200914~DTM*050*20201001~AMT*AU*77.14~SVC*HC:99213*178.3*77.14**1~DTM*472*20200914~CAS*CO*45*101.16~REF*6R*CP2MKGMCT2UG~AMT*B6*77.14~CLP*000100040074*1*404.64*153.2*7.4*16*EVC0231296300*11*1~NM1*QC*1*SMITH*CHRISTOPHER*T***MI*95062144300~NM1*74*1**CHRISTOPHE****C*950621443~NM1*82*1*HOOSHMAND PARSI*KAYKHSOROW****XX*1447291851~REF*1L*65025~REF*CE*UHC DUAL COMPLETE FULL DUAL~REF*EA*184E808B8E494B3C88AEC146F1A645~DTM*232*20200902~DTM*050*20201001~AMT*AU*160.6~SVC*HC:99213:25*178.3*77.14**1~DTM*472*20200902~CAS*CO*45*101.16~REF*6R*CP2MNATW8J00~AMT*B6*77.14~SVC*HC:90471*53.53*0**1~DTM*472*20200902~CAS*CO*16*53.53~REF*6R*CP2MAZX8DB46~LQ*HE*N56~SVC*HC:90756*35*27.69**1*N4:70461320031~DTM*472*20200902~CAS*CO*45*7.31~REF*6R*CP2MX2G82ZG6~AMT*B6*27.69~SVC*HC:G0444*30.75*18.75**1~DTM*472*20200902~CAS*CO*45*12~REF*6R*CP2M5LG9KCXB~AMT*B6*18.75~SVC*HC:G0396*107.06*29.62**1~DTM*472*20200902~CAS*PR*2*7.4~CAS*CO*45*70.04~REF*6R*CP2MY9K35F1X~AMT*B6*37.02~SE*91*000000147~GE*1*441747682~IEA*1*441747682~