ISA*00*          *00*          *ZZ*ENS_EDI        *ZZ*ZUG14932       *201021*2030*^*00501*445151948*1*P*:~GS*HP*ENS_EDI*ZUG14932*20201021*2030*445151948*X*005010X221A1~ST*835*000000017~BPR*I*300.12*C*CHK************20201022~TRN*1*51510518*1362739571*000087726~REF*EV*B00099999800~DTM*405*20201021~N1*PR*UNITED HEALTHCARE INSURANCE COMPANY*XV*87726~N3*P.O. BOX 31350~N4*SALT LAKE CTY*UT*84131~REF*2U*87726~PER*CX*UNITEDHEALTHCARE INSURANCE COMPANY*TE*8778423210~PER*BL**UR*www.uhcprovider.com/en/contact-us.html~N1*PE*SPANISH PEAKS NEW ALTERNATIVES*XX*1508250911~N3*41 MONTEBELLO RD STE 116~N4*PUEBLO*CO*810011366~REF*TJ*841158933~LX*1~CLP*000100040113*1*485.66*195.29*1.03*16*EVC0236467200*11*1~NM1*QC*1*COLLINGSWORTH*MARY*C***MI*965984237~NM1*82*1*HOOSHMAND PARSI*KAYKHSOROW****XX*1447291851~REF*1L*65025~REF*CE*UHC DUAL COMPLETE FULL DUAL~REF*EA*243E27FBEADB416BA265B4BD1AF4D9~DTM*232*20200903~DTM*050*20201009~AMT*AU*196.32~SVC*HC:99214:25*272.99*111.78**1~DTM*472*20200903~CAS*CO*45*161.21~REF*6R*CP2URARSEHPE~AMT*B6*111.78~SVC*HC:G0008*53.53*14.66**1~DTM*472*20200903~CAS*CO*45*38.87~REF*6R*CP2UP3WUNIIK~AMT*B6*14.66~SVC*HC:90756*35*27.69**1*N4:70461320031~DTM*472*20200903~CAS*CO*45*7.31~REF*6R*CP2UNQ8SUVKO~AMT*B6*27.69~SVC*HC:96127*17.08*4.14**1~DTM*472*20200903~CAS*PR*2*1.03~CAS*CO*45*11.91~REF*6R*CP2U2E7BFYLT~AMT*B6*5.17~SVC*HC:99408*107.06*37.02**1~DTM*472*20200903~CAS*CO*45*70.04~REF*6R*CP2UR6BKU435~AMT*B6*37.02~CLP*000100040800*1*355.83*104.83**16*EVC0240176900*11*1~NM1*QC*1*WHITNEY*CHARLOTTE****MI*92827244500~NM1*74*1******C*928272445~NM1*82*1*HOOSHMAND PARSI*KAYKHSOROW****XX*1447291851~REF*1L*65025~REF*CE*UHC DUAL COMPLETE FULL DUAL~REF*EA*F078DC216ACE4F59991370279AC532~DTM*232*20200917~DTM*050*20201009~AMT*AU*104.83~SVC*HC:99213:25*178.3*77.14**1~DTM*472*20200917~CAS*CO*45*101.16~REF*6R*CP2UWW54HP0H~AMT*B6*77.14~SVC*HC:90471*53.53*0**1~DTM*472*20200917~CAS*CO*B11*53.53~REF*6R*CP2UFPUCTAFO~SVC*HC:90756*30*27.69**1*N4:70461320031~DTM*472*20200917~CAS*CO*45*2.31~REF*6R*CP2UB79O7BD1~AMT*B6*27.69~SVC*HC:90472*41*0**1~DTM*472*20200917~CAS*CO*16*41~REF*6R*CP2U8B0Q9DJ8~LQ*HE*N56~SVC*HC:90715*53*0**1*N4:49281400890~DTM*472*20200917~CAS*CO*B11*53~REF*6R*CP2U9WUPBJXU~SE*85*000000017~GE*1*445151948~IEA*1*445151948~