ISA*00*          *00*          *ZZ*ENS_EDI        *ZZ*ZUG14932       *201103*1843*^*00501*449406944*1*P*:~GS*HP*ENS_EDI*ZUG14932*20201103*1843*449406944*X*005010X221A1~ST*835*000000005~BPR*I*370.89*C*CHK************20201104~TRN*1*51605018*1362739571*000087726~REF*EV*B00099999800~DTM*405*20201103~N1*PR*UNITED HEALTHCARE INSURANCE COMPANY*XV*87726~N3*P.O. BOX 31350~N4*SALT LAKE CTY*UT*84131~REF*2U*87726~PER*CX*UNITEDHEALTHCARE INSURANCE COMPANY*TE*8778423210~PER*BL**UR*www.uhcprovider.com/en/contact-us.html~N1*PE*SPANISH PEAKS NEW ALTERNATIVES*XX*1508250911~N3*41 MONTEBELLO RD STE 116~N4*PUEBLO*CO*810011366~REF*TJ*841158933~LX*1~CLP*000100042337*1*178.3*77.14**16*EVC0251562100*11*1~NM1*QC*1*ENCINA*MARTHA****MI*903817104~NM1*74*1**MARTA~NM1*82*1*CADDALI*ESTRELLA****XX*1164974580~REF*1L*65025~REF*CE*UHC DUAL COMPLETE FULL DUAL~REF*EA*C070A7177C044B79A0433BD38EC4D9~DTM*232*20201015~DTM*050*20201022~AMT*AU*77.14~SVC*HC:99213*178.3*77.14**1~DTM*472*20201015~CAS*CO*45*101.16~REF*6R*CP4ET315DRS2~AMT*B6*77.14~CLP*000100041670*1*178.3*77.14**16*EVC0251562200*11*1~NM1*QC*1*PINEDA*REBECCA****MI*94246472100~NM1*74*1******C*942464721~NM1*82*1*CADDALI*ESTRELLA****XX*1164974580~REF*1L*65025~REF*CE*UHC DUAL COMPLETE FULL DUAL~REF*EA*6D263F19927A4533B78FB265B59E68~DTM*232*20201002~DTM*050*20201022~AMT*AU*77.14~SVC*HC:99213*178.3*77.14**1~DTM*472*20201002~CAS*CO*45*101.16~REF*6R*CP4ELBY97TNF~AMT*B6*77.14~CLP*000100042170*1*178.3*77.14**16*EVC0251551600*11*1~NM1*QC*1*VIGIL YOUNG*KAREN*J***MI*926332188-00~NM1*74*1******C*926332188~NM1*82*1*CADDALI*ESTRELLA****XX*1164974580~REF*1L*65025~REF*CE*UHC DUAL COMPLETE FULL DUAL~REF*EA*25CE543493D94C0C8C4934A5957216~DTM*232*20201013~DTM*050*20201022~AMT*AU*77.14~SVC*HC:99213*178.3*77.14**1~DTM*472*20201013~CAS*CO*45*101.16~REF*6R*CP4ECBB71EGM~AMT*B6*77.14~CLP*000100041451*1*361.52*139.47**16*EVC0251563600*11*1~NM1*QC*1*VIGIL YOUNG*KAREN*J***MI*926332188-00~NM1*74*1******C*926332188~NM1*82*1*CADDALI*ESTRELLA****XX*1164974580~REF*1L*65025~REF*CE*UHC DUAL COMPLETE FULL DUAL~REF*EA*416F85BDD7E34A07B5490582A59004~DTM*232*20200929~DTM*050*20201022~AMT*AU*139.47~SVC*HC:99214:25*272.99*111.78**1~DTM*472*20200929~CAS*CO*45*161.21~REF*6R*CP4E9L13NOE7~AMT*B6*111.78~SVC*HC:90471*53.53*0**1~DTM*472*20200929~CAS*CO*16*53.53~REF*6R*CP4EBEM31KMX~LQ*HE*N56~SVC*HC:90756*35*27.69**1*N4:70461032003~DTM*472*20200929~CAS*CO*45*7.31~REF*6R*CP4EEPGQ839G~AMT*B6*27.69~SE*87*000000005~GE*1*449406944~IEA*1*449406944~