ISA*00*          *00*          *ZZ*ENS_EDI        *ZZ*ZUG14932       *201117*1830*^*00501*455623914*1*P*:~GS*HP*ENS_EDI*ZUG14932*20201117*1830*455623914*X*005010X221A1~ST*835*000000019~BPR*I*412.87*C*CHK************20201118~TRN*1*51706795*1362739571*000087726~REF*EV*B00099999800~DTM*405*20201117~N1*PR*UNITED HEALTHCARE INSURANCE COMPANY*XV*87726~N3*P.O. BOX 31350~N4*SALT LAKE CTY*UT*84131~REF*2U*87726~PER*CX*UNITEDHEALTHCARE INSURANCE COMPANY*TE*8778423210~PER*BL**UR*www.uhcprovider.com/en/contact-us.html~N1*PE*SPANISH PEAKS NEW ALTERNATIVES*XX*1508250911~N3*41 MONTEBELLO RD STE 116~N4*PUEBLO*CO*810011366~REF*TJ*841158933~LX*1~CLP*000100042461*1*266.83*104.84**16*EVC0274845600*11*1~NM1*QC*1*BACA*ROGER*R***MI*978416903~NM1*82*1*CADDALI*ESTRELLA****XX*1164974580~REF*1L*65025~REF*CE*UHC DUAL COMPLETE FULL DUAL~REF*EA*4E0D2EC2D05242129D64729B649E3C~DTM*232*20201016~DTM*050*20201105~AMT*AU*104.84~SVC*HC:99213:25*178.3*77.14**1~DTM*472*20201016~CAS*CO*45*101.16~REF*6R*CPCQ4NGHWXXC~AMT*B6*77.14~SVC*HC:90471*53.53*0**1~DTM*472*20201016~CAS*CO*16*53.53~REF*6R*CPCQJZR0AYIP~LQ*HE*N56~SVC*HC:90756*35*27.7**1*N4:70461032003~DTM*472*20201016~CAS*CO*45*7.3~REF*6R*CPCQWXLDBF9D~AMT*B6*27.7~CLP*000100042462*1*266.83*119.5**16*EVC0269767400*11*1~NM1*QC*1*MADRID*JOEY****MI*91321330800~NM1*74*1******C*913213308~NM1*82*1*CADDALI*ESTRELLA****XX*1164974580~REF*1L*65025~REF*CE*UHC DUAL COMPLETE FULL DUAL~REF*EA*880EF4225438445FAB5866CD0A91E9~DTM*232*20201016~DTM*050*20201105~AMT*AU*119.5~SVC*HC:99213:25*178.3*77.14**1~DTM*472*20201016~CAS*CO*45*101.16~REF*6R*CPCQMCK60ZFJ~AMT*B6*77.14~SVC*HC:G0008*53.53*14.66**1~DTM*472*20201016~CAS*CO*45*38.87~REF*6R*CPCQ9D0BC4T1~AMT*B6*14.66~SVC*HC:Q2039*35*27.7**1*N4:70461032003~DTM*472*20201016~CAS*CO*45*7.3~REF*6R*CPCQFJ7HK8L7~AMT*B6*27.7~CLP*000100041915*1*88.54*26.41**16*EVC0269769500*02*1~NM1*QC*1*SCHAFFER*JENNIFER*A***MI*927130411~NM1*82*1*CADDALI*ESTRELLA****XX*1164974580~REF*1L*65025~REF*CE*UHC DUAL COMPLETE FULL DUAL~REF*EA*621C38CEC14948A09904197CBF9F07~DTM*232*20201007~DTM*050*20201105~AMT*AU*26.41~SVC*HC:99212*88.54*26.41**1~DTM*472*20201007~CAS*CO*45*62.13~REF*6R*CPCQ09JNVYEA~AMT*B6*26.41~CLP*000100041947*1*272.99*80.84**16*EVC0269765600*02*1~NM1*QC*1*THOMAS*WILLIAM*J***MI*902365471~NM1*82*1*CADDALI*ESTRELLA****XX*1164974580~REF*1L*65025~REF*CE*UHC DUAL COMPLETE FULL DUAL~REF*EA*4B54535C3CF941FC95364996BA9EB7~DTM*232*20201007~DTM*050*20201105~AMT*AU*80.84~SVC*HC:99214*272.99*80.84**1~DTM*472*20201007~CAS*CO*45*192.15~REF*6R*CPCQ61NWMT9T~AMT*B6*80.84~CLP*000100042055*1*302.44*81.28*1.03*16*EVC0269765400*11*1~NM1*QC*1*WINEGARNER*DANIEL*B***MI*9205508084~NM1*74*1******C*915024958~NM1*82*1*CADDALI*ESTRELLA****XX*1164974580~REF*1L*65025~REF*CE*UHC DUAL COMPLETE FULL DUAL~REF*EA*EECFEB8A857545D683E7DE721D9698~DTM*232*20201009~DTM*050*20201105~AMT*AU*82.31~SVC*HC:99213:25*178.3*77.14**1~DTM*472*20201009~CAS*CO*45*101.16~REF*6R*CPCQIA90N8E2~AMT*B6*77.14~SVC*HC:96127*17.08*4.14**1~DTM*472*20201009~CAS*PR*2*1.03~CAS*CO*45*11.91~REF*6R*CPCQKOJDG5EN~AMT*B6*5.17~SVC*HC:99408*107.06*0**1~DTM*472*20201009~CAS*CO*272*107.06~REF*6R*CPCQEAK01Z82~LQ*HE*N20~SE*120*000000019~GE*1*455623914~IEA*1*455623914~