ISA*00*          *00*          *ZZ*ENS_EDI        *ZZ*ZUG14932       *201117*1830*^*00501*455623914*1*P*:~GS*HP*ENS_EDI*ZUG14932*20201117*1830*455623914*X*005010X221A1~ST*835*000000011~BPR*I*168.8*C*CHK************20201118~TRN*1*51706796*1362739571*000087726~REF*EV*B00099999800~DTM*405*20201117~N1*PR*UNITED HEALTHCARE INSURANCE COMPANY*XV*87726~N3*P.O. BOX 31350~N4*SALT LAKE CTY*UT*84131~REF*2U*87726~PER*CX*UNITEDHEALTHCARE INSURANCE COMPANY*TE*8778423210~PER*BL**UR*www.uhcprovider.com/en/contact-us.html~N1*PE*SPANISH PEAKS NEW ALTERNATIVES*XX*1508250911~N3*41 MONTEBELLO RD STE 116~N4*PUEBLO*CO*810011366~REF*TJ*841158933~LX*1~CLP*000100040719*1*53.53*14.66**16*EVC0269769400*11*1~NM1*QC*1*MUNOZ*BERNADETTE****MI*917179730~NM1*82*1*HOOSHMAND PARSI*KAYKHSOROW****XX*1447291851~REF*1L*65025~REF*CE*UHC DUAL COMPLETE FULL DUAL~REF*EA*DF3CDC1021614408B919803CA5A3D3~REF*F8*0231296400~DTM*232*20200917~DTM*050*20201105~AMT*AU*14.66~SVC*HC:G0008*53.53*14.66**1~DTM*472*20200917~CAS*CO*45*38.87~REF*6R*CPCQO4QY02NR~AMT*B6*14.66~CLP*000100040074*1*53.53*14.66**16*EVC0269478300*11*1~NM1*QC*1*SMITH*CHRISTOPHER*T***MI*95062144300~NM1*74*1**CHRISTOPHE****C*950621443~NM1*82*1*HOOSHMAND PARSI*KAYKHSOROW****XX*1447291851~REF*1L*65025~REF*CE*UHC DUAL COMPLETE FULL DUAL~REF*EA*B91110BAD6A644D0B62A7EE28849B7~REF*F8*0231296300~DTM*232*20200902~DTM*050*20201105~AMT*AU*14.66~SVC*HC:G0008*53.53*14.66**1~DTM*472*20200902~CAS*CO*45*38.87~REF*6R*CPCQ39GQ71QP~AMT*B6*14.66~CLP*000100042017*1*361.52*139.48**16*EVC0274845500*11*1~NM1*QC*1*VANLOON*PAMELA****MI*967083958~NM1*74*1***A~NM1*82*1*HOOSHMAND PARSI*KAYKHSOROW****XX*1447291851~REF*1L*65025~REF*CE*UHC DUAL COMPLETE FULL DUAL~REF*EA*CE7A52291A914A94B6DAA7F680F3C1~DTM*232*20201008~DTM*050*20201105~AMT*AU*139.48~SVC*HC:99214:25*272.99*111.78**1~DTM*472*20201008~CAS*CO*45*161.21~REF*6R*CPCQEGHSZNHH~AMT*B6*111.78~SVC*HC:90471*53.53*0**1~DTM*472*20201008~CAS*CO*16*53.53~REF*6R*CPCQNXBCIUH7~LQ*HE*N56~SVC*HC:90756*35*27.7**1*N4:70461032003~DTM*472*20201008~CAS*CO*45*7.3~REF*6R*CPCQ19Z4YWAK~AMT*B6*27.7~SE*73*000000011~GE*1*455623914~IEA*1*455623914~