ISA*00*          *00*          *ZZ*ENS_EDI        *ZZ*ZUG14932       *191206*1930*^*00501*340677626*1*P*:~GS*HP*ENS_EDI*ZUG14932*20191206*1930*340677626*X*005010X221A1~ST*835*000000024~BPR*I*165.11*C*CHK************20191207~TRN*1*61229945*1362739571*000087726~REF*EV*B00099999800~DTM*405*20191206~N1*PR*UNITED HEALTHCARE INSURANCE COMPANY*XV*87726~N3*P.O. BOX 31362~N4*SALT LAKE CTY*UT*841310362~REF*2U*87726~PER*CX*UNITEDHEALTHCARE INSURANCE COMPANY*TE*8778423210~PER*BL**UR*www.uhcprovider.com/en/contact-us.html~N1*PE*SPANISH PEAKS NEW ALTERNATIVES*XX*1508250911~N3*41 MONTEBELLO RD STE 116~N4*PUEBLO*CO*810011366~REF*TJ*841158933~LX*1~CLP*000100024855*1*265*165.11**16*OEB2719540900*11*1~NM1*QC*1*WHITE*NORA****MI*961479286~NM1*74*1***J~NM1*82*1*CADDALI*ESTRELLA****XX*1164974580~REF*1L*15626~REF*CE*CF&I VEBA~REF*EA*645A7AB81D0146C1BB4674B8538708~DTM*232*20191107~DTM*050*20191120~AMT*AU*168.47~SVC*HC:99204:25*205*165.11**1~DTM*472*20191107~CAS*CO*45*36.53**253*3.36~REF*6R*CPD5Y3RO6VO4~AMT*B6*168.47~SVC*HC:G0444*20*0**1~DTM*472*20191107~CAS*CO*234*20~REF*6R*CPD51KJR868I~LQ*HE*M80~SVC*HC:G0396*40*0**1~DTM*472*20191107~CAS*CO*234*40~REF*6R*CPD5DU9ADCFP~LQ*HE*M80~SE*42*000000024~GE*1*340677626~IEA*1*340677626~