ISA*00*          *00*          *ZZ*ENS_EDI        *ZZ*ZUG14932       *200106*1930*^*00501*350294078*1*P*:~GS*HP*ENS_EDI*ZUG14932*20200106*1930*350294078*X*005010X221A1~ST*835*000000043~BPR*I*308.64*C*CHK************20200106~TRN*1*61499795*1362739571*000087726~REF*EV*B00099999800~DTM*405*20200105~N1*PR*UNITED HEALTHCARE INSURANCE COMPANY*XV*87726~N3*P.O. BOX 31362~N4*SALT LAKE CTY*UT*841310362~REF*2U*87726~PER*CX*UNITEDHEALTHCARE INSURANCE COMPANY*TE*8778423210~PER*BL**UR*www.uhcprovider.com/en/contact-us.html~N1*PE*SPANISH PEAKS NEW ALTERNATIVES*XX*1508250911~N3*41 MONTEBELLO RD STE 116~N4*PUEBLO*CO*810011366~REF*TJ*841158933~LX*1~CLP*000100026599*1*201*154.22**16*OEB8702343200*11*1~NM1*QC*1*CHAVEZ*MARIA*J***MI*92342949100~NM1*74*1******C*923429491~NM1*82*1*HOOSHMAND PARSI*KAYKHSOROW****XX*1447291851~REF*1L*15626~REF*CE*CF&I VEBA~REF*EA*EC3E764A42004ED3B238EC01F8BE6E~DTM*232*20191211~DTM*050*20191220~AMT*AU*156.78~SVC*HC:99214:25*134*109.16**1~DTM*472*20191211~CAS*CO*45*22.62**253*2.22~REF*6R*CPOT85C6MFOQ~AMT*B6*111.38~SVC*HC:G0008*32*16.8**1~DTM*472*20191211~CAS*CO*45*14.86**253*.34~REF*6R*CPOT6XT0O0GC~AMT*B6*17.14~SVC*HC:90674*35*28.26**1*N4:70461031904~DTM*472*20191211~CAS*CO*45*6.74~REF*6R*CPOTTIGKRDIY~AMT*B6*28.26~CLP*000100026549*1*212.15*154.42**16*OEB8702343000*11*1~NM1*QC*1*YARBERRY*GAYNEE*M***MI*94865886100~NM1*74*1******C*948658861~NM1*82*1*HOOSHMAND PARSI*KAYKHSOROW****XX*1447291851~REF*1L*15626~REF*CE*CF&I VEBA~REF*EA*9C56E1BC7A4A405A83118470BEC783~DTM*232*20191210~DTM*050*20191220~AMT*AU*157.57~SVC*HC:99397:25*189*137.25**1~DTM*472*20191210~CAS*CO*45*48.95**253*2.8~REF*6R*CPOT7RZQJEDZ~AMT*B6*140.05~SVC*HC:93000*23.15*17.17**1~DTM*472*20191210~CAS*CO*45*5.63**253*.35~REF*6R*CPOT9493CHL3~AMT*B6*17.52~SE*62*000000043~GE*1*350294078~IEA*1*350294078~