ISA*00*          *00*          *ZZ*ENS_EDI        *ZZ*ZUG14932       *200120*2030*^*00501*354451797*1*P*:~GS*HP*ENS_EDI*ZUG14932*20200120*2030*354451797*X*005010X221A1~ST*835*000000127~BPR*I*124.68*C*CHK************20200120~TRN*1*61601101*1362739571*000087726~REF*EV*B00099999800~DTM*405*20200119~N1*PR*UNITED HEALTHCARE INSURANCE COMPANY*XV*87726~N3*P.O. BOX 31362~N4*SALT LAKE CTY*UT*841310362~REF*2U*87726~PER*CX*UNITEDHEALTHCARE INSURANCE COMPANY*TE*8778423210~PER*BL**UR*www.uhcprovider.com/en/contact-us.html~N1*PE*SPANISH PEAKS NEW ALTERNATIVES*XX*1508250911~N3*41 MONTEBELLO RD STE 116~N4*PUEBLO*CO*810011366~REF*TJ*841158933~LX*1~CLP*000100026990*1*142*50.09*30.51*16*OEB8825242300*11*1~NM1*QC*1*SCALESE*JOSEPH****MI*97238637000~NM1*74*1***R***C*972386370~NM1*82*1*HOOSHMAND PARSI*KAYKHSOROW****XX*1447291851~REF*1L*12991~REF*CE*WELLS FARGO~REF*EA*10CC0987583A41A6A01E1365BF911D~DTM*232*20191218~DTM*050*20200102~AMT*AU*81.62~SVC*HC:99213:25*90*50.09**1~DTM*472*20191218~CAS*PR*3*25~CAS*CO*45*13.89**253*1.02~REF*6R*CPKE5Q03TIQ8~AMT*B6*76.11~SVC*HC:96127*8*0**1~DTM*472*20191218~CAS*PR*3*5.51~CAS*CO*45*2.49~REF*6R*CPKE6ERMIU2B~AMT*B6*5.51~SVC*HC:99408*44*0**1~DTM*472*20191218~CAS*CO*234*44~REF*6R*CPKES55RUGN3~LQ*HE*M80~CLP*000100027053*1*90*74.59**16*OEB8825242400*11*1~NM1*QC*1*YARBERRY*DAVID*N***MI*93508214600~NM1*74*1******C*935082146~NM1*82*1*HOOSHMAND PARSI*KAYKHSOROW****XX*1447291851~REF*1L*15626~REF*CE*CF&I VEBA~REF*EA*8BE7A66D761640E8804E211B19201C~DTM*232*20191219~DTM*050*20200102~AMT*AU*76.11~SVC*HC:99213*90*74.59**1~DTM*472*20191219~CAS*CO*45*13.89**253*1.52~REF*6R*CPKEBD35ZA8D~AMT*B6*76.11~SE*59*000000127~GE*1*354451797~IEA*1*354451797~