ISA*00*          *00*          *ZZ*ENS_EDI        *ZZ*ZUG14932       *200522*1730*^*00501*394892312*0*P*:~GS*HP*ENS_EDI*ZUG14932*20200522*1730*394892312*X*005010X221A1~ST*835*000000002~BPR*I*300*C*CHK************20200522~TRN*1*MZ21583706*1411289245*PE0087726~REF*EV*B00099999800~REF*F2*1083~DTM*405*20200522~N1*PR*UNITED HEALTHCARE INSURANCE COMPANY*XV*87726~N3*PO BOX 740800~N4*ATLANTA*GA*303740800~REF*2U*87726~PER*CX**TE*8778423210~PER*BL**UR*UHCProvider.com/en/contact-us.html~N1*PE*SPANISH PEAKS NEW ALTERNATIVES*XX*1508250911~N3*41 MONTEBELLO RD STE 116~N4*PUEBLO*CO*81001~REF*TJ*841158933~LX*1~TS3*1508250911*02*20201231*4*1746.16~CLP*000100033008*1*436.54*75**HM*CC09906733 0353176405*02*1~NM1*QC*1*CHAVEZ*DOMONIQUE*M~NM1*IL*1*CHAVEZ*DOMONIQUE*M***MI*974751680~NM1*82*1*LEWIS*HOLLY****XX*1295234128~REF*EA*30B24D3261A04BC5A07028633AEE7F~REF*CE*Charter~REF*1L*6Y5271~DTM*232*20200409~DTM*233*20200409~DTM*050*20200515~AMT*AU*436.54~SVC*HC:90837*436.54*75**1~DTM*472*20200409~CAS*CO*45*361.54~REF*6R*CPPQBA5MQ8RE~AMT*B6*75~CLP*000100033682*1*436.54*75**HM*CC09906895 0353176036*02*1~NM1*QC*1*CHAVEZ*DOMONIQUE*M~NM1*IL*1*CHAVEZ*DOMONIQUE*M***MI*974751680~NM1*82*1*LEWIS*HOLLY****XX*1295234128~REF*EA*067E6172C8BB44DDA0537FF2FE5675~REF*CE*Charter~REF*1L*6Y5271~DTM*232*20200423~DTM*233*20200423~DTM*050*20200515~AMT*AU*436.54~SVC*HC:90837*436.54*75**1~DTM*472*20200423~CAS*CO*45*361.54~REF*6R*CPPQO5PV8LO9~AMT*B6*75~CLP*000100033319*1*436.54*75**HM*CC09907039 0353175536*02*1~NM1*QC*1*CHAVEZ*DOMONIQUE*M~NM1*IL*1*CHAVEZ*DOMONIQUE*M***MI*974751680~NM1*82*1*LEWIS*HOLLY****XX*1295234128~REF*CE*Charter~REF*EA*2DD43D3AD14B40C48E529357571515~REF*1L*6Y5271~DTM*232*20200416~DTM*233*20200416~DTM*050*20200515~AMT*AU*436.54~SVC*HC:90837*436.54*75**1~DTM*472*20200416~CAS*CO*45*361.54~REF*6R*CPPQHP0X4CI9~AMT*B6*75~CLP*000100034402*1*436.54*75**HM*CC09907430 0353175634*02*1~NM1*QC*1*CHAVEZ*DOMONIQUE*M~NM1*IL*1*CHAVEZ*DOMONIQUE*M***MI*974751680~NM1*82*1*LEWIS*HOLLY****XX*1295234128~REF*CE*Charter~REF*EA*D44872116C6842DD9DC306A26CCCD7~REF*1L*6Y5271~DTM*232*20200507~DTM*233*20200507~DTM*050*20200515~AMT*AU*436.54~SVC*HC:90837*436.54*75**1~DTM*472*20200507~CAS*CO*45*361.54~REF*6R*CPPQYFGEV5BT~AMT*B6*75~SE*83*000000002~GE*1*394892312~IEA*1*394892312~