ISA*00*          *00*          *ZZ*ENS_EDI        *ZZ*ZUG14932       *200804*1630*^*00501*417643195*1*P*:~GS*HP*ENS_EDI*ZUG14932*20200804*1630*417643195*X*005010X221A1~ST*835*000000010~BPR*I*553.15*C*CHK************20200803~TRN*1*N200804P2299006545806801*1841011378~DTM*405*20200802~N1*PR*PACIFICARE OF COLORADO, INC.*XV*95959~N3*P.O. BOX 400046~N4*SAN ANTONIO*TX*78229~REF*2U*95959~PER*BL*EDI SUPPORT INFO*TE*8008421109*EM*SUPPORTEDI@UHC.COM~N1*PE*SPANISH PEAKS NEW ALTERNATIVES*XX*1508250911~N3*41 MONTEBELLO RD #116~N4*PUEBLO*CO*810011366~REF*TJ*841158933~REF*PQ*0195200810~LX*1~CLP*000100036727*1*192.81*70.66**16*22-4224280-01-093*02*1~NM1*QC*1*LOVESEE*GEORGE*W***MI*422428001~NM1*82*2*TELEHEALTH*****XX*1659521045~REF*F8*3460859203~REF*28*4224280~DTM*050*20200722~AMT*AU*70.66~SVC*HC:G2012*55*14.89**1~DTM*472*20200625~CAS*CO*45*40.11~REF*6R*CPAEX5JY5RFU~AMT*B6*14.89~SVC*HC:G0444*30.75*18.75**1~DTM*472*20200625~CAS*CO*45*12~REF*6R*CPAEKUNYK98Y~AMT*B6*18.75~SVC*HC:G0396*107.06*37.02**1~DTM*472*20200625~CAS*CO*45*70.04~REF*6R*CPAEGK4AD1XD~AMT*B6*37.02~CLP*000100036912*1*55*15.18**16*22-8566834-01-221*02*1~NM1*QC*1*TORRES*MIGUEL*L***MI*856683401~NM1*82*2*TELEHEALTH*****XX*1396971230~REF*F8*3461579603~REF*28*8566834~DTM*050*20200724~AMT*AU*15.18~SVC*HC:G2012*55*15.18**1~DTM*472*20200630~CAS*CO*45*39.82~REF*6R*CPAY4CCNIHKY~AMT*B6*15.18~CLP*000100037315*1*178.3*77.14**16*22-8510031-01-018*02*1~NM1*QC*1*VALLEJOS*CAROL****MI*851003101~NM1*74*1***L***C*851003101~NM1*82*2*TELEHEALTH*****XX*1164974580~REF*F8*3461579609~REF*28*8510031~DTM*050*20200724~AMT*AU*77.14~SVC*HC:99213*178.3*77.14**1~DTM*472*20200709~CAS*CO*45*101.16~REF*6R*CPAY89Z1KWWT~AMT*B6*77.14~CLP*000100038017*1*178.3*77.14**16*22-8510031-01-019*02*1~NM1*QC*1*VALLEJOS*CAROL****MI*851003101~NM1*74*1***L***C*851003101~NM1*82*2*TELEHEALTH*****XX*1164974580~REF*F8*3462957792~REF*28*8510031~DTM*050*20200729~AMT*AU*77.14~SVC*HC:99213*178.3*77.14**1~DTM*472*20200723~CAS*CO*45*101.16~REF*6R*CPAUOIAZM7WL~AMT*B6*77.14~CLP*000100036983*1*382.68*158.75**16*22-9665998-01-004*11*1~NM1*QC*1*RICHARDSON*SANDRA*K***MI*966599801~NM1*82*2*MEDICAL CENTER*****XX*1447291851~REF*F8*3461579599~REF*28*9665998~DTM*050*20200724~AMT*AU*158.75~SVC*HC:99397:25*328.01*141.15**1~DTM*472*20200701~CAS*CO*45*186.86~REF*6R*CPAYVWL39UJU~AMT*B6*141.15~SVC*HC:93000*54.67*17.6**1~DTM*472*20200701~CAS*CO*45*37.07~REF*6R*CPAY1LIHY4TT~AMT*B6*17.6~CLP*000100037928*1*178.3*77.14**16*22-3154642-01-094*11*1~NM1*QC*1*MILLS*CHARLES****MI*315464201~NM1*74*1***C***C*315464201~NM1*82*2*MEDICAL CENTER*****XX*1447291851~REF*F8*3462957793~REF*28*3154642~DTM*050*20200729~AMT*AU*77.14~SVC*HC:99213*178.3*77.14**1~DTM*472*20200722~CAS*CO*45*101.16~REF*6R*CPAUO42R8UCN~AMT*B6*77.14~CLP*000100036946*1*178.3*77.14**16*22-9077992-01-109*02*1~NM1*QC*1*GARZA*PATRICIA****MI*907799201~NM1*74*1***M***C*907799201~NM1*82*2*TELEHEALTH MARC*****XX*1447291851~REF*F8*3461579606~REF*28*9077992~DTM*050*20200724~AMT*AU*77.14~SVC*HC:99213*178.3*77.14**1~DTM*472*20200630~CAS*CO*45*101.16~REF*6R*CPAYBUTZERFC~AMT*B6*77.14~SE*119*000000010~GE*1*417643195~IEA*1*417643195~