ISA*00*          *00*          *ZZ*ENS_EDI        *ZZ*ZUG14932       *200428*1130*^*00501*388015711*1*P*:~GS*HP*ENS_EDI*ZUG14932*20200428*1130*388015711*X*005010X221A1~ST*835*000000017~BPR*I*382.32*C*CHK************20200427~TRN*1*N200428P2299006540469001*1841011378~DTM*405*20200426~N1*PR*PACIFICARE OF COLORADO, INC.*XV*95959~N3*P.O. BOX 400046~N4*SAN ANTONIO*TX*78229~REF*2U*95959~PER*BL*EDI SUPPORT INFO*TE*8008421109*EM*SUPPORTEDI@UHC.COM~N1*PE*SPANISH PEAKS NEW ALTERNATIVES*XX*1508250911~N3*41 MONTEBELLO RD #116~N4*PUEBLO*CO*810011366~REF*TJ*841158933~REF*PQ*0195200810~LX*1~CLP*000100032920*1*272.99*109.54**16*22-5508871-01-226*02*1~NM1*QC*1*LAWRENCE*CATHERINE*J***MI*550887101~NM1*82*2*TELEHEALTH*****XX*1164974580~REF*F8*3438891655~REF*28*5508871~DTM*050*20200421~AMT*AU*109.54~SVC*HC:99214*272.99*109.54**1~DTM*472*20200408~CAS*CO*253*2.24**45*161.21~REF*6R*CPGM9A82S6NK~AMT*B6*111.78~CLP*000100032630*1*178.3*75.6**16*22-9193748-01-026*02*1~NM1*QC*1*BURGESS*KELLY*L***MI*919374801~NM1*82*2*TELEHEALTH*****XX*1447291851~REF*F8*3438891662~REF*28*9193748~DTM*050*20200421~AMT*AU*75.6~SVC*HC:99213*178.3*75.6**1~DTM*472*20200402~CAS*CO*253*1.54**45*101.16~REF*6R*CPGM06WEGQCY~AMT*B6*77.14~CLP*000100032813*1*178.3*75.6**16*22-0121890-01-341*02*1~NM1*QC*1*CHAVEZ*MARY****MI*012189001~NM1*74*1***S***C*012189001~NM1*82*2*TELEHEALTH*****XX*1447291851~REF*F8*3438891593~REF*28*0121890~DTM*050*20200421~AMT*AU*75.6~SVC*HC:99213*178.3*75.6**1~DTM*472*20200406~CAS*CO*253*1.54**45*101.16~REF*6R*CPGMCBZ2CV5E~AMT*B6*77.14~CLP*000100032600*1*88.54*45.98**16*22-7636444-01-421*02*1~NM1*QC*1*PATTERSON*SOPHIA*R***MI*763644401~NM1*82*2*TELEHEALTH*****XX*1447291851~REF*F8*3438891669~REF*28*7636444~DTM*050*20200421~AMT*AU*45.98~SVC*HC:99212*88.54*45.98**1~DTM*472*20200401~CAS*CO*253*.94**45*41.62~REF*6R*CPGM9SJ88NRM~AMT*B6*46.92~CLP*000100032990*1*178.3*75.6**16*22-8704998-01-139*02*1~NM1*QC*1*BAKER*MICHAEL*W***MI*870499801~NM1*82*2*TELEHEALTH*****XX*1447291851~REF*F8*3438891592~REF*28*8704998~DTM*050*20200421~AMT*AU*75.6~SVC*HC:99213*178.3*75.6**1~DTM*472*20200409~CAS*CO*253*1.54**45*101.16~REF*6R*CPGMCB9G8MBX~AMT*B6*77.14~SE*77*000000017~GE*1*388015711~IEA*1*388015711~