ISA*00*          *00*          *ZZ*ENS_EDI        *ZZ*ZUG14932       *200602*1630*^*00501*397734514*1*P*:~GS*HP*ENS_EDI*ZUG14932*20200602*1630*397734514*X*005010X221A1~ST*835*000000033~BPR*I*208.37*C*CHK************20200601~TRN*1*N200602P2299006542179501*1841011378~DTM*405*20200531~N1*PR*PACIFICARE OF COLORADO, INC.*XV*95959~N3*P.O. BOX 400046~N4*SAN ANTONIO*TX*78229~REF*2U*95959~PER*BL*EDI SUPPORT INFO*TE*8008421109*EM*SUPPORTEDI@UHC.COM~N1*PE*SPANISH PEAKS NEW ALTERNATIVES*XX*1508250911~N3*41 MONTEBELLO RD #116~N4*PUEBLO*CO*810011366~REF*TJ*841158933~REF*PQ*0195200810~LX*1~CLP*000100034055*1*88.54*45.98**16*22-9064029-01-024*11*1~NM1*QC*1*ROJAS*MAVIS*R***MI*906402901~NM1*82*2*MEDICAL CENTER*****XX*1447291851~REF*F8*3445406059~REF*28*9064029~DTM*050*20200522~AMT*AU*45.98~SVC*HC:99212:95*88.54*45.98**1~DTM*472*20200430~CAS*CO*253*.94**45*41.62~REF*6R*CPQEM7W26MM6~AMT*B6*46.92~CLP*000100034592*1*316.11*132.91**16*22-9007263-01-038*02*1~NM1*QC*1*MAEZ*SHIRLEY*M***MI*900726301~NM1*82*2*TELEHEALTH*****XX*1164974580~REF*F8*3445406133~REF*28*9007263~DTM*050*20200522~AMT*AU*132.91~SVC*HC:99213:25*178.3*77.14**1~DTM*472*20200512~CAS*CO*45*101.16~REF*6R*CPQE6ST0WESF~AMT*B6*77.14~SVC*HC:G0444*30.75*18.75**1~DTM*472*20200512~CAS*CO*45*12~REF*6R*CPQE81819AGB~AMT*B6*18.75~SVC*HC:G0396*107.06*37.02**1~DTM*472*20200512~CAS*CO*45*70.04~REF*6R*CPQEFONXNIDC~AMT*B6*37.02~CLP*000100034071*1*22*14.59**16*22-8501678-01-222*02*1~NM1*QC*1*TREANOR*JOSEPH*E***MI*850167801~NM1*82*2*TELEHEALTH*****XX*1447291851~REF*F8*3445406106~REF*28*8501678~DTM*050*20200522~AMT*AU*14.59~SVC*HC:G2012*22*14.59**1~DTM*472*20200430~CAS*CO*253*.3**45*7.11~REF*6R*CPQEDEJBNNDJ~AMT*B6*14.89~CLP*000100034179*1*22*14.89**16*22-9077992-01-103*02*1~NM1*QC*1*GARZA*PATRICIA****MI*907799201~NM1*74*1***M***C*907799201~NM1*82*2*TELEHEALTH*****XX*1447291851~REF*F8*3445406050~REF*28*9077992~DTM*050*20200522~AMT*AU*14.89~SVC*HC:G2012*22*14.89**1~DTM*472*20200505~CAS*CO*45*7.11~REF*6R*CPQEM9K48ZVN~AMT*B6*14.89~SE*75*000000033~GE*1*397734514~IEA*1*397734514~