ISA*00*          *00*          *ZZ*ENS_EDI        *ZZ*ZUG14932       *191101*2230*^*00501*319848551*0*P*:~GS*HP*ENS_EDI*ZUG14932*20191101*2230*319848551*X*005010X221A1~ST*835*000000037~BPR*I*88.4*C*CHK************20191101~TRN*1*PG94820288*1411289245*PE0087726~REF*EV*B00099999800~REF*F2*1083~DTM*405*20191101~N1*PR*UNITED HEALTHCARE INSURANCE COMPANY*XV*87726~N3*RICHARDSON/SPRGFLD SRVC CNTR*PO BOX 30555~N4*SALT LAKE CITY*UT*841300555~REF*2U*87726~PER*CX*RICHARDSON/SPRGFLD SRVC CNTR*TE*8778423210~PER*BL**UR*UHCProvider.com/en/contact-us.html~N1*PE*SPANISH PEAKS NEW ALTERNATIVES*XX*1508250911~N3*41 MONTEBELLO RD STE 116~N4*PUEBLO*CO*81001~REF*TJ*841158933~LX*1~TS3*1508250911*11*20191231*1*134~CLP*000100023859*1*134*88.4**13*AV67556960 0086070989*02*1~NM1*QC*1*MARTINEZ*JOHNNY~NM1*IL*1*MARTINEZ*JOHNNY****MI*906404298~NM1*74*1**DAPHNE~NM1*82*2*SPANISH PEAKS NEW ALTERNATIVE*****XX*1013283241~REF*CE*CHOYC+~REF*EA*3B7138D1D6A34D86BC4C2C4DFE462E~REF*1L*906675~DTM*232*20191017~DTM*233*20191017~DTM*050*20191025~AMT*AU*134~SVC*HC:99214*134*88.4**1~DTM*472*20191017~CAS*CO*45*45.6~REF*6R*CP4XQQTWOU4B~AMT*B6*88.4~SE*36*000000037~GE*1*319848551~IEA*1*319848551~