ISA*00*          *00*          *ZZ*ENS_EDI        *ZZ*ZUG14932       *200522*1730*^*00501*394892312*0*P*:~GS*HP*ENS_EDI*ZUG14932*20200522*1730*394892312*X*005010X221A1~ST*835*000000012~BPR*I*255*C*CHK************20200522~TRN*1*PG96433773*1411289245*PE0087726~REF*EV*B00099999800~REF*F2*1083~DTM*405*20200522~N1*PR*UNITED HEALTHCARE INSURANCE COMPANY*XV*87726~N3*RICHARDSON/SPRGFLD SRVC CNTR*PO BOX 30555~N4*SALT LAKE CITY*UT*841300555~REF*2U*87726~PER*CX*RICHARDSON/SPRGFLD SRVC CNTR*TE*8778423210~PER*BL**UR*UHCProvider.com/en/contact-us.html~N1*PE*SPANISH PEAKS NEW ALTERNATIVES*XX*1508250911~N3*41 MONTEBELLO RD STE 116~N4*PUEBLO*CO*81001~REF*TJ*841158933~LX*1~TS3*1508250911*02*20201231*5*1890.04~CLP*000100034531*1*436.54*45*30*13*CC09907195 0008778043*02*1~NM1*QC*1*BROWN*SAMANTHA*L~NM1*IL*1*BROWN*SAMANTHA*L***MI*937545759~NM1*74*1*EGGE*AARON~NM1*82*1*LEWIS*HOLLY****XX*1295234128~REF*1L*702778~REF*CE*CHOYC+~REF*EA*26E6C120F30B4E3CABE11696AC0F0B~DTM*232*20200511~DTM*233*20200511~DTM*050*20200515~AMT*AU*436.54~SVC*HC:90837*436.54*45**1~DTM*472*20200511~CAS*PR*3*30~CAS*CO*45*361.54~REF*6R*CPPQ9DG0B5L6~AMT*B6*75~CLP*000100034151*1*436.54*45*30*13*CC09907922 0008778044*02*1~NM1*QC*1*BROWN*SAMANTHA*L~NM1*IL*1*BROWN*SAMANTHA*L***MI*937545759~NM1*74*1*EGGE*AARON~NM1*82*1*LEWIS*HOLLY****XX*1295234128~REF*EA*C5A751A547594C2083319A087A2A97~REF*1L*702778~REF*CE*CHOYC+~DTM*232*20200504~DTM*233*20200504~DTM*050*20200515~AMT*AU*436.54~SVC*HC:90837*436.54*45**1~DTM*472*20200504~CAS*CO*45*361.54~CAS*PR*3*30~REF*6R*CPPQIOMEPKVN~AMT*B6*75~CLP*000100034459*1*290.21*60**13*CC09907945 0092139332*02*1~NM1*QC*1*MARTINEZ*JOHNNY~NM1*IL*1*MARTINEZ*JOHNNY****MI*906404298~NM1*74*1**DAPHNE~NM1*82*1*LEWIS*HOLLY****XX*1295234128~REF*CE*CHOYC+~REF*EA*D064851A161D42A884B4573014D976~REF*1L*906675~DTM*232*20200508~DTM*233*20200508~DTM*050*20200515~AMT*AU*290.21~SVC*HC:90834*290.21*60**1~DTM*472*20200508~CAS*CO*45*230.21~REF*6R*CPPQH8QVQVCY~AMT*B6*60~CLP*000100034462*1*290.21*60**13*CC09906668 0071869051*02*1~NM1*QC*1*MCQUEEN*JORDAN*S~NM1*IL*1*MCQUEEN*JAMES*M***MI*903574015~NM1*82*1*LEWIS*HOLLY****XX*1295234128~REF*1L*718733~REF*CE*CHOYC+~REF*EA*C7870A5EFF1842A68EC69C1455AB40~DTM*232*20200508~DTM*233*20200508~DTM*050*20200515~AMT*AU*290.21~SVC*HC:90834*290.21*60**1~DTM*472*20200508~CAS*CO*45*230.21~REF*6R*CPPQQFHOGQUA~AMT*B6*60~CLP*000100034885*1*436.54*45*30*13*CC15760744 0008784927*02*1~NM1*QC*1*BROWN*SAMANTHA*L~NM1*IL*1*BROWN*SAMANTHA*L***MI*937545759~NM1*74*1*EGGE*AARON~NM1*82*1*LEWIS*HOLLY****XX*1295234128~REF*1L*702778~REF*CE*CHOYC+~REF*EA*F969EC52804B44E8877B7C7252A817~DTM*232*20200518~DTM*233*20200518~DTM*050*20200519~AMT*AU*436.54~SVC*HC:90837*436.54*45**1~DTM*472*20200518~CAS*PR*3*30~CAS*CO*45*361.54~REF*6R*CPPU2XQP9SHQ~AMT*B6*75~SE*106*000000012~GE*1*394892312~IEA*1*394892312~