ISA*00*          *00*          *ZZ*ENS_EDI        *ZZ*ZUG14932       *200501*1830*^*00501*389003891*0*P*:~GS*HP*ENS_EDI*ZUG14932*20200501*1830*389003891*X*005010X221A1~ST*835*000000009~BPR*I*525*C*CHK************20200501~TRN*1*PG96294873*1411289245*PE0087726~REF*EV*B00099999800~REF*F2*1083~DTM*405*20200501~N1*PR*UNITED HEALTHCARE INSURANCE COMPANY*XV*87726~N3*RICHARDSON/SPRGFLD SRVC CNTR*PO BOX 30555~N4*SALT LAKE CITY*UT*841300555~REF*2U*87726~PER*CX*RICHARDSON/SPRGFLD SRVC CNTR*TE*8778423210~PER*BL**UR*UHCProvider.com/en/contact-us.html~N1*PE*SPANISH PEAKS NEW ALTERNATIVES*XX*1508250911~N3*41 MONTEBELLO RD STE 116~N4*PUEBLO*CO*81001~REF*TJ*841158933~LX*1~TS3*1508250911*02*20201231*13*5207.15~CLP*000100031887*1*115*75**13*CA44985282 0071559483*02*1~NM1*QC*1*MCQUEEN*JORDAN~NM1*IL*1*MCQUEEN*JAMES****MI*903574015~NM1*74*1***M~NM1*82*1*LEWIS*HOLLY****XX*1295234128~REF*CE*CHOYC+~REF*1L*718733~REF*EA*EA1B0604C78F45E7BACF7787B188D1~DTM*232*20200320~DTM*233*20200320~DTM*050*20200407~AMT*AU*115~SVC*HC:90837*115*75**1~DTM*472*20200320~CAS*CO*45*40~REF*6R*CPEAAGEPT8ZK~AMT*B6*75~CLP*000100031956*1*436.54*45*30*13*CA44985330 0008742841*02*1~NM1*QC*1*BROWN*SAMANTHA~NM1*IL*1*BROWN*SAMANTHA****MI*937545759~NM1*74*1*EGGE*AARON~NM1*82*1*LEWIS*HOLLY****XX*1295234128~REF*EA*0F2591D5DD90455586162F0887FD48~REF*1L*702778~REF*CE*CHOYC+~DTM*232*20200323~DTM*233*20200323~DTM*050*20200407~AMT*AU*436.54~SVC*HC:90837*436.54*45**1~DTM*472*20200323~CAS*CO*45*361.54~CAS*PR*3*30~REF*6R*CPEA4B8955ZM~AMT*B6*75~CLP*000100032972*1*436.54*75**13*CA56475614 0091731509*02*1~NM1*QC*1*MARTINEZ*JOHNNY~NM1*IL*1*MARTINEZ*JOHNNY****MI*906404298~NM1*74*1**DAPHNE~NM1*82*1*LEWIS*HOLLY****XX*1295234128~REF*CE*CHOYC+~REF*EA*DA266FF1377A46849E3F99D77A4FD5~REF*1L*906675~DTM*232*20200408~DTM*233*20200408~DTM*050*20200414~AMT*AU*436.54~SVC*HC:90837*436.54*75**1~DTM*472*20200408~CAS*CO*45*361.54~REF*6R*CPF6E5VNJ2LJ~AMT*B6*75~CLP*000100032593*1*436.54*75**13*CA56476114 0091731514*02*1~NM1*QC*1*MARTINEZ*JOHNNY~NM1*IL*1*MARTINEZ*JOHNNY****MI*906404298~NM1*74*1**DAPHNE~NM1*82*1*LEWIS*HOLLY****XX*1295234128~REF*CE*CHOYC+~REF*1L*906675~REF*EA*6346C81A08484AE0B4FF1573E35C1C~DTM*232*20200401~DTM*233*20200401~DTM*050*20200414~AMT*AU*436.54~SVC*HC:90837*436.54*75**1~DTM*472*20200401~CAS*CO*45*361.54~REF*6R*CPFYEDQV83I2~AMT*B6*75~CLP*000100032593*1*436.54*0**13*CA56476129 0091731523*02*1~NM1*QC*1*MARTINEZ*JOHNNY~NM1*IL*1*MARTINEZ*JOHNNY****MI*906404298~NM1*74*1**DAPHNE~NM1*82*1*LEWIS*HOLLY****XX*1295234128~REF*1L*906675~REF*EA*B617B22CA48C42A6AA724A544BB582~REF*CE*CHOYC+~DTM*232*20200401~DTM*233*20200401~DTM*050*20200414~SVC*HC:90837*436.54*0**1~DTM*472*20200401~CAS*OA*18*436.54~REF*6R*CPF6YN5ZE6EK~LQ*HE*N702~CLP*000100031991*1*436.54*75**13*CA56476131 0091731526*02*1~NM1*QC*1*MARTINEZ*JOHNNY~NM1*IL*1*MARTINEZ*JOHNNY****MI*906404298~NM1*74*1**DAPHNE~NM1*82*1*LEWIS*HOLLY****XX*1295234128~REF*EA*333D87AB46F84411BB81A0B88055C8~REF*CE*CHOYC+~REF*1L*906675~DTM*232*20200323~DTM*233*20200323~DTM*050*20200414~AMT*AU*436.54~SVC*HC:90837*436.54*75**1~DTM*472*20200323~CAS*CO*45*361.54~REF*6R*CPFY4R55TY2D~AMT*B6*75~CLP*000100032757*1*436.54*45*30*13*CA56476144 0008743168*02*1~NM1*QC*1*BROWN*SAMANTHA~NM1*IL*1*BROWN*SAMANTHA****MI*937545759~NM1*74*1*EGGE*AARON~NM1*82*1*LEWIS*HOLLY****XX*1295234128~REF*CE*CHOYC+~REF*1L*702778~REF*EA*9B6876337C0B4CAEB798B800C01B0D~DTM*232*20200406~DTM*233*20200406~DTM*050*20200414~AMT*AU*436.54~SVC*HC:90837*436.54*45**1~DTM*472*20200406~CAS*CO*45*361.54~CAS*PR*3*30~REF*6R*CPFY1Q06RWBI~AMT*B6*75~CLP*000100032757*1*436.54*0**13*CA56476151 0008743170*02*1~NM1*QC*1*BROWN*SAMANTHA~NM1*IL*1*BROWN*SAMANTHA****MI*937545759~NM1*74*1*EGGE*AARON~NM1*82*1*LEWIS*HOLLY****XX*1295234128~REF*EA*B9FCA182CEAD43078E57DB999CE811~REF*1L*702778~REF*CE*CHOYC+~DTM*232*20200406~DTM*233*20200406~DTM*050*20200414~SVC*HC:90837*436.54*0**1~DTM*472*20200406~CAS*OA*18*436.54~REF*6R*CPF6HR2IORAR~LQ*HE*N702~CLP*000100031991*1*436.54*0**13*CA56476152 0091731532*02*1~NM1*QC*1*MARTINEZ*JOHNNY~NM1*IL*1*MARTINEZ*JOHNNY****MI*906404298~NM1*74*1**DAPHNE~NM1*82*1*LEWIS*HOLLY****XX*1295234128~REF*CE*CHOYC+~REF*1L*906675~REF*EA*D9C4A3683F014C008E0CB315225F49~DTM*232*20200323~DTM*233*20200323~DTM*050*20200414~SVC*HC:90837*436.54*0**1~DTM*472*20200323~CAS*OA*18*436.54~REF*6R*CPF6Z9L2N2GE~LQ*HE*N702~CLP*000100032972*1*436.54*0**13*CA56477482 0091731534*02*1~NM1*QC*1*MARTINEZ*JOHNNY~NM1*IL*1*MARTINEZ*JOHNNY****MI*906404298~NM1*74*1**DAPHNE~NM1*82*1*LEWIS*HOLLY****XX*1295234128~REF*1L*906675~REF*EA*0D4C5BC79EAC48F3810ACE63068B7D~REF*CE*CHOYC+~DTM*232*20200408~DTM*233*20200408~DTM*050*20200414~SVC*HC:90837*436.54*0**1~DTM*472*20200408~CAS*OA*18*436.54~REF*6R*CPFY37RKDO9L~LQ*HE*N702~CLP*000100032292*1*436.54*75**13*CA56478880 0071562888*02*1~NM1*QC*1*MCQUEEN*JORDAN~NM1*IL*1*MCQUEEN*JAMES****MI*903574015~NM1*74*1***M~NM1*82*1*LEWIS*HOLLY****XX*1295234128~REF*CE*CHOYC+~REF*EA*6B8BBE4FE36E4D51B08C7BC695B8A1~REF*1L*718733~DTM*232*20200327~DTM*233*20200327~DTM*050*20200414~AMT*AU*436.54~SVC*HC:90837*436.54*75**1~DTM*472*20200327~CAS*CO*45*361.54~REF*6R*CPFYUTRM2MW6~AMT*B6*75~CLP*000100032292*1*436.54*0**13*CA56478882 0071562890*02*1~NM1*QC*1*MCQUEEN*JORDAN~NM1*IL*1*MCQUEEN*JAMES****MI*903574015~NM1*74*1***M~NM1*82*1*LEWIS*HOLLY****XX*1295234128~REF*1L*718733~REF*CE*CHOYC+~REF*EA*9027CAFF616F46B9BFCF8589C683FD~DTM*232*20200327~DTM*233*20200327~DTM*050*20200414~SVC*HC:90837*436.54*0**1~DTM*472*20200327~CAS*OA*18*436.54~REF*6R*CPF6O9S04HBP~LQ*HE*N702~CLP*000100032608*1*290.21*60**13*CA56478314 0071591362*02*1~NM1*QC*1*MCQUEEN*JORDAN*S~NM1*IL*1*MCQUEEN*JAMES*M***MI*903574015~NM1*82*1*LEWIS*HOLLY****XX*1295234128~REF*CE*CHOYC+~REF*1L*718733~REF*EA*C00A212F0B9E49B7B17D346A46A633~DTM*232*20200402~DTM*233*20200402~DTM*050*20200414~AMT*AU*290.21~SVC*HC:90834*290.21*60**1~DTM*472*20200402~CAS*CO*45*230.21~REF*6R*CPF6L9HXN6I1~AMT*B6*60~SE*236*000000009~GE*1*389003891~IEA*1*389003891~