ISA*00*          *00*          *ZZ*ENS_EDI        *ZZ*ZUG14932       *200508*1730*^*00501*390996334*0*P*:~GS*HP*ENS_EDI*ZUG14932*20200508*1730*390996334*X*005010X221A1~ST*835*000000047~BPR*I*330*C*CHK************20200508~TRN*1*PG96342527*1411289245*PE0087726~REF*EV*B00099999800~REF*F2*1083~DTM*405*20200508~N1*PR*UNITED HEALTHCARE INSURANCE COMPANY*XV*87726~N3*RICHARDSON/SPRGFLD SRVC CNTR*PO BOX 30555~N4*SALT LAKE CITY*UT*841300555~REF*2U*87726~PER*CX*RICHARDSON/SPRGFLD SRVC CNTR*TE*8778423210~PER*BL**UR*UHCProvider.com/en/contact-us.html~N1*PE*SPANISH PEAKS NEW ALTERNATIVES*XX*1508250911~N3*41 MONTEBELLO RD STE 116~N4*PUEBLO*CO*81001~REF*TJ*841158933~LX*1~TS3*1508250911*02*20201231*7*2616.79~CLP*000100032608*1*290.21*0**13*CA56478878 0071623659*02*1~NM1*QC*1*MCQUEEN*JORDAN*S~NM1*IL*1*MCQUEEN*JAMES*M***MI*903574015~NM1*82*1*LEWIS*HOLLY****XX*1295234128~REF*CE*CHOYC+~REF*EA*05BB5F29624B4B76825B64DA15CAFB~REF*1L*718733~DTM*232*20200402~DTM*233*20200402~DTM*050*20200414~SVC*HC:90834*290.21*0**1~DTM*472*20200402~CAS*OA*18*290.21~REF*6R*CPFYF3H7AWXT~LQ*HE*N702~CLP*000100033288*1*436.54*75**13*CA86229041 0091817756*02*1~NM1*QC*1*MARTINEZ*JOHNNY~NM1*IL*1*MARTINEZ*JOHNNY****MI*906404298~NM1*74*1**DAPHNE~NM1*82*1*LEWIS*HOLLY****XX*1295234128~REF*CE*CHOYC+~REF*EA*780F5BE9D4A647ABA10C6ED2104A51~REF*1L*906675~DTM*232*20200415~DTM*233*20200415~DTM*050*20200501~AMT*AU*436.54~SVC*HC:90837*436.54*75**1~DTM*472*20200415~CAS*CO*45*361.54~REF*6R*CPOMSZ0Q11SD~AMT*B6*75~CLP*000100033113*1*436.54*45*30*13*CA86229289 0008750253*02*1~NM1*QC*1*BROWN*SAMANTHA*L~NM1*IL*1*BROWN*SAMANTHA*L***MI*937545759~NM1*74*1*EGGE*AARON~NM1*82*1*LEWIS*HOLLY****XX*1295234128~REF*CE*CHOYC+~REF*1L*702778~REF*EA*698A303B6D9446CA8C6A421C42AC58~DTM*232*20200413~DTM*233*20200413~DTM*050*20200501~AMT*AU*436.54~SVC*HC:90837*436.54*45**1~DTM*472*20200413~CAS*CO*45*361.54~CAS*PR*3*30~REF*6R*CPOMCNHJSZY2~AMT*B6*75~CLP*000100033441*1*436.54*45*30*13*CA86229361 0008750254*02*1~NM1*QC*1*BROWN*SAMANTHA*L~NM1*IL*1*BROWN*SAMANTHA*L***MI*937545759~NM1*74*1*EGGE*AARON~NM1*82*1*LEWIS*HOLLY****XX*1295234128~REF*1L*702778~REF*EA*8001BB1A71E04942BD0635DA0A2052~REF*CE*CHOYC+~DTM*232*20200420~DTM*233*20200420~DTM*050*20200501~AMT*AU*436.54~SVC*HC:90837*436.54*45**1~DTM*472*20200420~CAS*PR*3*30~CAS*CO*45*361.54~REF*6R*CPOMP3P6HHGG~AMT*B6*75~CLP*000100033825*1*436.54*45*30*13*CA86229371 0008750255*02*1~NM1*QC*1*BROWN*SAMANTHA*L~NM1*IL*1*BROWN*SAMANTHA*L***MI*937545759~NM1*74*1*EGGE*AARON~NM1*82*1*LEWIS*HOLLY****XX*1295234128~REF*EA*EC58FF00B9C84F88A64E0325386D53~REF*1L*702778~REF*CE*CHOYC+~DTM*232*20200427~DTM*233*20200427~DTM*050*20200501~AMT*AU*436.54~SVC*HC:90837*436.54*45**1~DTM*472*20200427~CAS*CO*45*361.54~CAS*PR*3*30~REF*6R*CPOMABBA972A~AMT*B6*75~CLP*000100033060*1*290.21*60**13*CA86232905 0071631404*02*1~NM1*QC*1*MCQUEEN*JORDAN*S~NM1*IL*1*MCQUEEN*JAMES*M***MI*903574015~NM1*82*1*LEWIS*HOLLY****XX*1295234128~REF*CE*CHOYC+~REF*EA*E71425F492F746478D53528D2B56FD~REF*1L*718733~DTM*232*20200410~DTM*233*20200410~DTM*050*20200501~AMT*AU*290.21~SVC*HC:90834*290.21*60**1~DTM*472*20200410~CAS*CO*45*230.21~REF*6R*CPOMGMR91BXA~AMT*B6*60~CLP*000100033747*1*290.21*60**13*CA86227990 0071665443*02*1~NM1*QC*1*MCQUEEN*JORDAN*S~NM1*IL*1*MCQUEEN*JAMES*M***MI*903574015~NM1*82*1*LEWIS*HOLLY****XX*1295234128~REF*1L*718733~REF*CE*CHOYC+~REF*EA*39F248D29FB44986805C949FF75B90~DTM*232*20200424~DTM*233*20200424~DTM*050*20200501~AMT*AU*290.21~SVC*HC:90834*290.21*60**1~DTM*472*20200424~CAS*CO*45*230.21~REF*6R*CPOMWMMMCF4Q~AMT*B6*60~SE*137*000000047~GE*1*390996334~IEA*1*390996334~