ISA*00*          *00*          *ZZ*ENS_EDI        *ZZ*ZUG14932       *200124*2130*^*00501*356076882*0*P*:~GS*HP*ENS_EDI*ZUG14932*20200124*2130*356076882*X*005010X221A1~ST*835*000000114~BPR*I*102.4*C*CHK************20200124~TRN*1*QC70503735*1411289245*PE0087726~REF*EV*B00099999800~REF*F2*1083~DTM*405*20200124~N1*PR*UNITED HEALTHCARE INSURANCE COMPANY*XV*87726~N3*RICHARDSON/SPRGFLD SRVC CNTR*PO BOX 740800~N4*ATLANTA*GA*303740800~REF*2U*87726~PER*CX*RICHARDSON/SPRGFLD SRVC CNTR*TE*8778423210~PER*BL**UR*UHCProvider.com/en/contact-us.html~N1*PE*SPANISH PEAKS NEW ALTERNATIVES*XX*1508250911~N3*41 MONTEBELLO RD STE 116~N4*PUEBLO*CO*81001~REF*TJ*841158933~LX*1~TS3*1508250911*11*20201231*2*268~CLP*000100027232*1*134*51.2*70*13*AX34539858 0409020060*11*1~NM1*QC*1*IANNE*RUSSELL~NM1*IL*1*IANNE*RUSSELL****MI*963106805~NM1*74*1***R~NM1*82*1*KLAKER*JULIE*M***XX*1215134705~REF*EA*71BED103791C4E28AEC17AFF8BD257~REF*CE*CHOYC+~REF*1L*7X8120~DTM*232*20191226~DTM*233*20191226~DTM*050*20200108~AMT*AU*134~SVC*HC:99214*134*51.2**1~DTM*472*20191226~CAS*PR*3*70~CAS*CO*45*12.8~REF*6R*CPK255JAED89~AMT*B6*121.2~CLP*000100027486*1*134*51.2*70*13*AX45284023 0409546435*11*1~NM1*QC*1*IANNE*RUSSELL~NM1*IL*1*IANNE*RUSSELL****MI*963106805~NM1*74*1***R~NM1*82*1*KLAKER*JULIE*M***XX*1215134705~REF*1L*7X8120~REF*CE*CHOYC+~REF*EA*422C6064660145CBB88809F1588248~DTM*232*20200102~DTM*233*20200102~DTM*050*20200113~AMT*AU*134~SVC*HC:99214*134*51.2**1~DTM*472*20200102~CAS*CO*45*12.8~CAS*PR*3*70~REF*6R*CPL6PDER30R9~AMT*B6*121.2~SE*55*000000114~GE*1*356076882~IEA*1*356076882~