ISA*00*          *00*          *ZZ*ENS_EDI        *ZZ*ZUG14932       *191115*2230*^*00501*328199759*0*P*:~GS*HP*ENS_EDI*ZUG14932*20191115*2230*328199759*X*005010X221A1~ST*835*000000140~BPR*I*160*C*CHK************20191115~TRN*1*QC70097221*1411289245*PE0087726~REF*EV*B00099999800~REF*F2*1083~DTM*405*20191115~N1*PR*UNITED HEALTHCARE INSURANCE COMPANY*XV*87726~N3*RICHARDSON/SPRGFLD SRVC CNTR*PO BOX 30555~N4*SALT LAKE CITY*UT*841300555~REF*2U*87726~PER*CX*RICHARDSON/SPRGFLD SRVC CNTR*TE*8778423210~PER*BL**UR*UHCProvider.com/en/contact-us.html~N1*PE*SPANISH PEAKS NEW ALTERNATIVES*XX*1508250911~N3*41 MONTEBELLO RD STE 116~N4*PUEBLO*CO*81001~REF*TJ*841158933~LX*1~TS3*1508250911*11*20191231*3*355~CLP*000100024079*1*120*50*25*14*AV80496835 0065024749*11*1~NM1*QC*1*VAUGHT*ELIJAH~NM1*IL*1*VAUGHT*ELIJAH****MI*927540634~NM1*74*1***MALIK TIJAH~NM1*82*1*LEWIS*HOLLY****XX*1295234128~REF*1L*901650~REF*EA*C2AFC9DE12244E56A65ED273205E83~REF*CE*CHOYC~DTM*232*20191023~DTM*233*20191023~DTM*050*20191031~AMT*AU*120~SVC*HC:90791*120*50**1~DTM*472*20191023~CAS*PR*3*25~CAS*CO*45*45~REF*6R*CP5T7YCNILBA~AMT*B6*75~CLP*000100023959*1*120*75**13*AV80498106 0105094159*11*1~NM1*QC*1*SMITH*ELIZABETH*A~NM1*IL*1*SMITH*ELIZABETH*A***MI*954722815~NM1*82*1*LEWIS*HOLLY****XX*1295234128~REF*1L*908911~REF*EA*863A4D2AC15F4D92952BA54F7FA1A7~REF*CE*CHOYC+~DTM*232*20191018~DTM*233*20191018~DTM*050*20191031~AMT*AU*120~SVC*HC:90791*120*75**1~DTM*472*20191018~CAS*CO*45*45~REF*6R*CP5TOWPQBD30~AMT*B6*75~CLP*000100024213*1*115*35*40*14*AV80498109 0105051656*11*1~NM1*QC*1*STOREY*JACOB~NM1*IL*1*STOREY*JACOB****MI*934847113~NM1*74*1***J~NM1*82*1*LEWIS*HOLLY****XX*1295234128~REF*EA*27C4B8E54C4444B58EF1B1197CB4D0~REF*CE*CHOYC~REF*1L*911513~DTM*232*20191025~DTM*233*20191025~DTM*050*20191031~AMT*AU*115~SVC*HC:90837*115*35**1~DTM*472*20191025~CAS*CO*45*40~CAS*PR*3*40~REF*6R*CP5TKD2RWU3G~AMT*B6*75~SE*71*000000140~GE*1*328199759~IEA*1*328199759~