ISA*00*          *00*          *ZZ*ENS_EDI        *ZZ*ZUG14932       *200103*2130*^*00501*349633206*0*P*:~GS*HP*ENS_EDI*ZUG14932*20200103*2130*349633206*X*005010X221A1~ST*835*000000017~BPR*I*185.6*C*CHK************20200103~TRN*1*QC70395776*1411289245*PE0087726~REF*EV*B00099999800~REF*F2*1083~DTM*405*20200103~N1*PR*UNITED HEALTHCARE INSURANCE COMPANY*XV*87726~N3*PO BOX 740800~N4*ATLANTA*GA*303740800~REF*2U*87726~PER*CX**TE*8778423210~PER*BL**UR*UHCProvider.com/en/contact-us.html~N1*PE*SPANISH PEAKS NEW ALTERNATIVES*XX*1508250911~N3*41 MONTEBELLO RD STE 116~N4*PUEBLO*CO*81001~REF*TJ*841158933~LX*1~TS3*1508250911*11*20201231*2*255~CLP*000100026341*1*90*51.6*30*HM*AW90454659 0338974556*11*1~NM1*QC*1*GOINS*EZRA~NM1*IL*1*GOINS*EZRA****MI*918085765~NM1*82*1*CADDALI*ESTRELLA****XX*1164974580~REF*1L*5F7452~REF*EA*EDB980E7216340A585BE17E7300F05~REF*CE*Charter~DTM*232*20191206~DTM*233*20191206~DTM*050*20191217~AMT*AU*90~SVC*HC:99213*90*51.6**1~DTM*472*20191206~CAS*PR*3*30~CAS*CO*45*8.4~REF*6R*CPN98B4XRNYG~AMT*B6*81.6~CLP*000100026343*1*165*134**HM*AW90454666 0338974307*11*1~NM1*QC*1*GOINS*ANA~NM1*IL*1*GOINS*ANA****MI*927087972~NM1*82*1*CADDALI*ESTRELLA****XX*1164974580~REF*CE*Charter~REF*EA*7BAA6450AD7A437EA6FE2D5AD4B562~REF*1L*5F7452~DTM*232*20191206~DTM*233*20191206~DTM*050*20191217~AMT*AU*165~SVC*HC:99395*165*134**1~DTM*472*20191206~CAS*CO*45*31~REF*6R*CPN9X2XD0CCH~AMT*B6*134~SE*52*000000017~GE*1*349633206~IEA*1*349633206~