ISA*00*          *00*          *ZZ*ENS_EDI        *ZZ*ZUG14932       *191123*0030*^*00501*332503161*0*P*:~GS*HP*ENS_EDI*ZUG14932*20191123*0030*332503161*X*005010X221A1~ST*835*000000164~BPR*I*270*C*CHK************20191122~TRN*1*QC70142172*1411289245*PE0087726~REF*EV*B00099999800~REF*F2*1083~DTM*405*20191122~N1*PR*UNITED HEALTHCARE INSURANCE COMPANY*XV*87726~N3*RICHARDSON/SPRGFLD SRVC CNTR*PO BOX 30555~N4*SALT LAKE CITY*UT*841300555~REF*2U*87726~PER*CX*RICHARDSON/SPRGFLD SRVC CNTR*TE*8778423210~PER*BL**UR*UHCProvider.com/en/contact-us.html~N1*PE*SPANISH PEAKS NEW ALTERNATIVES*XX*1508250911~N3*41 MONTEBELLO RD STE 116~N4*PUEBLO*CO*81001~REF*TJ*841158933~LX*1~TS3*1508250911*11*20191231*4*460~CLP*000100024247*1*115*75**13*AV84838852 0105310704*11*1~NM1*QC*1*SMITH*ELIZABETH*A~NM1*IL*1*SMITH*ELIZABETH*A***MI*954722815~NM1*82*1*LEWIS*HOLLY****XX*1295234128~REF*1L*908911~REF*EA*5C3D548F7C8D4E60899805CBDD06E5~REF*CE*CHOYC+~DTM*232*20191025~DTM*233*20191025~DTM*050*20191101~AMT*AU*115~SVC*HC:90837*115*75**1~DTM*472*20191025~CAS*CO*45*40~REF*6R*CPCLV1XONPMP~AMT*B6*75~CLP*000100024480*1*115*75**13*AV95542453 0105968449*11*1~NM1*QC*1*SMITH*ELIZABETH*A~NM1*IL*1*SMITH*ELIZABETH*A***MI*954722815~NM1*82*1*LEWIS*HOLLY****XX*1295234128~REF*CE*CHOYC+~REF*EA*EA916C926E954845B75FE1B1BA39B7~REF*1L*908911~DTM*232*20191101~DTM*233*20191101~DTM*050*20191106~AMT*AU*115~SVC*HC:90837*115*75**1~DTM*472*20191101~CAS*CO*45*40~REF*6R*CPCH2VH6I5D7~AMT*B6*75~CLP*000100024753*1*115*45*30*13*AW06371780 0106607892*11*1~NM1*QC*1*SANCHEZ*JESUS*R~NM1*IL*1*SANCHEZ*JESUS*R***MI*930609683~NM1*74*1**JESUS R~NM1*82*1*LEWIS*HOLLY****XX*1295234128~REF*CE*CHOYC+~REF*EA*ABCDDA33F1184D019F79B55767034C~REF*1L*915986~DTM*232*20191106~DTM*233*20191106~DTM*050*20191111~AMT*AU*115~SVC*HC:90837*115*45**1~DTM*472*20191106~CAS*PR*3*30~CAS*CO*45*40~REF*6R*CPDLFMB4C4B5~AMT*B6*75~CLP*000100024881*1*115*75**13*AW06372126 0106608435*11*1~NM1*QC*1*SMITH*ELIZABETH*A~NM1*IL*1*SMITH*ELIZABETH*A***MI*954722815~NM1*82*1*LEWIS*HOLLY****XX*1295234128~REF*EA*9FF5E854F44344958F02A4CA17FCD0~REF*1L*908911~REF*CE*CHOYC+~DTM*232*20191107~DTM*233*20191107~DTM*050*20191111~AMT*AU*115~SVC*HC:90837*115*75**1~DTM*472*20191107~CAS*CO*45*40~REF*6R*CPDLQCAA9GAU~AMT*B6*75~SE*85*000000164~GE*1*332503161~IEA*1*332503161~