ISA*00*          *00*          *ZZ*ENS_EDI        *ZZ*ZUG14932       *200207*2330*^*00501*360772777*0*P*:~GS*HP*ENS_EDI*ZUG14932*20200207*2330*360772777*X*005010X221A1~ST*835*000000123~BPR*I*143.2*C*CHK************20200207~TRN*1*QC70575182*1411289245*PE0087726~REF*EV*B00099999800~REF*F2*1083~DTM*405*20200207~N1*PR*UNITED HEALTHCARE INSURANCE COMPANY*XV*87726~N3*PO BOX 740800~N4*ATLANTA*GA*303740800~REF*2U*87726~PER*CX**TE*8778423210~PER*BL**UR*UHCProvider.com/en/contact-us.html~N1*PE*SPANISH PEAKS NEW ALTERNATIVES*XX*1508250911~N3*41 MONTEBELLO RD STE 116~N4*PUEBLO*CO*81001~REF*TJ*841158933~LX*1~TS3*1508250911*11*20201231*1*175~CLP*000100027952*1*175*143.2**HM*AX69219589 0342406129*11*1~NM1*QC*1*RICOTTA*CONSTANCE~NM1*IL*1*RICOTTA*CONSTANCE****MI*928241224~NM1*74*1***L~NM1*82*1*CADDALI*ESTRELLA****XX*1164974580~REF*EA*914B02CC72AC4021B5949484EF1C63~REF*CE*Charter~REF*1L*6Y5272~DTM*232*20200110~DTM*233*20200110~DTM*050*20200123~AMT*AU*175~SVC*HC:99396*175*143.2**1~DTM*472*20200110~CAS*CO*45*31.8~REF*6R*CPM6DVBN8XZ8~AMT*B6*143.2~SE*36*000000123~GE*1*360772777~IEA*1*360772777~