ISA*00*          *00*          *ZZ*ENS_EDI        *ZZ*ZUG14932       *200810*2130*^*00501*419735557*0*P*:~GS*HP*ENS_EDI*ZUG14932*20200810*2130*419735557*X*005010X221A1~ST*835*000000160~BPR*I*255*C*CHK************20200810~TRN*1*QC71509855*1411289245*PE0087726~REF*EV*B00099999800~REF*F2*1083~DTM*405*20200810~N1*PR*UNITED HEALTHCARE INSURANCE COMPANY*XV*87726~N3*P O BOX 740800~N4*ATLANTA*GA*303740800~REF*2U*87726~PER*CX*RICHARDSON/SPRGFLD SRVC CNTR*TE*8778423210~PER*BL**UR*UHCProvider.com/en/contact-us.html~N1*PE*SPANISH PEAKS NEW ALTERNATIVES*XX*1508250911~N3*41 MONTEBELLO RD STE 116~N4*PUEBLO*CO*81001~REF*TJ*841158933~LX*1~TS3*1508250911*11*20201231*5*2037.6~CLP*000100038013*1*436.54*75**13*CD97990494 0360746952*11*1~NM1*QC*1*PHILLIPS*BAILEE*M~NM1*IL*1*PHILLIPS*BAILEE*M***MI*966056408~NM1*74*1**BEN~NM1*82*1*LEWIS*HOLLY****XX*1295234128~REF*EA*0B4B17F1C62541B89DD7CE3BD48F38~REF*1L*4F7689~REF*CE*CHOYC+~DTM*232*20200723~DTM*233*20200723~DTM*050*20200806~AMT*AU*436.54~SVC*HC:90837*436.54*75**1~DTM*472*20200723~CAS*CO*45*361.54~REF*6R*CPIIOPJ9PZOI~AMT*B6*75~CLP*000100037383*1*437.77*45*30*14*CD97990496 0070765468*11*1~NM1*QC*1*LEASURE*JAMIE~NM1*IL*1*LEASURE*JAMIE****MI*901651367~NM1*74*1***LYNN~NM1*82*1*LEWIS*HOLLY****XX*1295234128~REF*EA*242D8CA77E2F428DB0FE292C430362~REF*1L*901650~REF*CE*CHOYC~DTM*232*20200710~DTM*233*20200710~DTM*050*20200806~AMT*AU*437.77~SVC*HC:90791*437.77*45**1~DTM*472*20200710~CAS*CO*45*362.77~CAS*PR*3*30~REF*6R*CPII6ZO4CA1J~AMT*B6*75~CLP*000100038077*1*436.54*45*30*14*CD97992246 0070765486*11*1~NM1*QC*1*LEASURE*JAMIE~NM1*IL*1*LEASURE*JAMIE****MI*901651367~NM1*74*1***LYNN~NM1*82*1*LEWIS*HOLLY****XX*1295234128~REF*EA*34C2789285C0491FB2AFEB0374DCC3~REF*1L*901650~REF*CE*CHOYC~DTM*232*20200724~DTM*233*20200724~DTM*050*20200806~AMT*AU*436.54~SVC*HC:90837*436.54*45**1~DTM*472*20200724~CAS*PR*3*30~CAS*CO*45*361.54~REF*6R*CPIIPL0RV1MF~AMT*B6*75~CLP*000100036931*1*290.21*35*25*13*CD97992262 0144038175*11*1~NM1*QC*1*SANCHEZ*JESUS*R~NM1*IL*1*SANCHEZ*JESUS*R***MI*930609683~NM1*82*1*LEWIS*HOLLY****XX*1295234128~REF*CE*CHOYC+~REF*EA*8916CB93291E4B6C8DBFA3E51EA45D~REF*1L*915986~DTM*232*20200630~DTM*233*20200630~DTM*050*20200806~AMT*AU*290.21~SVC*HC:90834*290.21*35**1~DTM*472*20200630~CAS*PR*3*25~CAS*CO*45*230.21~REF*6R*CPII2T72IZ1I~AMT*B6*60~CLP*000100038063*1*436.54*55*20*13*CD97992385 0144070140*11*1~NM1*QC*1*STOREY*JACOB*J~NM1*IL*1*STOREY*JACOB*J***MI*934847113~NM1*82*1*LEWIS*HOLLY****XX*1295234128~REF*CE*Navigat~REF*EA*AF986B7CC3224B8FA3F08226EFDC5F~REF*1L*911513~DTM*232*20200724~DTM*233*20200724~DTM*050*20200806~AMT*AU*436.54~SVC*HC:90837*436.54*55**1~DTM*472*20200724~CAS*CO*45*361.54~CAS*PR*3*20~REF*6R*CPIIHWK6ZMSM~AMT*B6*75~SE*106*000000160~GE*1*419735557~IEA*1*419735557~