ISA*00*          *00*          *ZZ*ENS_EDI        *ZZ*ZUG14932       *200522*1730*^*00501*394892312*0*P*:~GS*HP*ENS_EDI*ZUG14932*20200522*1730*394892312*X*005010X221A1~ST*835*000000029~BPR*I*225*C*CHK************20200522~TRN*1*QC71117199*1411289245*PE0087726~REF*EV*B00099999800~REF*F2*1083~DTM*405*20200522~N1*PR*UNITED HEALTHCARE INSURANCE COMPANY*XV*87726~N3*RICHARDSON/SPRGFLD SRVC CNTR*PO BOX 30555~N4*SALT LAKE CITY*UT*841300555~REF*2U*87726~PER*CX*RICHARDSON/SPRGFLD SRVC CNTR*TE*8778423210~PER*BL**UR*UHCProvider.com/en/contact-us.html~N1*PE*SPANISH PEAKS NEW ALTERNATIVES*XX*1508250911~N3*41 MONTEBELLO RD STE 116~N4*PUEBLO*CO*81001~REF*TJ*841158933~LX*1~TS3*1508250911*02*20201231*3*1309.62~CLP*000100034082*1*436.54*75**13*CC09906991 0132882126*02*1~NM1*QC*1*STOREY*JACOB~NM1*IL*1*STOREY*JACOB****MI*934847113~NM1*74*1***J~NM1*82*1*LEWIS*HOLLY****XX*1295234128~REF*1L*911513~REF*EA*113997BB9878474CBFCBF9CAB3A570~REF*CE*Navigat~DTM*232*20200501~DTM*233*20200501~DTM*050*20200515~AMT*AU*436.54~SVC*HC:90837*436.54*75**1~DTM*472*20200501~CAS*CO*45*361.54~REF*6R*CPPQR8L1HJRF~AMT*B6*75~CLP*000100034771*1*436.54*75**13*CC09907037 0132881506*02*1~NM1*QC*1*SANCHEZ*JESUS*R~NM1*IL*1*SANCHEZ*JESUS*R***MI*930609683~NM1*74*1**JESUS R~NM1*82*1*LEWIS*HOLLY****XX*1295234128~REF*CE*CHOYC+~REF*EA*5921D905AE2B46F9B88D47F9D36CB2~REF*1L*915986~DTM*232*20200514~DTM*233*20200514~DTM*050*20200515~AMT*AU*436.54~SVC*HC:90837*436.54*75**1~DTM*472*20200514~CAS*CO*45*361.54~REF*6R*CPPQD3WOYLGE~AMT*B6*75~CLP*000100034806*1*436.54*75**13*CC15757538 0133345419*02*1~NM1*QC*1*STOREY*JACOB~NM1*IL*1*STOREY*JACOB****MI*934847113~NM1*74*1***J~NM1*82*1*LEWIS*HOLLY****XX*1295234128~REF*EA*E2485492AE074D0C9D002011074A22~REF*CE*Navigat~REF*1L*911513~DTM*232*20200515~DTM*233*20200515~DTM*050*20200519~AMT*AU*436.54~SVC*HC:90837*436.54*75**1~DTM*472*20200515~CAS*CO*45*361.54~REF*6R*CPPUJICJ1WIP~AMT*B6*75~SE*70*000000029~GE*1*394892312~IEA*1*394892312~