ISA*00*          *00*          *ZZ*ENS_EDI        *ZZ*ZUG14932       *200207*2330*^*00501*360772777*0*P*:~GS*HP*ENS_EDI*ZUG14932*20200207*2330*360772777*X*005010X221A1~ST*835*000000197~BPR*I*39.6*C*CHK************20200207~TRN*1*TW06729768*1411289245*PE0087726~REF*EV*B00099999800~REF*F2*1083~DTM*405*20200207~N1*PR*UNITED HEALTHCARE INSURANCE COMPANY*XV*87726~N3*DULUTH SERVICE CENTER*PO BOX 30884~N4*SALT LAKE CITY*UT*841300884~REF*2U*87726~PER*CX*DULUTH SERVICE CENTER*TE*8778423210~PER*BL**UR*UHCProvider.com/en/contact-us.html~N1*PE*SPANISH PEAKS NEW ALTERNATIVES*XX*1508250911~N3*41 MONTEBELLO RD STE 116~N4*PUEBLO*CO*81001~REF*TJ*841158933~LX*1~TS3*1508250911*11*20201231*3*186~CLP*000100028733*1*134*0*121.2*13*AY02482828 0048469065*11*1~NM1*QC*1*LA PLANTE*EMMA*E~NM1*IL*1*LA PLANTE*EMMA*E***MI*942344551~NM1*74*1**MARK*J~NM1*82*1*GRONEMEYER*LEANNE*R**NP*XX*1659521045~MOA***MA15~REF*1L*108000~REF*CE*CHOYC+~REF*EA*F23E633831FB48C2866DB4CC249D3B~DTM*232*20200123~DTM*233*20200123~DTM*050*20200204~AMT*AU*134~SVC*HC:99214:25*134*0**1~DTM*472*20200123~CAS*CO*45*12.8~CAS*PR*1*121.2~REF*6R*CPUYXPF7F5XV~AMT*B6*121.2~CLP*000100028733*1*8*0*6*13*AY02482828 0048469067*11*1~NM1*QC*1*LA PLANTE*EMMA*E~NM1*IL*1*LA PLANTE*EMMA*E***MI*942344551~NM1*74*1**MARK*J~NM1*82*1*GRONEMEYER*LEANNE*R**NP*XX*1659521045~MOA***MA15~REF*EA*F23E633831FB48C2866DB4CC249D3B~REF*CE*CHOYC+~REF*1L*108000~DTM*232*20200123~DTM*233*20200123~DTM*050*20200204~AMT*AU*8~SVC*HC:96127*8*0**1~DTM*472*20200123~CAS*PR*1*6~CAS*CO*45*2~REF*6R*CPUYATJL325R~AMT*B6*6~CLP*000100028733*1*44*39.6**13*AY02482828 0048469069*11*1~NM1*QC*1*LA PLANTE*EMMA*E~NM1*IL*1*LA PLANTE*EMMA*E***MI*942344551~NM1*74*1**MARK*J~NM1*82*1*GRONEMEYER*LEANNE*R**NP*XX*1659521045~MOA***MA15~REF*EA*F23E633831FB48C2866DB4CC249D3B~REF*1L*108000~REF*CE*CHOYC+~DTM*232*20200123~DTM*233*20200123~DTM*050*20200204~AMT*AU*44~SVC*HC:99408*44*39.6**1~DTM*472*20200123~CAS*CO*45*4.4~REF*6R*CPUYIXBVQHZU~AMT*B6*39.6~SE*75*000000197~GE*1*360772777~IEA*1*360772777~