ISA*00*          *00*          *ZZ*04112          *29*E13833         *200508*2359*^*00501*012900141*0*P*:~GS*HP*04112*E13833*20200508*2359*141*X*005010X221A1~ST*835*000000002~BPR*I*244.83*C*CHK************20200511~TRN*1*134432348*1205296137~REF*EV*E13833~DTM*405*20200508~N1*PR*NOVITAS SOLUTIONS, INC.~N3*PO BOX 3109~N4*MECHANICSBURG*PA*170551825~REF*2U*04112~PER*CX**TE*8552528782~PER*BL*NOVITAS SOLUTIONS, INC. EDI SERVICES*TE*8552528782*EX*1*EM*WEBSITEEDI@NOVITAS-SOLUTIONS.COM~N1*PE*SPANISH PEAKS NEW ALTERNATIV*XX*1508250911~N3*ATTN  BILLING*41 MONTEBELLO ROAD STE 116~N4*PUEBLO*CO*810011366~REF*TJ*841158933~LX*1~CLP*000100032636*19*22*8.93*2.28*MB*0220118018720*02*1~NM1*QC*1*ARNETT*ROBERTA*R***MI*9YM7E99HA48~NM1*82*1******XX*1659521045~NM1*TT*2*INDIVIDUAL ASSURANCE COMPANY*****PI*30360~MOA***MA01*MA18~REF*EA*C0DF70A063C6422AA473E85721F5FA43~DTM*050*20200427~SVC*HC:G2012*22*8.93**1~DTM*472*20200402~CAS*CO*45*10.61**253*0.18~CAS*PR*2*2.28~REF*LU*02~REF*6R*CPGYI3E28U7T~AMT*B6*11.39~LQ*HE*N535~CLP*000100022620*19*134*74.23*18.93*MB*0220118018760*11*1~NM1*QC*1*BACA*FLORA*J***MI*2EK9AG1AD58~NM1*82*1******XX*1659521045~NM1*TT*2*COLORADO DEPT OF HEALTH-MEDICAID*****PI*70037~MOA***MA01*MA07~REF*EA*63A4D5BE3AEC4526B172AC6949099634~DTM*050*20200427~SVC*HC:99214*134*74.23**1~DTM*472*20190923~CAS*CO*45*39.33**253*1.51~CAS*PR*2*18.93~REF*LU*11~REF*6R*CPGYGJWP5J3H~AMT*B6*94.67~LQ*HE*N782~CLP*000100033093*19*22*8.93*2.28*MB*0220118018750*02*1~NM1*QC*1*MARRUFO*JOSEFINA*A***MI*9T69Y04JR30~NM1*82*1******XX*1659521045~NM1*TT*2*AMERICAN CONTINENTAL INSU.*****PI*30074~MOA***MA01*MA18~REF*EA*0D1CA96819DB4AA7BD1A9ADB9211B234~DTM*050*20200427~SVC*HC:G2012*22*8.93**1~DTM*472*20200413~CAS*CO*45*10.61**253*0.18~CAS*PR*2*2.28~REF*LU*02~REF*6R*CPGYCYDCQJCU~AMT*B6*11.39~LQ*HE*N535~CLP*000100033127*1*404.65*82.5*18.96*MB*0220118018740*02*1~NM1*QC*1*MATHEWS*CANDACE*R***MI*7WA9VR4VH15~NM1*82*1******XX*1659521045~MOA***MA01~REF*EA*57CAF18BF9D1459CBAC3866B3B0CFEF2~DTM*050*20200427~SVC*HC:99203:25*266.84*51.65**1~DTM*472*20200413~CAS*CO*45*200.97**253*1.05~CAS*PR*2*13.17~REF*LU*02~REF*6R*CPGYU8PM1SW8~AMT*B6*65.87~LQ*HE*N535~LQ*HE*N782~SVC*HC:G0444*30.75*8.17**1~DTM*472*20200413~CAS*CO*45*22.41**253*0.17~REF*LU*02~REF*6R*CPGYHJCCOQBK~AMT*B6*8.34~LQ*HE*N535~SVC*HC:G0396*107.06*22.68**1~DTM*472*20200413~CAS*CO*45*78.13**253*0.46~CAS*PR*2*5.79~REF*LU*02~REF*6R*CPGY4L39HK5S~AMT*B6*28.93~LQ*HE*N535~LQ*HE*N782~CLP*000100032542*19*178.3*35.01*8.93*MB*0220118018680*02*1~NM1*QC*1*NIOUS*LATEEFAH*S***MI*5K05AD5CJ56~NM1*82*1******XX*1659521045~NM1*TT*2*COLORADO DEPT OF HEALTH-MEDICAID*****PI*70037~MOA***MA01*MA07~REF*EA*0FDD656BD5A74926A2C7CAB6BAB162DE~DTM*050*20200427~SVC*HC:99213:25*178.3*35.01**1~DTM*472*20200401~CAS*CO*45*133.65**253*0.71~CAS*PR*2*8.93~REF*LU*02~REF*6R*CPGY1YW7DI3X~AMT*B6*44.65~LQ*HE*N535~CLP*000100032929*19*22*8.93*2.28*MB*0220118018690*02*1~NM1*QC*1*NIOUS*LATEEFAH*S***MI*5K05AD5CJ56~NM1*82*1******XX*1164974580~NM1*TT*2*COLORADO DEPT OF HEALTH-MEDICAID*****PI*70037~MOA***MA01*MA07~REF*EA*410B5BAEC8AE45C8A44A7BD8656878F4~DTM*050*20200427~SVC*HC:G2012*22*8.93**1~DTM*472*20200408~CAS*CO*45*10.61**253*0.18~CAS*PR*2*2.28~REF*LU*02~REF*6R*CPGYMQS6JM35~AMT*B6*11.39~LQ*HE*N535~CLP*000100032136*19*22*8.93*2.28*MB*0220118018700*02*1~NM1*QC*1*NIOUS*LATEEFAH*S***MI*5K05AD5CJ56~NM1*82*1******XX*1659521045~NM1*TT*2*COLORADO DEPT OF HEALTH-MEDICAID*****PI*70037~MOA***MA01*MA07~REF*EA*713C21475C96493F914EFADEB094728A~DTM*050*20200427~SVC*HC:G2012*22*8.93**1~DTM*472*20200325~CAS*CO*45*10.61**253*0.18~CAS*PR*2*2.28~REF*LU*02~REF*6R*CPGYGFNIO8D2~AMT*B6*11.39~LQ*HE*N535~CLP*000100032542*1*15*8.44**MB*0220118018710*02*1~NM1*QC*1*NIOUS*LATEEFAH*S***MI*5K05AD5CJ56~NM1*82*1******XX*1659521045~MOA***MA01~REF*EA*D4E734AAEA804D32BFAD60CCE997921A~DTM*050*20200427~SVC*HC:81025*15*8.44**1~DTM*472*20200401~CAS*CO*45*6.39**253*0.17~REF*LU*02~REF*6R*CPGY8VACQ1D7~AMT*B6*8.61~CLP*000100032618*19*22*8.93*2.28*MB*0220118018670*02*1~NM1*QC*1*SWETKY*VICTOR****MI*8GT0EP6PV20~NM1*82*1******XX*1659521045~NM1*TT*2*COLORADO DEPT OF HEALTH-MEDICAID*****PI*70037~MOA***MA01*MA07~REF*EA*4480FF3B074C4ECD9E84C9140183D286~DTM*050*20200427~SVC*HC:G2012*22*8.93**1~DTM*472*20200402~CAS*CO*45*10.61**253*0.18~CAS*PR*2*2.28~REF*LU*02~REF*6R*CPGYPSLR5Q13~AMT*B6*11.39~LQ*HE*N535~SE*165*000000002~GE*1*141~IEA*1*012900141~