ISA*00*          *00*          *ZZ*04112          *29*E13833         *200121*2359*^*00501*002100164*0*P*:~GS*HP*04112*E13833*20200121*2359*164*X*005010X221A1~ST*835*000000001~BPR*H*0*C*NON************20200122~TRN*1*315994274*1205296137~REF*EV*E13833~DTM*405*20200121~N1*PR*NOVITAS SOLUTIONS, INC.~N3*PO BOX 3109~N4*MECHANICSBURG*PA*170551825~REF*2U*04112~PER*CX**TE*8552528782~PER*BL*NOVITAS SOLUTIONS, INC. EDI SERVICES*TE*8552528782*EX*1*EM*WEBSITEEDI@NOVITAS-SOLUTIONS.COM~N1*PE*SPANISH PEAKS NEW ALTERNATIV*XX*1508250911~N3*ATTN  BILLING*41 MONTEBELLO ROAD STE 116~N4*PUEBLO*CO*810011366~REF*TJ*841158933~LX*1~CLP*000100027618*19*134*0*95.01*MB*0220016024510*11*1~NM1*QC*1*BACA*FLORA*J***MI*2EK9AG1AD58~NM1*82*1******XX*1659521045~NM1*TT*2*COLORADO DEPT OF HEALTH-MEDICAID*****PI*70037~MOA***MA01*MA07~REF*EA*D750364C155F4C67A75705A29097F685~DTM*050*20200116~SVC*HC:99214*134*0**1~DTM*472*20200106~CAS*CO*45*38.99~CAS*PR*1*95.01~REF*LU*11~REF*6R*CPLQXXWQV4I2~AMT*B6*95.01~LQ*HE*N781~CLP*000100027576*19*90*0*65.57*MB*0220014002170*11*1~NM1*QC*1*GARCIA*LONNIE****MI*5X88WA0MD39~NM1*82*1******XX*1164974580~NM1*TT*2*COLORADO DEPT OF HEALTH-MEDICAID*****PI*70037~MOA***MA01*MA07~REF*EA*80E25C92122240A1B7C9DDE926210301~DTM*050*20200114~SVC*HC:99213*90*0**1~DTM*472*20200103~CAS*CO*45*24.43~CAS*PR*1*65.57~REF*LU*11~REF*6R*CPL6W841MDA3~AMT*B6*65.57~CLP*000100027160*19*134*0*94.67*MB*0220016024470*11*1~NM1*QC*1*GREEN*DEBORAH*S***MI*5TY0D08EA28~NM1*82*1******XX*1659521045~NM1*TT*2*COLORADO DEPT OF HEALTH-MEDICAID*****PI*70037~MOA***MA01*MA07~REF*EA*1C769101EE4D4669804696C230FEDB6A~DTM*050*20200116~SVC*HC:99214*134*0**1~DTM*472*20191223~CAS*CO*45*39.33~CAS*PR*1*94.67~REF*LU*11~REF*6R*CPLYOKNQJK4X~AMT*B6*94.67~CLP*000100027679*19*90*0*77.14*MB*0220016024480*11*1~NM1*QC*1*LANDIS*NORMA*J***MI*7TE3DE2RU17~NM1*82*1******XX*1447291851~NM1*TT*2*CHAMPVA-VA HEALTH ADMIN CTR*****PI*80214~MOA***MA01*MA18~REF*EA*3E8F26CD14294AC6A363B2D946BB29B7~DTM*050*20200116~SVC*HC:99213*90*0**1~DTM*472*20200106~CAS*CO*45*12.86~CAS*PR*1*77.14~REF*LU*11~REF*6R*CPLQP0TAQP0G~AMT*B6*77.14~CLP*000100027549*1*134*0*95.01*MB*0220014002150*11*1~NM1*QC*1*TREVINO CRUZ*ELVA*A***MI*9FK7DX0QT51~NM1*82*1******XX*1366419582~MOA***MA01~REF*EA*EA47FC161965446D921A122D82876ACA~DTM*050*20200114~SVC*HC:99214*134*0**1~DTM*472*20200103~CAS*CO*45*38.99~CAS*PR*1*95.01~REF*LU*11~REF*6R*CPL6X4KUIIA2~AMT*B6*95.01~CLP*000100027643*1*134*0*95.01*MB*0220016024490*11*1~NM1*QC*1*VIALPANDO*ANTHONY****MI*7JD4MM6YJ80~NM1*82*1******XX*1659521045~MOA***MA01~REF*EA*E210A7A1FA5F4693A1F22C0031E97063~DTM*050*20200116~SVC*HC:99214*134*0**1~DTM*472*20200106~CAS*CO*45*38.99~CAS*PR*1*95.01~REF*LU*11~REF*6R*CPLQ464NNBC3~AMT*B6*95.01~SE*100*000000001~GE*1*164~IEA*1*002100164~