ISA*00*          *00*          *ZZ*04112          *29*E13833         *200203*2359*^*00501*003400163*0*P*:~GS*HP*04112*E13833*20200203*2359*163*X*005010X221A1~ST*835*000000003~BPR*H*0*C*NON************20200204~TRN*1*316033052*1205296137~REF*EV*E13833~DTM*405*20200203~N1*PR*NOVITAS SOLUTIONS, INC.~N3*PO BOX 3109~N4*MECHANICSBURG*PA*170551825~REF*2U*04112~PER*CX**TE*8552528782~PER*BL*NOVITAS SOLUTIONS, INC. EDI SERVICES*TE*8552528782*EX*1*EM*WEBSITEEDI@NOVITAS-SOLUTIONS.COM~N1*PE*SPANISH PEAKS NEW ALTERNATIV*XX*1508250911~N3*ATTN  BILLING*41 MONTEBELLO ROAD STE 116~N4*PUEBLO*CO*810011366~REF*TJ*841158933~LX*1~CLP*000100028140*19*90*0*77.14*MB*0220029006120*11*1~NM1*QC*1*AVILA*ROBERT*A***MI*3UP6QW1DX68~NM1*82*1******XX*1447291851~NM1*TT*2*COLORADO DEPT OF HEALTH-MEDICAID*****PI*70037~MOA***MA01*MA07~REF*EA*AC06D57AA37D439E989648CE310DF0C1~DTM*050*20200129~SVC*HC:99213*90*0**1~DTM*472*20200114~CAS*CO*45*12.86~CAS*PR*1*77.14~REF*LU*11~REF*6R*CPM2OUU5I7C1~AMT*B6*77.14~CLP*000100028042*19*134*0*95.01*MB*0220029006050*11*1~NM1*QC*1*BAILEY*RONALD*C***MI*9Y03EA4JN09~NM1*82*1******XX*1659521045~NM1*TT*2*ANTHEM FEP COLORADO*****PI*80034~MOA***MA01*MA18~REF*EA*61C193978B20477D95C6CAC2AB560337~DTM*050*20200129~SVC*HC:99214*134*0**1~DTM*472*20200113~CAS*CO*45*38.99~CAS*PR*1*95.01~REF*LU*11~REF*6R*CPM2UYKRLB3Y~AMT*B6*95.01~CLP*000100028430*19*90*0*65.57*MB*0220029006020*11*1~NM1*QC*1*BEAN*LYNN*M***MI*6VP2JF4UR02~NM1*82*1******XX*1164974580~NM1*TT*2*COLORADO DEPT OF HEALTH-MEDICAID*****PI*70037~MOA***MA01*MA07~REF*EA*7DEE570FB4724851AF481982CC0A6D86~DTM*050*20200129~SVC*HC:99213*90*0**1~DTM*472*20200117~CAS*CO*45*24.43~CAS*PR*1*65.57~REF*LU*11~REF*6R*CPM2Q35DNHKW~AMT*B6*65.57~CLP*000100028636*1*90*0*65.57*MB*0220029006150*11*1~NM1*QC*1*CICERO*KRISTEN****MI*4UU7QN8KY53~NM1*82*1******XX*1396971230~MOA***MA01~REF*EA*E59AE6C5E0134B59AEF1504B952A73DE~DTM*050*20200129~SVC*HC:99213*90*0**1~DTM*472*20200122~CAS*CO*45*24.43~CAS*PR*1*65.57~REF*LU*11~REF*6R*CPM2OL46G59V~AMT*B6*65.57~CLP*000100028270*19*54*0*39.88*MB*0220029005960*11*1~NM1*QC*1*DOYLE*JAMES****MI*5AJ9WW5XU21~NM1*82*1******XX*1164974580~NM1*TT*2*LOUISIANA MEDICAID*****PI*70034~MOA***MA01*MA07~REF*EA*6D09740184B34603B116D365DE73B821~DTM*050*20200129~SVC*HC:99212*54*0**1~DTM*472*20200115~CAS*CO*45*14.12~CAS*PR*1*39.88~REF*LU*11~REF*6R*CPM2L84GDSNF~AMT*B6*39.88~LQ*HE*N781~CLP*000100028311*19*134*0*111.78*MB*0220029006080*11*1~NM1*QC*1*DURAN*WILLIAM****MI*1X03E84VJ96~NM1*82*1******XX*1447291851~NM1*TT*2*CONNECTICUT GENERAL INSURANCE CO*****PI*00018~MOA***MA01*MA18~REF*EA*FE2422A022F840BBADC915B04AD6AABD~DTM*050*20200129~SVC*HC:99214*134*0**1~DTM*472*20200116~CAS*CO*45*22.22~CAS*PR*1*111.78~REF*LU*11~REF*6R*CPM29MCYOIYP~AMT*B6*111.78~CLP*000100023089*1*134*0**MB*0220031006670*11*1~NM1*QC*1*FISHER*RONNI*J***MI*2YR4YT6HV78~NM1*82*1******XX*1447291851~MOA***MA01~REF*EA*E389E2B94A9C42F9BFBE96F601034D16~DTM*050*20200131~SVC*HC:99214*134*0****1~DTM*472*20191002~CAS*OA*18*134~REF*LU*11~REF*6R*CP2XITG7G1A0~LQ*HE*N522~CLP*000100028628*19*134*0*95.01*MB*0220029006110*11*1~NM1*QC*1*GRIEGO*ALYSIA****MI*5H04YE6YY60~NM1*82*1******XX*1396971230~NM1*TT*2*COLORADO DEPT OF HEALTH-MEDICAID*****PI*70037~MOA***MA01*MA07~REF*EA*AC15EE9C0EB94613A97AEFD5B2879770~DTM*050*20200129~SVC*HC:99214*134*0**1~DTM*472*20200122~CAS*CO*45*38.99~CAS*PR*1*95.01~REF*LU*11~REF*6R*CPM2OMAZHTTO~AMT*B6*95.01~CLP*000100028312*19*90*0*77.14*MB*0220029006130*11*1~NM1*QC*1*MALDONADO*ROBERT*W***MI*6RR4P16XY71~NM1*82*1******XX*1447291851~NM1*TT*2*UNITEDHEALTH GROUP*****PI*30002~MOA***MA01*MA18~REF*EA*5F0EA4BA2D2443428B1CE86775CEFFF7~DTM*050*20200129~SVC*HC:99213*90*0**1~DTM*472*20200116~CAS*CO*45*12.86~CAS*PR*1*77.14~REF*LU*11~REF*6R*CPM2ZW9KFWQM~AMT*B6*77.14~CLP*000100028246*19*134*0*111.78*MB*0220029006160*11*1~NM1*QC*1*PARK*TRACY*A***MI*6DX1X07MK15~NM1*82*1******XX*1447291851~NM1*TT*2*COLORADO DEPT OF HEALTH-MEDICAID*****PI*70037~MOA***MA01*MA07~REF*EA*AB485A2A8CB84CC89766795F59B64BD5~DTM*050*20200129~SVC*HC:99214*134*0**1~DTM*472*20200115~CAS*CO*45*22.22~CAS*PR*1*111.78~REF*LU*11~REF*6R*CPM2FYDVD25R~AMT*B6*111.78~LQ*HE*N781~CLP*000100028399*19*134*0*95.01*MB*0220029006040*11*1~NM1*QC*1*SMITH*CAROL****MI*3NG1K01TU10~NM1*82*1******XX*1366419582~NM1*TT*2*UNITEDHEALTH GROUP*****PI*30002~MOA***MA01*MA18~REF*EA*585954B1FB1F4076B42E7F3AA8B2954D~DTM*050*20200129~SVC*HC:99214*134*0**1~DTM*472*20200117~CAS*CO*45*38.99~CAS*PR*1*95.01~REF*LU*11~REF*6R*CPM2ATJWMXUO~AMT*B6*95.01~SE*170*000000003~GE*1*163~IEA*1*003400163~