ISA*00*          *00*          *ZZ*04112          *29*E13833         *200227*2359*^*00501*005800147*0*P*:~GS*HP*04112*E13833*20200227*2359*147*X*005010X221A1~ST*835*000000002~BPR*H*0*C*NON************20200228~TRN*1*316090712*1205296137~REF*EV*E13833~DTM*405*20200227~N1*PR*NOVITAS SOLUTIONS, INC.~N3*PO BOX 3109~N4*MECHANICSBURG*PA*170551825~REF*2U*04112~PER*CX**TE*8552528782~PER*BL*NOVITAS SOLUTIONS, INC. EDI SERVICES*TE*8552528782*EX*1*EM*WEBSITEEDI@NOVITAS-SOLUTIONS.COM~N1*PE*SPANISH PEAKS NEW ALTERNATIV*XX*1508250911~N3*ATTN  BILLING*41 MONTEBELLO ROAD STE 116~N4*PUEBLO*CO*810011366~REF*TJ*841158933~LX*1~CLP*000100029561*19*134*0*95.01*MB*0220052408840*11*1~NM1*QC*1*ALLEN*JODEEN*G***MI*4T10HH6WC21~NM1*82*1******XX*1659521045~NM1*TT*2*COLORADO DEPT OF HEALTH-MEDICAID*****PI*70037~MOA***MA01*MA07~REF*EA*C3F22267400B416BBDCA38B2D7AE967B~DTM*050*20200221~SVC*HC:99214*134*0**1~DTM*472*20200206~CAS*CO*45*38.99~CAS*PR*1*95.01~REF*LU*11~REF*6R*CPWMCF7HOUM1~AMT*B6*95.01~LQ*HE*N781~CLP*000100029568*1*134*0**MB*0220052408880*11*1~NM1*QC*1*DALTON*JASON****MI*4DA9Q86PX37~NM1*82*1******XX*1659521045~MOA***MA01~REF*EA*BE4F3493C1DB48E1A8DEE72E638CBF90~DTM*050*20200221~SVC*HC:99214*134*0****1~DTM*472*20200206~CAS*OA*258*134~REF*LU*11~REF*6R*CPWMJG8QV048~LQ*HE*N103~CLP*000100029855*19*90*0*77.14*MB*0220052408830*11*1~NM1*QC*1*HEASMAN*STUART*G***MI*2A93WG7UA18~NM1*82*1******XX*1447291851~NM1*TT*2*COLORADO DEPT OF HEALTH-MEDICAID*****PI*70037~MOA***MA01*MA07~REF*EA*1E9B5E56A995422E88E51CD4C607062E~DTM*050*20200221~SVC*HC:99213*90*0**1~DTM*472*20200212~CAS*CO*45*12.86~CAS*PR*1*77.14~REF*LU*11~REF*6R*CPWM9BO9MXRT~AMT*B6*77.14~SE*58*000000002~GE*1*147~IEA*1*005800147~