ISA*00*          *00*          *ZZ*04112          *29*E13833         *200204*2359*^*00501*003500149*0*P*:~GS*HP*04112*E13833*20200204*2359*149*X*005010X221A1~ST*835*000000001~BPR*H*0*C*NON************20200205~TRN*1*316036727*1205296137~REF*EV*E13833~DTM*405*20200204~N1*PR*NOVITAS SOLUTIONS, INC.~N3*PO BOX 3109~N4*MECHANICSBURG*PA*170551825~REF*2U*04112~PER*CX**TE*8552528782~PER*BL*NOVITAS SOLUTIONS, INC. EDI SERVICES*TE*8552528782*EX*1*EM*WEBSITEEDI@NOVITAS-SOLUTIONS.COM~N1*PE*SPANISH PEAKS NEW ALTERNATIV*XX*1508250911~N3*ATTN  BILLING*41 MONTEBELLO ROAD STE 116~N4*PUEBLO*CO*810011366~REF*TJ*841158933~LX*1~CLP*000100028326*1*134*0*111.78*MB*0220029006140*11*1~NM1*QC*1*BRYANT*LAURIE*D***MI*6U99DH7GE41~NM1*82*1******XX*1447291851~MOA***MA01~REF*EA*CC35200865D542A987D887A2521E3858~DTM*050*20200129~SVC*HC:99214*134*0**1~DTM*472*20200116~CAS*CO*45*22.22~CAS*PR*1*111.78~REF*LU*11~REF*6R*CPM2ZQCFBNEP~AMT*B6*111.78~CLP*000100028340*1*265*0**MB*0220029005990*11*1~NM1*QC*1*DALTON*JASON****MI*4DA9Q86PX37~NM1*82*1******XX*1659521045~MOA***MA01~REF*EA*6128D1E3911D497F91BE64C545C3190F~DTM*050*20200129~SVC*HC:99204:25*205*0****1~DTM*472*20200116~CAS*OA*258*205~REF*LU*11~REF*6R*CPM2M30V4W0O~LQ*HE*N103~SVC*HC:G0444*20*0****1~DTM*472*20200116~CAS*OA*258*20~REF*LU*11~REF*6R*CPM2SQSUNPIF~LQ*HE*N103~SVC*HC:G0396*40*0****1~DTM*472*20200116~CAS*OA*258*40~REF*LU*11~REF*6R*CPM27FYP3N2U~LQ*HE*N103~CLP*000100028352*1*134*0*95.01*MB*0220029006070*11*1~NM1*QC*1*FISHER*RONNI*J***MI*2YR4YT6HV78~NM1*82*1******XX*1396971230~MOA***MA01~REF*EA*C0E4086429634A719B69EACD5428B480~DTM*050*20200129~SVC*HC:99214*134*0**1~DTM*472*20200116~CAS*CO*45*38.99~CAS*PR*1*95.01~REF*LU*11~REF*6R*CPM2C85YFV5Y~AMT*B6*95.01~CLP*000100028386*1*134*0*95.01*MB*0220029006180*11*1~NM1*QC*1*JANUARY*KEVIN****MI*7J01R50RK17~NM1*82*1******XX*1366419582~MOA***MA01~REF*EA*0327F431149144F9BB845E7966BEABA6~DTM*050*20200129~SVC*HC:99214*134*0**1~DTM*472*20200117~CAS*CO*45*38.99~CAS*PR*1*95.01~REF*LU*11~REF*6R*CPM2Y7T701QD~AMT*B6*95.01~CLP*000100027985*19*54*0*39.88*MB*0220029006100*11*1~NM1*QC*1*PEREY*LOUIS****MI*3TW2NV7YJ13~NM1*82*1******XX*1396971230~NM1*TT*2*COLORADO DEPT OF HEALTH-MEDICAID*****PI*70037~MOA***MA01*MA07~REF*EA*28493BDAA70243E7BBB7064CEF6B18AD~DTM*050*20200129~SVC*HC:99212*54*0**1~DTM*472*20200110~CAS*CO*45*14.12~CAS*PR*1*39.88~REF*LU*11~REF*6R*CPM26GS0U2YB~AMT*B6*39.88~SE*94*000000001~GE*1*149~IEA*1*003500149~