ISA*00*          *00*          *ZZ*04112          *29*E13833         *200226*2359*^*00501*005700154*0*P*:~GS*HP*04112*E13833*20200226*2359*154*X*005010X221A1~ST*835*000000002~BPR*H*0*C*NON************20200227~TRN*1*316087417*1205296137~REF*EV*E13833~DTM*405*20200226~N1*PR*NOVITAS SOLUTIONS, INC.~N3*PO BOX 3109~N4*MECHANICSBURG*PA*170551825~REF*2U*04112~PER*CX**TE*8552528782~PER*BL*NOVITAS SOLUTIONS, INC. EDI SERVICES*TE*8552528782*EX*1*EM*WEBSITEEDI@NOVITAS-SOLUTIONS.COM~N1*PE*SPANISH PEAKS NEW ALTERNATIV*XX*1508250911~N3*ATTN  BILLING*41 MONTEBELLO ROAD STE 116~N4*PUEBLO*CO*810011366~REF*TJ*841158933~LX*1~CLP*000100029785*19*90*0*77.14*MB*0220052408930*11*1~NM1*QC*1*LUCERO*JOSEPH*M***MI*2D14J19GD01~NM1*82*1******XX*1447291851~NM1*TT*2*COLORADO DEPT OF HEALTH-MEDICAID*****PI*70037~MOA***MA01*MA07~REF*EA*8DBB70E4947A49E78DD31789510B01B1~DTM*050*20200221~SVC*HC:99213*90*0**1~DTM*472*20200212~CAS*CO*45*12.86~CAS*PR*1*77.14~REF*LU*11~REF*6R*CPWMJLH2EE2I~AMT*B6*77.14~LQ*HE*N781~CLP*000100029717*1*90*0*65.57*MB*0220052408820*11*1~NM1*QC*1*MOYA*DERRIK*S***MI*3FY9EG6TG53~NM1*82*1******XX*1396971230~MOA***MA01~REF*EA*43883E692D6F42AFA537C683ABA5F9D0~DTM*050*20200221~SVC*HC:99213*90*0**1~DTM*472*20200211~CAS*CO*45*24.43~CAS*PR*1*65.57~REF*LU*11~REF*6R*CPWMVVX7G8V9~AMT*B6*65.57~CLP*000100029881*19*134*0*111.78*MB*0220052409020*11*1~NM1*QC*1*PRUTCH*JOSEPH*C***MI*5TY5MX5NH64~NM1*82*1******XX*1447291851~NM1*TT*2*MUTUAL OF OMAHA INSURANCE COMP*****PI*30090~MOA***MA01*MA18~REF*EA*CCA125BCB1C64051A00DB0BA3F0911F0~DTM*050*20200221~SVC*HC:99214*134*0**1~DTM*472*20200213~CAS*CO*45*22.22~CAS*PR*1*111.78~REF*LU*11~REF*6R*CPWMT4HQ7YOW~AMT*B6*111.78~CLP*000100029418*1*134*0*95.01*MB*0220052408810*11*1~NM1*QC*1*TWITE II*DANNY*D***MI*4K74CM9TE99~NM1*82*1******XX*1164974580~MOA***MA01~REF*EA*ABFC2E6D1F0040B5B416A6C5669B5862~DTM*050*20200221~SVC*HC:99214*134*0**1~DTM*472*20200205~CAS*CO*45*38.99~CAS*PR*1*95.01~REF*LU*11~REF*6R*CPWME2X7UWPH~AMT*B6*95.01~CLP*000100029581*1*134*0*95.01*MB*0220052408950*11*1~NM1*QC*1*ZAVALA*JOSEPH****MI*1YY9CA9GM37~NM1*82*1******XX*1659521045~MOA***MA01~REF*EA*EA550D6B2E4E40E7AC9C49EAA2E71E3B~DTM*050*20200221~SVC*HC:99214*134*0**1~DTM*472*20200206~CAS*CO*45*38.99~CAS*PR*1*95.01~REF*LU*11~REF*6R*CPWMO9HBSC7L~AMT*B6*95.01~SE*85*000000002~GE*1*154~IEA*1*005700154~