ISA*00*          *00*          *ZZ*04112          *29*E13833         *200128*2359*^*00501*002800155*0*P*:~GS*HP*04112*E13833*20200128*2359*155*X*005010X221A1~ST*835*000000002~BPR*H*0*C*NON************20200129~TRN*1*316016526*1205296137~REF*EV*E13833~DTM*405*20200128~N1*PR*NOVITAS SOLUTIONS, INC.~N3*PO BOX 3109~N4*MECHANICSBURG*PA*170551825~REF*2U*04112~PER*CX**TE*8552528782~PER*BL*NOVITAS SOLUTIONS, INC. EDI SERVICES*TE*8552528782*EX*1*EM*WEBSITEEDI@NOVITAS-SOLUTIONS.COM~N1*PE*SPANISH PEAKS NEW ALTERNATIV*XX*1508250911~N3*ATTN  BILLING*41 MONTEBELLO ROAD STE 116~N4*PUEBLO*CO*810011366~REF*TJ*841158933~LX*1~CLP*000100028111*19*134*0*111.78*MB*0220023373010*11*1~NM1*QC*1*HELLERICH*GREGORY*R***MI*8UN1XU1AW36~NM1*82*1******XX*1447291851~NM1*TT*2*COLORADO DEPT OF HEALTH-MEDICAID*****PI*70037~MOA***MA01*MA07~REF*EA*A8DD16C233A34D6FA970AA9D7A30B5CA~DTM*050*20200123~SVC*HC:99214*134*0**1~DTM*472*20200113~CAS*CO*45*22.22~CAS*PR*1*111.78~REF*LU*11~REF*6R*CPM67TM84DPR~AMT*B6*111.78~CLP*000100027905*1*134*0*95.01*MB*0220022006070*11*1~NM1*QC*1*LOVE*DORIS*J***MI*8RA7W95HM78~NM1*82*1******XX*1659521045~MOA***MA01~REF*EA*F0F5D70A57F14CA6A5DBF92E4A15D675~DTM*050*20200122~SVC*HC:99214*134*0**1~DTM*472*20200109~CAS*CO*45*38.99~CAS*PR*1*95.01~REF*LU*11~REF*6R*CPMM4F2BRPQJ~AMT*B6*95.01~LQ*HE*N781~CLP*000100028185*19*134*0*95.01*MB*0220023373050*11*1~NM1*QC*1*PLEASANTS*DAVID****MI*4CR8XN3VY41~NM1*82*1******XX*1396971230~NM1*TT*2*COLORADO DEPT OF HEALTH-MEDICAID*****PI*70037~MOA***MA01*MA07~REF*EA*E7CCD6CB980249338D330CB3EC6DC5E8~DTM*050*20200123~SVC*HC:99214*134*0**1~DTM*472*20200114~CAS*CO*45*38.99~CAS*PR*1*95.01~REF*LU*11~REF*6R*CPM6LBIOLP5L~AMT*B6*95.01~SE*59*000000002~GE*1*155~IEA*1*002800155~