ISA*00*          *00*          *ZZ*04112          *29*E13833         *200218*2359*^*00501*004900152*0*P*:~GS*HP*04112*E13833*20200218*2359*152*X*005010X221A1~ST*835*000000002~BPR*H*0*C*NON************20200219~TRN*1*316068091*1205296137~REF*EV*E13833~DTM*405*20200218~N1*PR*NOVITAS SOLUTIONS, INC.~N3*PO BOX 3109~N4*MECHANICSBURG*PA*170551825~REF*2U*04112~PER*CX**TE*8552528782~PER*BL*NOVITAS SOLUTIONS, INC. EDI SERVICES*TE*8552528782*EX*1*EM*WEBSITEEDI@NOVITAS-SOLUTIONS.COM~N1*PE*SPANISH PEAKS NEW ALTERNATIV*XX*1508250911~N3*ATTN  BILLING*41 MONTEBELLO ROAD STE 116~N4*PUEBLO*CO*810011366~REF*TJ*841158933~LX*1~CLP*000100029295*19*134*0*95.01*MB*0220043323600*11*1~NM1*QC*1*HOBBS*LESLYE*M***MI*6UA7CJ9NJ36~NM1*82*1******XX*1659521045~NM1*TT*2*COLORADO DEPT OF HEALTH-MEDICAID*****PI*70037~MOA***MA01*MA07~REF*EA*22EEE2D71E68451297F9E8B68F178738~DTM*050*20200212~SVC*HC:99214*134*0**1~DTM*472*20200203~CAS*CO*45*38.99~CAS*PR*1*95.01~REF*LU*11~REF*6R*CPVEA09XZZHC~AMT*B6*95.01~CLP*000100028936*1*134*0*95.01*MB*0220043323660*11*1~NM1*QC*1*MOYA*DERRIK*S***MI*3FY9EG6TG53~NM1*82*1******XX*1396971230~MOA***MA01~REF*EA*130E1EBC540D426B912A8A9EB97151D7~DTM*050*20200212~SVC*HC:99214*134*0**1~DTM*472*20200128~CAS*CO*45*38.99~CAS*PR*1*95.01~REF*LU*11~REF*6R*CPVEMD5VBLLH~AMT*B6*95.01~CLP*000100028610*1*90*0*65.57*MB*0220043323750*11*1~NM1*QC*1*PHILLIPS*HENRY****MI*2T22TQ2MD93~NM1*82*1******XX*1164974580~MOA***MA01~REF*EA*F76A2B109A19479981DDB4E101DDDCD8~DTM*050*20200212~SVC*HC:99213*90*0**1~DTM*472*20200122~CAS*CO*45*24.43~CAS*PR*1*65.57~REF*LU*11~REF*6R*CPVEUIZ2VPLH~AMT*B6*65.57~CLP*000100029176*19*134*0*95.01*MB*0220043323670*11*1~NM1*QC*1*REYNOLDS*CATHERINE*M***MI*8EV4UE2EV71~NM1*82*1******XX*1659521045~NM1*TT*2*COLORADO DEPT OF HEALTH-MEDICAID*****PI*70037~MOA***MA01*MA07~REF*EA*00FA86B6635343F6BB3AD2C85B5A5B1C~DTM*050*20200212~SVC*HC:99214*134*0**1~DTM*472*20200130~CAS*CO*45*38.99~CAS*PR*1*95.01~REF*LU*11~REF*6R*CPVEL9ZUGFQX~AMT*B6*95.01~SE*71*000000002~GE*1*152~IEA*1*004900152~