ISA*00*          *00*          *ZZ*04112          *29*E13833         *200123*2359*^*00501*002300152*0*P*:~GS*HP*04112*E13833*20200123*2359*152*X*005010X221A1~ST*835*000000002~BPR*H*0*C*NON************20200124~TRN*1*316001956*1205296137~REF*EV*E13833~DTM*405*20200123~N1*PR*NOVITAS SOLUTIONS, INC.~N3*PO BOX 3109~N4*MECHANICSBURG*PA*170551825~REF*2U*04112~PER*CX**TE*8552528782~PER*BL*NOVITAS SOLUTIONS, INC. EDI SERVICES*TE*8552528782*EX*1*EM*WEBSITEEDI@NOVITAS-SOLUTIONS.COM~N1*PE*SPANISH PEAKS NEW ALTERNATIV*XX*1508250911~N3*ATTN  BILLING*41 MONTEBELLO ROAD STE 116~N4*PUEBLO*CO*810011366~REF*TJ*841158933~LX*1~CLP*000100027753*19*90*0*65.57*MB*0220017377750*11*1~NM1*QC*1*AVILA*ROBERT*A***MI*3UP6QW1DX68~NM1*82*1******XX*1366419582~NM1*TT*2*COLORADO DEPT OF HEALTH-MEDICAID*****PI*70037~MOA***MA01*MA07~REF*EA*E23A6EDD7ACE44168B2BADB4FF37840A~DTM*050*20200117~SVC*HC:99213*90*0**1~DTM*472*20200107~CAS*CO*45*24.43~CAS*PR*1*65.57~REF*LU*11~REF*6R*CPLAW3BYBHS0~AMT*B6*65.57~CLP*000100027903*19*134*0*95.01*MB*0220017377700*11*1~NM1*QC*1*CHANDLER*VERONICA*L***MI*7TD7V42RW57~NM1*82*1******XX*1659521045~NM1*TT*2*COLORADO DEPT OF HEALTH-MEDICAID*****PI*70037~MOA***MA01*MA07~REF*EA*6D330D8EEA7243C5B86E3E9BA7DC973B~DTM*050*20200117~SVC*HC:99214*134*0**1~DTM*472*20200109~CAS*CO*45*38.99~CAS*PR*1*95.01~REF*LU*11~REF*6R*CPLADZBM4LYA~AMT*B6*95.01~CLP*000100027784*1*134*0*95.01*MB*0220017377720*11*1~NM1*QC*1*CORNISH*STEVE*C***MI*2WX1V07WX35~NM1*82*1******XX*1366419582~MOA***MA01~REF*EA*8157EAD7169D444490BB1B3D562E83EC~DTM*050*20200117~SVC*HC:99214*134*0**1~DTM*472*20200107~CAS*CO*45*38.99~CAS*PR*1*95.01~REF*LU*11~REF*6R*CPLAMATX6CFO~AMT*B6*95.01~CLP*000100027906*19*134*0*95.01*MB*0220017377770*11*1~NM1*QC*1*GALLEGOS*PHILLIP*A***MI*5UT1H34YC34~NM1*82*1******XX*1164974580~NM1*TT*2*COLORADO DEPT OF HEALTH-MEDICAID*****PI*70037~MOA***MA01*MA07~REF*EA*D68CED0B76BE4E1B9646ABB3E29DC4B1~DTM*050*20200117~SVC*HC:99214*134*0**1~DTM*472*20200109~CAS*CO*45*38.99~CAS*PR*1*95.01~REF*LU*11~REF*6R*CPLAVCH05QNP~AMT*B6*95.01~LQ*HE*N781~CLP*000100027857*19*90*0*65.57*MB*0220017377710*11*1~NM1*QC*1*LOPEZ*JOSE****MI*4A42N15AA93~NM1*82*1******XX*1164974580~NM1*TT*2*COLORADO DEPT OF HEALTH-MEDICAID*****PI*70037~MOA***MA01*MA07~REF*EA*037379B6BFBE44A88678E9E917015269~DTM*050*20200117~SVC*HC:99213*90*0**1~DTM*472*20200108~CAS*CO*45*24.43~CAS*PR*1*65.57~REF*LU*11~REF*6R*CPLA38ZUD0SB~AMT*B6*65.57~LQ*HE*N781~CLP*000100027644*1*134*0**MB*0220016024530*11*1~NM1*QC*1*ORTIZ*DEBORAH*M***MI*1FV3J92UM14~NM1*82*1******XX*1447291851~MOA***MA01~REF*EA*CD70D6478EAB4B869012CA9BADEE845B~DTM*050*20200116~SVC*HC:99214*134*0****1~DTM*472*20200106~CAS*CO*109*134~REF*LU*11~REF*6R*CPLQ3V1CVVDP~SE*99*000000002~GE*1*152~IEA*1*002300152~