ISA*00*          *00*          *ZZ*04112          *29*E13833         *200318*2359*^*00501*007800153*0*P*:~GS*HP*04112*E13833*20200318*2359*153*X*005010X221A1~ST*835*000000002~BPR*H*0*C*NON************20200319~TRN*1*316133723*1205296137~REF*EV*E13833~DTM*405*20200318~N1*PR*NOVITAS SOLUTIONS, INC.~N3*PO BOX 3109~N4*MECHANICSBURG*PA*170551825~REF*2U*04112~PER*CX**TE*8552528782~PER*BL*NOVITAS SOLUTIONS, INC. EDI SERVICES*TE*8552528782*EX*1*EM*WEBSITEEDI@NOVITAS-SOLUTIONS.COM~N1*PE*SPANISH PEAKS NEW ALTERNATIV*XX*1508250911~N3*ATTN  BILLING*41 MONTEBELLO ROAD STE 116~N4*PUEBLO*CO*810011366~REF*TJ*841158933~LX*1~CLP*000100030678*19*90*0*65.57*MB*0220073324890*11*1~NM1*QC*1*JOHNSON*DANNY*L***MI*1MV6VR4NQ57~NM1*82*1******XX*1164974580~NM1*TT*2*COLORADO DEPT OF HEALTH-MEDICAID*****PI*70037~MOA***MA01*MA07~REF*EA*B859D6ACBE924D598D738D6F484A26F5~DTM*050*20200313~SVC*HC:99213*90*0**1~DTM*472*20200227~CAS*CO*45*24.43~CAS*PR*1*65.57~REF*LU*11~REF*6R*CP56IK56BMXK~AMT*B6*65.57~LQ*HE*N781~CLP*000100030598*19*90*0*65.57*MB*0220073324880*11*1~NM1*QC*1*JOHNSON*JAIME*M***MI*9CD7T00NF35~NM1*82*1******XX*1164974580~NM1*TT*2*COLORADO DEPT OF HEALTH-MEDICAID*****PI*70037~MOA***MA01*MA07~REF*EA*ACA37DEEF43B4BE79EEA0F8552065047~DTM*050*20200313~SVC*HC:99213*90*0**1~DTM*472*20200226~CAS*CO*45*24.43~CAS*PR*1*65.57~REF*LU*11~REF*6R*CP56MQAJ6LN7~AMT*B6*65.57~CLP*000100030430*19*90*0*65.57*MB*0220073324800*11*1~NM1*QC*1*LOPEZ*JOSE****MI*4A42N15AA93~NM1*82*1******XX*1164974580~NM1*TT*2*COLORADO DEPT OF HEALTH-MEDICAID*****PI*70037~MOA***MA01*MA07~REF*EA*5B60B9880260401B920F519E0F24B505~DTM*050*20200313~SVC*HC:99213*90*0**1~DTM*472*20200225~CAS*CO*45*24.43~CAS*PR*1*65.57~REF*LU*11~REF*6R*CP56CPMEPDPR~AMT*B6*65.57~LQ*HE*N781~SE*61*000000002~GE*1*153~IEA*1*007800153~