ISA*00*          *00*          *ZZ*04112          *29*E13833         *191119*2359*^*00501*932300152*0*P*:~GS*HP*04112*E13833*20191119*2359*152*X*005010X221A1~ST*835*000000001~BPR*I*707.52*C*ACH*CCP*01*081517693*DA*152302017586*1205296137**01*102000076*DA*2838835219*20191120~TRN*1*889990506*1205296137~REF*EV*E13833~DTM*405*20191119~N1*PR*NOVITAS SOLUTIONS, INC.~N3*PO BOX 3109~N4*MECHANICSBURG*PA*170551825~REF*2U*04112~PER*CX**TE*8552528782~PER*BL*NOVITAS SOLUTIONS, INC. EDI SERVICES*TE*8552528782*EX*1*EM*WEBSITEEDI@NOVITAS-SOLUTIONS.COM~N1*PE*SPANISH PEAKS NEW ALTERNATIV*XX*1508250911~N3*ATTN  BILLING*41 MONTEBELLO ROAD STE 116~N4*PUEBLO*CO*810011366~REF*TJ*841158933~LX*1~CLP*000100021669*19*145*74.04*18.89*MB*0219310407500*11*1~NM1*QC*1*ACOSTA*ROSALINA****MI*1R70JF8DM15~NM1*82*1******XX*1366419582~NM1*TT*2*COLORADO DEPT OF HEALTH-MEDICAID*****PI*70037~MOA***MA01*MA07*N793~REF*EA*4679E313337F441FBA1C19C15FD11D83~DTM*050*20191106~SVC*HC:99203*145*74.04**1~DTM*472*20190828~CAS*CO*45*50.56**253*1.51~CAS*PR*2*18.89~REF*LU*11~REF*6R*CPCHP5W8FAL1~AMT*B6*94.44~CLP*000100022213*19*134*74.23*18.93*MB*0219310407530*11*1~NM1*QC*1*ACOSTA*ROSALINA****MI*1R70JF8DM15~NM1*82*1******XX*1366419582~NM1*TT*2*COLORADO DEPT OF HEALTH-MEDICAID*****PI*70037~MOA***MA01*MA07*N793~REF*EA*91632C3AF09846D3A5425802998D531E~DTM*050*20191106~SVC*HC:99214*134*74.23**1~DTM*472*20190911~CAS*CO*45*39.33**253*1.51~CAS*PR*2*18.93~REF*LU*11~REF*6R*CPCHIXDJY1I8~AMT*B6*94.67~CLP*000100024366*1*145*99.5**MB*0219310407550*11*1~NM1*QC*1*ACOSTA*ROSALINA****MI*1R70JF8DM15~NM1*82*1******XX*1366419582~MOA***MA01*N793~REF*EA*256902BAF27248EAAEF388B479886584~DTM*050*20191106~SVC*HC:G0439*145*99.5**1~DTM*472*20191029~CAS*CO*45*43.47**253*2.03~REF*LU*11~REF*6R*CPCHS0ACP0GP~AMT*B6*101.53~CLP*000100022931*19*134*74.23*18.93*MB*0219310407560*11*1~NM1*QC*1*ACOSTA*ROSALINA****MI*1R70JF8DM15~NM1*82*1******XX*1366419582~NM1*TT*2*COLORADO DEPT OF HEALTH-MEDICAID*****PI*70037~MOA***MA01*MA07*N793~REF*EA*B895E8EBC1E34A5683D5A7F9BF59D689~DTM*050*20191106~SVC*HC:99214*134*74.23**1~DTM*472*20190927~CAS*CO*45*39.33**253*1.51~CAS*PR*2*18.93~REF*LU*11~REF*6R*CPCHKXO5N6LZ~AMT*B6*94.67~CLP*000100024549*1*90*50.71*12.94*MB*0219310429740*11*1~NM1*QC*1*DICKERSON*RAUNITA****MI*124789496A~NM1*74*1******C*4P14HM7YM09~NM1*82*1******XX*1659521045~MOA***MA01*N793~REF*EA*080CB9E66B3042A1B8E349DE3EC89448~DTM*050*20191106~SVC*HC:99213*90*50.71**1~DTM*472*20191104~CAS*CO*45*25.31**253*1.04~CAS*PR*2*12.94~REF*LU*11~REF*6R*CPCH7XTTLEZ3~AMT*B6*64.69~CLP*000100024445*19*134*74.23*18.93*MB*0219310429730*11*1~NM1*QC*1*ENCINA*MARTHA****MI*6WG4ED4KE07~NM1*82*1******XX*1366419582~NM1*TT*2*COLORADO DEPT OF HEALTH-MEDICAID*****PI*70037~MOA***MA01*MA07*N793~REF*EA*5AD83CCE0F434D0EBFBF96F1EF1FCA28~DTM*050*20191106~SVC*HC:99214*134*74.23**1~DTM*472*20191101~CAS*CO*45*39.33**253*1.51~CAS*PR*2*18.93~REF*LU*11~REF*6R*CPCHWT8QQIX4~AMT*B6*94.67~CLP*000100024399*19*237.15*186.35*3.5*MB*0219310407570*11*1~NM1*QC*1*LO*WAI****MI*3H06DQ2HA79~NM1*82*1******XX*1447291851~NM1*TT*2*ANTHEM FEP COLORADO*****PI*80034~MOA***MA01*MA18*N793~REF*EA*B086F7D6261942E0B5C7C33676EC265C~DTM*050*20191106~SVC*HC:G0438*214*172.61**1~DTM*472*20191031~CAS*CO*45*37.87**253*3.52~REF*LU*11~REF*6R*CPCH68NWIOKA~AMT*B6*176.13~SVC*HC:93000*23.15*13.74**1~DTM*472*20191031~CAS*CO*45*5.63**253*0.28~CAS*PR*2*3.5~REF*LU*11~REF*6R*CPCHBOT9UC9Q~AMT*B6*17.52~CLP*000100024537*19*134*74.23*18.93*MB*0219310429720*11*1~NM1*QC*1*TAVAREZ*BALBINA*M***MI*2WQ6YP2RW60~NM1*82*1******XX*1659521045~NM1*TT*2*COLORADO DEPT OF HEALTH-MEDICAID*****PI*70037~MOA***MA01*MA07*N793~REF*EA*C7C764EFF18B483B9208314946E53CB8~DTM*050*20191106~SVC*HC:99214*134*74.23**1~DTM*472*20191104~CAS*CO*45*39.33**253*1.51~CAS*PR*2*18.93~REF*LU*11~REF*6R*CPCHYQO9HQOX~AMT*B6*94.67~SE*133*000000001~GE*1*152~IEA*1*932300152~