ISA*00*          *00*          *ZZ*04112          *29*E13833         *191028*2359*^*00501*930100162*0*P*:~GS*HP*04112*E13833*20191028*2359*162*X*005010X221A1~ST*835*000000002~BPR*I*849.03*C*ACH*CCP*01*081517693*DA*152302017586*1205296137**01*102000076*DA*2838835219*20191029~TRN*1*889924837*1205296137~REF*EV*E13833~DTM*405*20191028~N1*PR*NOVITAS SOLUTIONS, INC.~N3*PO BOX 3109~N4*MECHANICSBURG*PA*170551825~REF*2U*04112~PER*CX**TE*8552528782~PER*BL*NOVITAS SOLUTIONS, INC. EDI SERVICES*TE*8552528782*EX*1*EM*WEBSITEEDI@NOVITAS-SOLUTIONS.COM~N1*PE*SPANISH PEAKS NEW ALTERNATIV*XX*1508250911~N3*ATTN  BILLING*41 MONTEBELLO ROAD STE 116~N4*PUEBLO*CO*810011366~REF*TJ*841158933~LX*1~CLP*000100023572*19*138*77.64*18.93*MB*0219289043390*11*1~NM1*QC*1*BAILEY*JULIE*K***MI*524549081A~NM1*74*1******C*1JA2D16GM88~NM1*82*1******XX*1366419582~NM1*TT*2*ANTHEM FEP COLORADO*****PI*80034~MOA***MA01*MA18*N793~REF*EA*6F8BCC9CF45C44A88B7BD2D8D14224D1~DTM*050*20191015~SVC*HC:99214:25*134*74.23**1~DTM*472*20191011~CAS*CO*45*39.33**253*1.51~CAS*PR*2*18.93~REF*LU*11~REF*6R*CP3PAWSGMKJ0~AMT*B6*94.67~SVC*HC:81002*4*3.41**1~DTM*472*20191011~CAS*CO*45*0.52**253*0.07~REF*LU*11~REF*6R*CP3PO6H848WE~AMT*B6*3.48~CLP*000100023425*19*134*74.23*18.93*MB*0219288502460*11*1~NM1*QC*1*DIAZ*CARL****MI*3CA5R58NJ75~NM1*82*1******XX*1366419582~NM1*TT*2*COLORADO DEPT OF HEALTH-MEDICAID*****PI*70037~MOA***MA01*MA07*N793~REF*EA*FFD9AB5487754F6299A58C5F58721AB8~DTM*050*20191015~SVC*HC:99214*134*74.23**1~DTM*472*20191009~CAS*CO*45*39.33**253*1.51~CAS*PR*2*18.93~REF*LU*11~REF*6R*CP3XVLILI8JG~AMT*B6*94.67~CLP*000100021967*19*90*59.67*15.22*MB*0219289043400*11*1~NM1*QC*1*HELLERICH*GREGG*R***MI*507768762A~NM1*74*1******C*8UN1XU1AW36~NM1*82*1******XX*1447291851~NM1*TT*2*COLORADO DEPT OF HEALTH-MEDICAID*****PI*70037~MOA***MA01*MA07*N793~REF*EA*401FB6AD77B64D44993C2D779179D470~DTM*050*20191015~SVC*HC:99213*90*59.67**1~DTM*472*20190904~CAS*CO*45*13.89**253*1.22~CAS*PR*2*15.22~REF*LU*11~REF*6R*CP3P85TDQDCS~AMT*B6*76.11~CLP*000100023373*19*265*152.2*34.88*MB*0219288502480*11*1~NM1*QC*1*KIMMICK*EDWARD****MI*6W54X80NT88~NM1*82*1******XX*1164974580~NM1*TT*2*UNITEDHEALTHCARE*****PI*00082~MOA***MA01*MA18*N793~REF*EA*55994826B43645FE921093D4E910543F~DTM*050*20191015~SVC*HC:99204:25*205*112.27**1~DTM*472*20191008~CAS*CO*45*61.8**253*2.29~CAS*PR*2*28.64~REF*LU*11~REF*6R*CP3XIJ3RS06L~AMT*B6*143.2~SVC*HC:G0444*20*15.49**1~DTM*472*20191008~CAS*CO*45*4.19**253*0.32~REF*LU*11~REF*6R*CP3XJUJCYX6J~AMT*B6*15.81~SVC*HC:G0396*40*24.44**1~DTM*472*20191008~CAS*CO*45*8.82**253*0.5~CAS*PR*2*6.24~REF*LU*11~REF*6R*CP3XL46KKVCP~AMT*B6*31.18~CLP*000100023285*19*237.15*186.35*3.5*MB*0219288502490*11*1~NM1*QC*1*LUCERO*JOSEPH*M***MI*522682217A~NM1*74*1******C*2D14J19GD01~NM1*82*1******XX*1447291851~NM1*TT*2*COLORADO DEPT OF HEALTH-MEDICAID*****PI*70037~MOA***MA01*MA07*N793~REF*EA*238786FD24C649C68720417143C1DDAD~DTM*050*20191015~SVC*HC:G0438*214*172.61**1~DTM*472*20191007~CAS*CO*45*37.87**253*3.52~REF*LU*11~REF*6R*CP3XK4UG8WRY~AMT*B6*176.13~SVC*HC:93000*23.15*13.74**1~DTM*472*20191007~CAS*CO*45*5.63**253*0.28~CAS*PR*2*3.5~REF*LU*11~REF*6R*CP3XDM6KT3YH~AMT*B6*17.52~LQ*HE*N782~CLP*000100023159*19*90*50.71*12.94*MB*0219288502520*11*1~NM1*QC*1*ORTIZ*DEBORAH*M***MI*467375441A~NM1*74*1******C*1FV3J92UM14~NM1*82*1******XX*1659521045~NM1*TT*2*COLORADO DEPT OF HEALTH-MEDICAID*****PI*70037~MOA***MA01*MA07*N793~REF*EA*A9766A2328C7427FB334AE150B7A7A89~DTM*050*20191015~SVC*HC:99213*90*50.71**1~DTM*472*20191003~CAS*CO*45*25.31**253*1.04~CAS*PR*2*12.94~REF*LU*11~REF*6R*CP3X4LIQD74F~AMT*B6*64.69~LQ*HE*N782~CLP*000100023605*19*315*123.29*101.13*MB*0219289043410*11*1~NM1*QC*1*SEQUOYAH*TESS****MI*267744957M~NM1*74*1******C*3UT9XH5MQ55~NM1*82*1******XX*1659521045~NM1*TT*2*COLORADO DEPT OF HEALTH-MEDICAID*****PI*70037~MOA***MA01*MA07*N793~REF*EA*7CD8D842B8BA4C758C06F238EA347C59~DTM*050*20191015~SVC*HC:99205:25*255*83.36**1~DTM*472*20191014~CAS*CO*45*75.05**253*1.7~CAS*PR*1*73.62**2*21.27~REF*LU*11~REF*6R*CP3P2ZO5M6KO~AMT*B6*179.95~SVC*HC:G0444*20*15.49**1~DTM*472*20191014~CAS*CO*45*4.19**253*0.32~REF*LU*11~REF*6R*CP3PDPAOQ54S~AMT*B6*15.81~SVC*HC:G0396*40*24.44**1~DTM*472*20191014~CAS*CO*45*8.82**253*0.5~CAS*PR*2*6.24~REF*LU*11~REF*6R*CP3P8XA8AJTB~AMT*B6*31.18~CLP*000100023335*1*134*74.23*18.93*MB*0219288502500*11*1~NM1*QC*1*SOILEAU*JOSEPH****MI*3RH4PK1NK92~NM1*82*1******XX*1366419582~MOA***MA01*N793~REF*EA*E344A5BED74C47C09436778F6FBAED9E~DTM*050*20191015~SVC*HC:99214*134*74.23**1~DTM*472*20191008~CAS*CO*45*39.33**253*1.51~CAS*PR*2*18.93~REF*LU*11~REF*6R*CP3XX5OBRUJO~AMT*B6*94.67~CLP*000100023445*19*90*50.71*12.94*MB*0219288502450*11*1~NM1*QC*1*WAGNER*DOROTHY*J***MI*591208455A~NM1*74*1******C*1WH4X03VA65~NM1*82*1******XX*1164974580~NM1*TT*2*COLORADO DEPT OF HEALTH-MEDICAID*****PI*70037~MOA***MA01*MA07*N793~REF*EA*DDF6D65DDD7944B487456DE14DC0FC39~DTM*050*20191015~SVC*HC:99213*90*50.71**1~DTM*472*20191009~CAS*CO*45*25.31**253*1.04~CAS*PR*2*12.94~REF*LU*11~REF*6R*CP3XIBXHKH67~AMT*B6*64.69~LQ*HE*N782~SE*189*000000002~GE*1*162~IEA*1*930100162~