ISA*00*          *00*          *ZZ*04112          *29*E13833         *191120*2359*^*00501*932400157*0*P*:~GS*HP*04112*E13833*20191120*2359*157*X*005010X221A1~ST*835*000000001~BPR*I*798.07*C*ACH*CCP*01*081517693*DA*152302017586*1205296137**01*102000076*DA*2838835219*20191121~TRN*1*889994778*1205296137~REF*EV*E13833~DTM*405*20191120~N1*PR*NOVITAS SOLUTIONS, INC.~N3*PO BOX 3109~N4*MECHANICSBURG*PA*170551825~REF*2U*04112~PER*CX**TE*8552528782~PER*BL*NOVITAS SOLUTIONS, INC. EDI SERVICES*TE*8552528782*EX*1*EM*WEBSITEEDI@NOVITAS-SOLUTIONS.COM~N1*PE*SPANISH PEAKS NEW ALTERNATIV*XX*1508250911~N3*ATTN  BILLING*41 MONTEBELLO ROAD STE 116~N4*PUEBLO*CO*810011366~REF*TJ*841158933~LX*1~CLP*000100024660*19*54*36.32*9.26*MB*0219311458510*11*1~NM1*QC*1*AVILA*ROBERT*A***MI*522840480M~NM1*74*1***B***C*3UP6QW1DX68~NM1*82*1******XX*1447291851~NM1*TT*2*COLORADO DEPT OF HEALTH-MEDICAID*****PI*70037~MOA***MA01*MA07*N793~REF*EA*D1EF1B75058244E68C5D8D06FB4337E8~DTM*050*20191107~SVC*HC:99212*54*36.32**1~DTM*472*20191105~CAS*CO*45*7.68**253*0.74~CAS*PR*2*9.26~REF*LU*11~REF*6R*CPC9JKLQPV85~AMT*B6*46.32~CLP*000100024535*19*134*87.32*22.28*MB*0219311458520*11*1~NM1*QC*1*AVILA*ROBERT*A***MI*522840480M~NM1*74*1***B***C*3UP6QW1DX68~NM1*82*1******XX*1447291851~NM1*TT*2*COLORADO DEPT OF HEALTH-MEDICAID*****PI*70037~MOA***MA01*MA07*N793~REF*EA*BE0D8407A9F94761B397EE1C886A5515~DTM*050*20191107~SVC*HC:99214*134*87.32**1~DTM*472*20191104~CAS*CO*45*22.62**253*1.78~CAS*PR*2*22.28~REF*LU*11~REF*6R*CPC9MV4WKEAC~AMT*B6*111.38~CLP*000100023052*19*168.5*101.15*25.81*MB*0219311458530*11*1~NM1*QC*1*CAMP*KAREN*N***MI*6MT2U56KQ95~NM1*82*1******XX*1447291851~NM1*TT*2*BCBS OF KANSAS*****PI*30062~MOA***MA01*MA18*N793~REF*EA*55986BDCED544B1397F5787CE2E5FBAB~DTM*050*20191107~SVC*HC:99214:25*134*87.32**1~DTM*472*20191001~CAS*CO*45*22.62**253*1.78~CAS*PR*2*22.28~REF*LU*11~REF*6R*CPC9UXMEFS0I~AMT*B6*111.38~SVC*HC:96372*32*13.44**1~DTM*472*20191002~CAS*CO*45*14.86**253*0.27~CAS*PR*2*3.43~REF*LU*11~REF*6R*CPC9OR410LGO~AMT*B6*17.14~SVC*HC:J1885*2.5*0.39**1~DTM*472*20191002~CAS*CO*45*2**253*0.01~CAS*PR*2*0.1~REF*LU*11~REF*6R*CPC988SYJS63~AMT*B6*0.5~CLP*000100024583*19*90*50.71*12.94*MB*0219311458490*11*1~NM1*QC*1*CLEVELAND*RHONDA*L***MI*449949721A~NM1*74*1******C*8RH6HX5AJ62~NM1*82*1******XX*1659521045~NM1*TT*2*CHAMPVA-VA HEALTH ADMIN CTR*****PI*80214~MOA***MA01*MA18*N793~REF*EA*90DEF3FFC7FA4A2B8B66518DA2596DF0~DTM*050*20191107~SVC*HC:99213*90*50.71**1~DTM*472*20191104~CAS*CO*45*25.31**253*1.04~CAS*PR*2*12.94~REF*LU*11~REF*6R*CPC9H0WDFNUT~AMT*B6*64.69~CLP*000100024665*19*134*74.23*18.93*MB*0219311458470*11*1~NM1*QC*1*DIAZ*CARL****MI*3CA5R58NJ75~NM1*82*1******XX*1366419582~NM1*TT*2*COLORADO DEPT OF HEALTH-MEDICAID*****PI*70037~MOA***MA01*MA07*N793~REF*EA*FBA51E4EE2174D5A87BC67A1D8C4A57C~DTM*050*20191107~SVC*HC:99214*134*74.23**1~DTM*472*20191105~CAS*CO*45*39.33**253*1.51~CAS*PR*2*18.93~REF*LU*11~REF*6R*CPC9A3AZITWO~AMT*B6*94.67~CLP*000100024586*19*134*74.23*18.93*MB*0219311458460*11*1~NM1*QC*1*ENCINA*MARTHA****MI*6WG4ED4KE07~NM1*82*1******XX*1366419582~NM1*TT*2*COLORADO DEPT OF HEALTH-MEDICAID*****PI*70037~MOA***MA01*MA07*N793~REF*EA*6306C18EE75D45C284B04444B8FDC718~DTM*050*20191107~SVC*HC:99214*134*74.23**1~DTM*472*20191104~CAS*CO*45*39.33**253*1.51~CAS*PR*2*18.93~REF*LU*11~REF*6R*CPC9CWZRASTC~AMT*B6*94.67~CLP*000100024620*1*134*74.23*18.93*MB*0219311458480*11*1~NM1*QC*1*HELLERICH*GREGG*R***MI*507768762A~NM1*74*1******C*8UN1XU1AW36~NM1*82*1******XX*1366419582~MOA***MA01*N793~REF*EA*39A29BE07377437EBE200D87F5B7E54A~DTM*050*20191107~SVC*HC:99214*134*74.23**1~DTM*472*20191105~CAS*CO*45*39.33**253*1.51~CAS*PR*2*18.93~REF*LU*11~REF*6R*CPC9PC7D7DGU~AMT*B6*94.67~CLP*000100024634*19*90*60.79*15.22*MB*0219311458440*11*1~NM1*QC*1*MARRONE*JOHN*H***MI*190486737A~NM1*74*1******C*6QM7UN9QU53~NM1*82*1******XX*1538435698~NM1*TT*2*COLORADO DEPT OF HEALTH-MEDICAID*****PI*70037~MOA***MA01*MA07*N793~REF*EA*972BCE87B9754325AFA55A410EEA8C72~DTM*050*20191107~SVC*HC:99213*90*60.79**1~DTM*472*20191105~CAS*CO*45*13.89**253*1.24**144*-1.14~CAS*PR*2*15.22~REF*LU*11~REF*6R*CPC90WXIH93A~AMT*B6*76.11~LQ*HE*N807~CLP*000100024589*19*157.15*101.06*25.78*MB*0219311458450*11*1~NM1*QC*1*MURPHY*JAMES*P***MI*9DH1U42AP36~NM1*82*1******XX*1447291851~NM1*TT*2*COLORADO DEPT OF HEALTH-MEDICAID*****PI*70037~MOA***MA01*MA07*N793~REF*EA*39BFA5F1CE7F4881BA90B8D836B532C1~DTM*050*20191107~SVC*HC:99214:25*134*87.32**1~DTM*472*20191104~CAS*CO*45*22.62**253*1.78~CAS*PR*2*22.28~REF*LU*11~REF*6R*CPC95KVVUQQO~AMT*B6*111.38~SVC*HC:93000*23.15*13.74**1~DTM*472*20191104~CAS*CO*45*5.63**253*0.28~CAS*PR*2*3.5~REF*LU*11~REF*6R*CPC9B7KA5CCS~AMT*B6*17.52~CLP*000100024556*19*134*87.32*22.28*MB*0219311458540*11*1~NM1*QC*1*ORTIZ*DEBORAH*M***MI*467375441A~NM1*74*1******C*1FV3J92UM14~NM1*82*1******XX*1447291851~NM1*TT*2*COLORADO DEPT OF HEALTH-MEDICAID*****PI*70037~MOA***MA01*MA07*N793~REF*EA*22123DEBC755412FBFDF2BC5B4788C20~DTM*050*20191107~SVC*HC:99214*134*87.32**1~DTM*472*20191104~CAS*CO*45*22.62**253*1.78~CAS*PR*2*22.28~REF*LU*11~REF*6R*CPC9ZVMJJFTE~AMT*B6*111.38~CLP*000100024626*19*90*50.71*12.94*MB*0219311458500*11*1~NM1*QC*1*WITHAAR*CHARLES*D***MI*476044188A~NM1*74*1******C*1MQ4E18CW88~NM1*82*1******XX*1164974580~NM1*TT*2*COLORADO DEPT OF HEALTH-MEDICAID*****PI*70037~MOA***MA01*MA07*N793~REF*EA*4FEC17FDCBFC42BCAA4B01690AB82639~DTM*050*20191107~SVC*HC:99213*90*50.71**1~DTM*472*20191105~CAS*CO*45*25.31**253*1.04~CAS*PR*2*12.94~REF*LU*11~REF*6R*CPC999ZA3GZ4~AMT*B6*64.69~SE*199*000000001~GE*1*157~IEA*1*932400157~