ISA*00*          *00*          *ZZ*04112          *29*E13833         *191118*2359*^*00501*932200153*0*P*:~GS*HP*04112*E13833*20191118*2359*153*X*005010X221A1~ST*835*000000001~BPR*I*317.87*C*ACH*CCP*01*081517693*DA*152302017586*1205296137**01*102000076*DA*2838835219*20191119~TRN*1*889986323*1205296137~REF*EV*E13833~DTM*405*20191118~N1*PR*NOVITAS SOLUTIONS, INC.~N3*PO BOX 3109~N4*MECHANICSBURG*PA*170551825~REF*2U*04112~PER*CX**TE*8552528782~PER*BL*NOVITAS SOLUTIONS, INC. EDI SERVICES*TE*8552528782*EX*1*EM*WEBSITEEDI@NOVITAS-SOLUTIONS.COM~N1*PE*SPANISH PEAKS NEW ALTERNATIV*XX*1508250911~N3*ATTN  BILLING*41 MONTEBELLO ROAD STE 116~N4*PUEBLO*CO*810011366~REF*TJ*841158933~LX*1~CLP*000100021776*22*-23.15*0**MB*0219305330850*11*1~NM1*QC*1*CLARK*PATRICK****MI*522846158A~NM1*74*1***M***C*5CC9NY2AG35~NM1*82*1******XX*1447291851~MOA***MA01*N793~REF*EA*1B717A563A714239958A84069D220853~DTM*050*20191101~SVC*HC:93000*-23.15*0****1~DTM*472*20190829~CAS*PR*49*-23.15~REF*LU*11~REF*6R*CPCLDETCYPV3~CLP*000100021776*1*23.15*13.74*3.5*MB*8319312252140*11*1~NM1*QC*1*CLARK*PATRICK****MI*522846158A~NM1*74*1***M***C*5CC9NY2AG35~NM1*82*1******XX*1447291851~MOA***MA01*MA67*N793~REF*EA*1B717A563A714239958A84069D220853~REF*F8*910219305330850~DTM*050*20191108~SVC*HC:93000*23.15*13.74**1~DTM*472*20190829~CAS*CO*45*5.63**253*0.28~CAS*PR*2*3.5~REF*LU*11~REF*6R*CPCLDETCYPV3~AMT*B6*17.52~CLP*000100024408*19*134*74.35*18.93*MB*0219309005460*11*1~NM1*QC*1*FISHER*RONNI*J***MI*2YR4YT6HV78~NM1*82*1******XX*1215134705~NM1*TT*2*COLORADO DEPT OF HEALTH-MEDICAID*****PI*70037~MOA***MA01*MA07*N793~REF*EA*70915DE76A4E42468F08CB88D2BC59CF~DTM*050*20191105~SVC*HC:99214*134*74.35**1~DTM*472*20191031~CAS*CO*45*39.33**253*1.52**144*-0.13~CAS*PR*2*18.93~REF*LU*11~REF*6R*CPCX3GNHC829~AMT*B6*94.67~LQ*HE*N807~CLP*000100024397*19*134*87.32*22.28*MB*0219309005480*11*1~NM1*QC*1*FORTUNE*CATHERINE*M***MI*522825553A~NM1*74*1******C*5D91EH6MW35~NM1*82*1******XX*1447291851~NM1*TT*2*COLORADO DEPT OF HEALTH-MEDICAID*****PI*70037~MOA***MA01*MA07*N793~REF*EA*3D3AB83330664CC999C78238BD5BA767~DTM*050*20191105~SVC*HC:99214*134*87.32**1~DTM*472*20191031~CAS*CO*45*22.62**253*1.78~CAS*PR*2*22.28~REF*LU*11~REF*6R*CPCXZO4FFEV9~AMT*B6*111.38~CLP*000100024438*19*90*59.67*15.22*MB*0219309005470*11*1~NM1*QC*1*HOSE*AHMED*B***MI*3DE1FR0CU17~NM1*82*1******XX*1447291851~NM1*TT*2*LOYAL AMERICAN LIFE INSURANCE CO*****PI*30054~MOA***MA01*MA18*N793~REF*EA*F87161F8261B452C8198F4C09DB0C7B5~DTM*050*20191105~SVC*HC:99213*90*59.67**1~DTM*472*20191031~CAS*CO*45*13.89**253*1.22~CAS*PR*2*15.22~REF*LU*11~REF*6R*CPCXI0094OOS~AMT*B6*76.11~CLP*000100024417*19*149*82.79*18.93*MB*0219309005450*11*1~NM1*QC*1*VALDEZ MARTIN*SONIA****MI*523024071A~NM1*74*1***A***C*7RR8YE6TU37~NM1*82*1******XX*1215134705~NM1*TT*2*COLORADO DEPT OF HEALTH-MEDICAID*****PI*70037~MOA***MA01*MA07*N793~REF*EA*7E5784B6739D425F9C18BF54D0808CFC~DTM*050*20191105~SVC*HC:99214*134*74.35**1~DTM*472*20191031~CAS*CO*45*39.33**253*1.52**144*-0.13~CAS*PR*2*18.93~REF*LU*11~REF*6R*CPCXB958CM8O~AMT*B6*94.67~LQ*HE*N807~SVC*HC:81025*15*8.44**1~DTM*472*20191031~CAS*CO*45*6.39**253*0.17~REF*LU*11~REF*6R*CPCXGXHXML8A~AMT*B6*8.61~SE*110*000000001~GE*1*153~IEA*1*932200153~