ISA*00*          *00*          *ZZ*04112          *29*E13833         *191114*2359*^*00501*931800151*0*P*:~GS*HP*04112*E13833*20191114*2359*151*X*005010X221A1~ST*835*000000002~BPR*I*161.26*C*ACH*CCP*01*081517693*DA*152302017586*1205296137**01*102000076*DA*2838835219*20191115~TRN*1*889977596*1205296137~REF*EV*E13833~DTM*405*20191114~N1*PR*NOVITAS SOLUTIONS, INC.~N3*PO BOX 3109~N4*MECHANICSBURG*PA*170551825~REF*2U*04112~PER*CX**TE*8552528782~PER*BL*NOVITAS SOLUTIONS, INC. EDI SERVICES*TE*8552528782*EX*1*EM*WEBSITEEDI@NOVITAS-SOLUTIONS.COM~N1*PE*SPANISH PEAKS NEW ALTERNATIV*XX*1508250911~N3*ATTN  BILLING*41 MONTEBELLO ROAD STE 116~N4*PUEBLO*CO*810011366~REF*TJ*841158933~LX*1~CLP*000100024166*19*134*74.23*18.93*MB*0219305330880*11*1~NM1*QC*1*KHALER*ALVIN*J***MI*3R78KQ0MD40~NM1*82*1******XX*1659521045~NM1*TT*2*COLORADO DEPT OF HEALTH-MEDICAID*****PI*70037~MOA***MA01*MA07*N793~REF*EA*38B390E0DE0D46EEA9BD3E3025E374B1~DTM*050*20191101~SVC*HC:99214*134*74.23**1~DTM*472*20191024~CAS*CO*45*39.33**253*1.51~CAS*PR*2*18.93~REF*LU*11~REF*6R*CPCLNMW4DQU6~AMT*B6*94.67~CLP*000100024330*19*90*50.71*12.94*MB*0219305330860*11*1~NM1*QC*1*MAVIR*VAUGHAN*H***MI*522622133B1~NM1*74*1******C*2H97W03MT32~NM1*82*1******XX*1659521045~NM1*TT*2*UNITEDHEALTH GROUP*****PI*30002~MOA***MA01*MA18*N793~REF*EA*11D0E9F333A34263A0047846C66B9E80~DTM*050*20191101~SVC*HC:99213*90*50.71**1~DTM*472*20191029~CAS*CO*45*25.31**253*1.04~CAS*PR*2*12.94~REF*LU*11~REF*6R*CPCL4XL9DSQG~AMT*B6*64.69~CLP*000100022249*19*54*36.32*9.26*MB*0219305330870*11*1~NM1*QC*1*SMITH*LARRY****MI*524981357A~NM1*74*1******C*4TN6F27NH55~NM1*82*1******XX*1447291851~NM1*TT*2*COLORADO DEPT OF HEALTH-MEDICAID*****PI*70037~MOA***MA01*MA07*N793~REF*EA*06EC0A3DD9D945C1B73149A5BD3036FC~DTM*050*20191101~SVC*HC:99212*54*36.32**1~DTM*472*20190911~CAS*CO*45*7.68**253*0.74~CAS*PR*2*9.26~REF*LU*11~REF*6R*CPCL93IQTOIP~AMT*B6*46.32~SE*61*000000002~GE*1*151~IEA*1*931800151~