ISA*00*          *00*          *ZZ*04112          *29*E13833         *191030*2359*^*00501*930300157*0*P*:~GS*HP*04112*E13833*20191030*2359*157*X*005010X221A1~ST*835*000000002~BPR*I*776.79*C*ACH*CCP*01*081517693*DA*152302017586*1205296137**01*102000076*DA*2838835219*20191031~TRN*1*889933689*1205296137~REF*EV*E13833~DTM*405*20191030~N1*PR*NOVITAS SOLUTIONS, INC.~N3*PO BOX 3109~N4*MECHANICSBURG*PA*170551825~REF*2U*04112~PER*CX**TE*8552528782~PER*BL*NOVITAS SOLUTIONS, INC. EDI SERVICES*TE*8552528782*EX*1*EM*WEBSITEEDI@NOVITAS-SOLUTIONS.COM~N1*PE*SPANISH PEAKS NEW ALTERNATIV*XX*1508250911~N3*ATTN  BILLING*41 MONTEBELLO ROAD STE 116~N4*PUEBLO*CO*810011366~REF*TJ*841158933~LX*1~CLP*000100023689*19*134*74.23*18.93*MB*0219290420250*11*1~NM1*QC*1*CALLISON*LINDA*J***MI*8KQ0G01MR04~NM1*82*1******XX*1659521045~NM1*TT*2*MUTUAL OF OMAHA INSURANCE COMP*****PI*30090~MOA***MA01*MA18*N793~REF*EA*4A2F4E8ABBCA4BACA55601045FDB271E~DTM*050*20191017~SVC*HC:99214*134*74.23**1~DTM*472*20191015~CAS*CO*45*39.33**253*1.51~CAS*PR*2*18.93~REF*LU*11~REF*6R*CP396F85DIIO~AMT*B6*94.67~CLP*000100023657*19*90*59.67*15.22*MB*0219290420260*11*1~NM1*QC*1*CAMP*KAREN*N***MI*6MT2U56KQ95~NM1*82*1******XX*1447291851~NM1*TT*2*BCBS OF KANSAS*****PI*30062~MOA***MA01*MA18*N793~REF*EA*4CE0E6FF60A84AE8B6F0BBECAD0EF73B~DTM*050*20191017~SVC*HC:99213*90*59.67**1~DTM*472*20191014~CAS*CO*45*13.89**253*1.22~CAS*PR*2*15.22~REF*LU*11~REF*6R*CP39CEP2B1A5~AMT*B6*76.11~CLP*000100023693*19*134*74.23*18.93*MB*0219290420190*11*1~NM1*QC*1*CHANDLER*VERONICA*L***MI*548252578A~NM1*74*1******C*7TD7V42RW57~NM1*82*1******XX*1659521045~NM1*TT*2*COLORADO DEPT OF HEALTH-MEDICAID*****PI*70037~MOA***MA01*MA07*N793~REF*EA*6EDB10C392174563908F8CE461578652~DTM*050*20191017~SVC*HC:99214*134*74.23**1~DTM*472*20191015~CAS*CO*45*39.33**253*1.51~CAS*PR*2*18.93~REF*LU*11~REF*6R*CP398QMLCCQO~AMT*B6*94.67~LQ*HE*N782~CLP*000100023719*19*134*74.23*18.93*MB*0219290420240*11*1~NM1*QC*1*HUBBARD*LORI****MI*524324622C1~NM1*74*1***E***C*7MY9GW3XV24~NM1*82*1******XX*1659521045~NM1*TT*2*COLORADO DEPT OF HEALTH-MEDICAID*****PI*70037~MOA***MA01*MA07*N793~REF*EA*F0F2C84829644354B3796D4A8C2444B8~DTM*050*20191017~SVC*HC:99214*134*74.23**1~DTM*472*20191015~CAS*CO*45*39.33**253*1.51~CAS*PR*2*18.93~REF*LU*11~REF*6R*CP395ZY04M36~AMT*B6*94.67~LQ*HE*N782~CLP*000100023638*19*134*87.32*22.28*MB*0219290420270*11*1~NM1*QC*1*ORTIZ*DEBORAH*M***MI*467375441A~NM1*74*1******C*1FV3J92UM14~NM1*82*1******XX*1447291851~NM1*TT*2*COLORADO DEPT OF HEALTH-MEDICAID*****PI*70037~MOA***MA01*MA07*N793~REF*EA*665CDC1EF54C4DBC9634038A5D86EDFE~DTM*050*20191017~SVC*HC:99214*134*87.32**1~DTM*472*20191014~CAS*CO*45*22.62**253*1.78~CAS*PR*2*22.28~REF*LU*11~REF*6R*CP39D0FB8GNH~AMT*B6*111.38~LQ*HE*N782~CLP*000100023014*1*134*74.23*18.93*MB*0219290420230*11*1~NM1*QC*1*PAQUETTE*TERRI*R***MI*6CX7V54HT51~NM1*82*1******XX*1659521045~MOA***MA01*N793~REF*EA*70707B60117C48A6B705AA4C727755B1~DTM*050*20191017~SVC*HC:99214*134*74.23**1~DTM*472*20191001~CAS*CO*45*39.33**253*1.51~CAS*PR*2*18.93~REF*LU*11~REF*6R*CP39BERCEHPE~AMT*B6*94.67~CLP*000100023632*19*134*74.23*18.93*MB*0219290420200*11*1~NM1*QC*1*SWETKY*VICTOR****MI*8GT0EP6PV20~NM1*82*1******XX*1659521045~NM1*TT*2*COLORADO DEPT OF HEALTH-MEDICAID*****PI*70037~MOA***MA01*MA07*N793~REF*EA*D1A0A6F9BFCD4E02957B739DD7308193~DTM*050*20191017~SVC*HC:99214*134*74.23**1~DTM*472*20191014~CAS*CO*45*39.33**253*1.51~CAS*PR*2*18.93~REF*LU*11~REF*6R*CP396VTSC7S7~AMT*B6*94.67~CLP*000100023495*19*138*77.64*18.93*MB*0219290420180*11*1~NM1*QC*1*TAVAREZ*BALBINA*M***MI*2WQ6YP2RW60~NM1*82*1******XX*1659521045~NM1*TT*2*COLORADO DEPT OF HEALTH-MEDICAID*****PI*70037~MOA***MA01*MA07*N793~REF*EA*10AE4E980E814C35BFAFDB86D1A1193C~DTM*050*20191017~SVC*HC:99214:25*134*74.23**1~DTM*472*20191010~CAS*CO*45*39.33**253*1.51~CAS*PR*2*18.93~REF*LU*11~REF*6R*CP396XISS14S~AMT*B6*94.67~SVC*HC:81002*4*3.41**1~DTM*472*20191010~CAS*CO*45*0.52**253*0.07~REF*LU*11~REF*6R*CP3947DZV6UY~AMT*B6*3.48~CLP*000100023658*19*315*181.01*42.23*MB*0219290420210*11*1~NM1*QC*1*YOUNG*LORITA*A***MI*230548205C1~NM1*74*1******C*8J87U15KC60~NM1*82*1******XX*1366419582~NM1*TT*2*COLORADO DEPT OF HEALTH-MEDICAID*****PI*70037~MOA***MA01*MA07*N793~REF*EA*06DAB0D442A34BDD936859441B9FAB8D~DTM*050*20191017~SVC*HC:99205:25*255*141.08**1~DTM*472*20191014~CAS*CO*45*75.05**253*2.88~CAS*PR*2*35.99~REF*LU*11~REF*6R*CP39UDGANXHD~AMT*B6*179.95~SVC*HC:G0444*20*15.49**1~DTM*472*20191014~CAS*CO*45*4.19**253*0.32~REF*LU*11~REF*6R*CP39QWTVC8G0~AMT*B6*15.81~SVC*HC:G0396*40*24.44**1~DTM*472*20191014~CAS*CO*45*8.82**253*0.5~CAS*PR*2*6.24~REF*LU*11~REF*6R*CP39YPN2DE4Q~AMT*B6*31.18~SE*168*000000002~GE*1*157~IEA*1*930300157~