ISA*00*          *00*          *ZZ*04112          *29*E13833         *191024*2359*^*00501*929700173*0*P*:~GS*HP*04112*E13833*20191024*2359*173*X*005010X221A1~ST*835*000000002~BPR*I*674.96*C*ACH*CCP*01*081517693*DA*152302017586*1205296137**01*102000076*DA*2838835219*20191025~TRN*1*889915843*1205296137~REF*EV*E13833~DTM*405*20191024~N1*PR*NOVITAS SOLUTIONS, INC.~N3*PO BOX 3109~N4*MECHANICSBURG*PA*170551825~REF*2U*04112~PER*CX**TE*8552528782~PER*BL*NOVITAS SOLUTIONS, INC. EDI SERVICES*TE*8552528782*EX*1*EM*WEBSITEEDI@NOVITAS-SOLUTIONS.COM~N1*PE*SPANISH PEAKS NEW ALTERNATIV*XX*1508250911~N3*ATTN  BILLING*41 MONTEBELLO ROAD STE 116~N4*PUEBLO*CO*810011366~REF*TJ*841158933~LX*1~CLP*000100023209*1*257*128.23*32.71*MB*0219283483280*11*1~NM1*QC*1*DICKERSON*RAUNITA****MI*124789496A~NM1*74*1******C*4P14HM7YM09~NM1*82*1******XX*1659521045~MOA***MA01*N793~REF*EA*C8C48F478A014E108C355533BABB2A8C~DTM*050*20191010~SVC*HC:99213:25*90*50.71**1~DTM*472*20191003~CAS*CO*45*25.31**253*1.04~CAS*PR*2*12.94~REF*LU*11~REF*6R*CP3TNTRKQPB3~AMT*B6*64.69~SVC*HC:96372*32*11.43**1~DTM*472*20191003~CAS*CO*45*17.43**253*0.23~CAS*PR*2*2.91~REF*LU*11~REF*6R*CP3TS75OVN2T~AMT*B6*14.57~SVC*HC:J1050*135*66.09**150~DTM*472*20191003~CAS*CO*45*50.7**253*1.35~CAS*PR*2*16.86~REF*LU*11~REF*6R*CP3TOCVOQKYV~AMT*B6*84.3~CLP*000100023161*1*214*146.72**MB*0219283483300*11*1~NM1*QC*1*GONZALEZ*JESUS*R***MI*6JW6XE8GR89~NM1*82*1******XX*1659521045~MOA***MA01*N793~REF*EA*2E7C703F14334FD1A528EB5764D8115E~DTM*050*20191010~SVC*HC:G0438*214*146.72**1~DTM*472*20191003~CAS*CO*45*64.29**253*2.99~REF*LU*11~REF*6R*CP3T7TBOCLJX~AMT*B6*149.71~CLP*000100023342*19*134*74.23*18.93*MB*0219283483290*11*1~NM1*QC*1*GRABER*CANDACE*R***MI*090267075C1~NM1*74*1******C*3Y62E25HQ17~NM1*82*1******XX*1659521045~NM1*TT*2*COLORADO DEPT OF HEALTH-MEDICAID*****PI*70037~MOA***MA01*MA07*N793~REF*EA*EA81F20AA7404A01864EABA4E441861C~DTM*050*20191010~SVC*HC:99214*134*74.23**1~DTM*472*20191008~CAS*CO*45*39.33**253*1.51~CAS*PR*2*18.93~REF*LU*11~REF*6R*CP3TDOPW6JD2~AMT*B6*94.67~LQ*HE*N782~CLP*000100023217*1*90*35.06*28.91*MB*0219283483270*11*1~NM1*QC*1*HILTON*PAUL*W***MI*2RH3TN6GE98~NM1*82*1******XX*1659521045~MOA***MA01*N793~REF*EA*0F6AB10C78514FB6B0D4F4CA9CBA7B58~DTM*050*20191010~SVC*HC:99213*90*35.06**1~DTM*472*20191003~CAS*CO*45*25.31**253*0.72~CAS*PR*1*19.97**2*8.94~REF*LU*11~REF*6R*CP3TLOM2XJK3~AMT*B6*64.69~CLP*000100023172*19*134*74.35*18.93*MB*0219283483250*11*1~NM1*QC*1*MARRONE*JOHN*H***MI*190486737A~NM1*74*1******C*6QM7UN9QU53~NM1*82*1******XX*1215134705~NM1*TT*2*COLORADO DEPT OF HEALTH-MEDICAID*****PI*70037~MOA***MA01*MA07*N793~REF*EA*20E2539916CB43A8A09C4E69F5AF4A94~DTM*050*20191010~SVC*HC:99214*134*74.35**1~DTM*472*20191003~CAS*CO*45*39.33**253*1.52**144*-0.13~CAS*PR*2*18.93~REF*LU*11~REF*6R*CP3TNFJ56WKO~AMT*B6*94.67~LQ*HE*N807~CLP*000100023154*19*159*101.06*25.78*MB*0219283483310*11*1~NM1*QC*1*MONTEZ*TABITHA*L***MI*7YE4K09AM91~NM1*82*1******XX*1447291851~NM1*TT*2*COLORADO DEPT OF HEALTH-MEDICAID*****PI*70037~MOA***MA01*MA07*N793~REF*EA*DB221A9A90004D99B3C47078A7AFB090~DTM*050*20191010~SVC*HC:99214:25*134*87.32**1~DTM*472*20191003~CAS*CO*45*22.62**253*1.78~CAS*PR*2*22.28~REF*LU*11~REF*6R*CP3T54KNKEE7~AMT*B6*111.38~LQ*HE*N782~SVC*HC:93000*25*13.74**1~DTM*472*20191003~CAS*CO*45*7.48**253*0.28~CAS*PR*2*3.5~REF*LU*11~REF*6R*CP3TDC73C4DE~AMT*B6*17.52~LQ*HE*N782~CLP*000100023300*19*134*87.32*22.28*MB*0219283483320*11*1~NM1*QC*1*ORTIZ*DEBORAH*M***MI*467375441A~NM1*74*1******C*1FV3J92UM14~NM1*82*1******XX*1447291851~NM1*TT*2*COLORADO DEPT OF HEALTH-MEDICAID*****PI*70037~MOA***MA01*MA07*N793~REF*EA*6812E38D6B3948B682FFF218DDE173DF~DTM*050*20191010~SVC*HC:99214*134*87.32**1~DTM*472*20191007~CAS*CO*45*22.62**253*1.78~CAS*PR*2*22.28~REF*LU*11~REF*6R*CP3TR0S1G78M~AMT*B6*111.38~LQ*HE*N782~CLP*000100023221*19*134*74.23*18.93*MB*0219283483260*11*1~NM1*QC*1*SWETKY*VICTOR****MI*8GT0EP6PV20~NM1*82*1******XX*1659521045~NM1*TT*2*COLORADO DEPT OF HEALTH-MEDICAID*****PI*70037~MOA***MA01*MA07*N793~REF*EA*EFB666F4D2F7486CA28636BDE6D2A03A~DTM*050*20191010~SVC*HC:99214*134*74.23**1~DTM*472*20191003~CAS*CO*45*39.33**253*1.51~CAS*PR*2*18.93~REF*LU*11~REF*6R*CP3TMD7GKVAB~AMT*B6*94.67~PLB*1508250911*20191231*WO:918319232253920    37282A*46.24~SE*156*000000002~GE*1*173~IEA*1*929700173~