ISA*00*          *00*          *ZZ*04112          *29*E13833         *191104*2359*^*00501*930800155*0*P*:~GS*HP*04112*E13833*20191104*2359*155*X*005010X221A1~ST*835*000000001~BPR*I*1993.5*C*ACH*CCP*01*081517693*DA*152302017586*1205296137**01*102000076*DA*2838835219*20191105~TRN*1*889946848*1205296137~REF*EV*E13833~DTM*405*20191104~N1*PR*NOVITAS SOLUTIONS, INC.~N3*PO BOX 3109~N4*MECHANICSBURG*PA*170551825~REF*2U*04112~PER*CX**TE*8552528782~PER*BL*NOVITAS SOLUTIONS, INC. EDI SERVICES*TE*8552528782*EX*1*EM*WEBSITEEDI@NOVITAS-SOLUTIONS.COM~N1*PE*SPANISH PEAKS NEW ALTERNATIV*XX*1508250911~N3*ATTN  BILLING*41 MONTEBELLO ROAD STE 116~N4*PUEBLO*CO*810011366~REF*TJ*841158933~LX*1~CLP*000100023818*19*90*59.67*15.22*MB*0219295031020*11*1~NM1*QC*1*BRANDT*MICHAEL*S***MI*585529796A~NM1*74*1******C*5H27DW9HX49~NM1*82*1******XX*1447291851~NM1*TT*2*UNITEDHEALTH GROUP*****PI*30002~MOA***MA01*MA18*N793~REF*EA*902C807184B14DEE831685C4534FC6D9~DTM*050*20191022~SVC*HC:99213*90*59.67**1~DTM*472*20191016~CAS*CO*45*13.89**253*1.22~CAS*PR*2*15.22~REF*LU*11~REF*6R*CP4L7GBZ0DFR~AMT*B6*76.11~CLP*000100021658*19*265*179.06*41.03*MB*0219295031070*11*1~NM1*QC*1*CAMP*KAREN*N***MI*6MT2U56KQ95~NM1*82*1******XX*1447291851~NM1*TT*2*BCBS OF KANSAS*****PI*30062~MOA***MA01*MA18*N793~REF*EA*4240F93233F64E8DB4A590BDEC4E6C31~DTM*050*20191022~SVC*HC:99204:25*205*132.08**1~DTM*472*20190828~CAS*CO*45*36.53**253*2.7~CAS*PR*2*33.69~REF*LU*11~REF*6R*CP4LSW2VVKSC~AMT*B6*168.47~SVC*HC:G0444*20*18.23**1~DTM*472*20190828~CAS*CO*45*1.4**253*0.37~REF*LU*11~REF*6R*CP4L8UB6LQXG~AMT*B6*18.6~SVC*HC:G0396*40*28.75**1~DTM*472*20190828~CAS*CO*45*3.32**253*0.59~CAS*PR*2*7.34~REF*LU*11~REF*6R*CP4LDBTB6N92~AMT*B6*36.68~CLP*000100023784*19*90*50.71*12.94*MB*0219295031050*11*1~NM1*QC*1*COOK*DAVID*T***MI*6ED1FE4MH27~NM1*82*1******XX*1164974580~NM1*TT*2*COLORADO DEPT OF HEALTH-MEDICAID*****PI*70037~MOA***MA01*MA07*N793~REF*EA*5F93E0595E964E82AFD62FD4CA9B2DB2~DTM*050*20191022~SVC*HC:99213*90*50.71**1~DTM*472*20191016~CAS*CO*45*25.31**253*1.04~CAS*PR*2*12.94~REF*LU*11~REF*6R*CP4LRWQJ4ORO~AMT*B6*64.69~LQ*HE*N782~CLP*000100023893*1*214*172.61**MB*0219295030990*11*1~NM1*QC*1*DURAN*DAVID*R***MI*6GR8KP2CV30~NM1*82*1******XX*1447291851~MOA***MA01*N793~REF*EA*A4C2AB59A1A54D51A6F92A47174AADB8~DTM*050*20191022~SVC*HC:G0438*214*172.61**1~DTM*472*20191017~CAS*CO*45*37.87**253*3.52~REF*LU*11~REF*6R*CP4LHKBNX4I6~AMT*B6*176.13~CLP*000100023896*19*109*62.56*12.94*MB*0219295031000*11*1~NM1*QC*1*FELLNER*CYNTHIA*D***MI*325725714A~NM1*74*1******C*7FN3VV2QR11~NM1*82*1******XX*1164974580~NM1*TT*2*COLORADO DEPT OF HEALTH-MEDICAID*****PI*70037~MOA***MA01*MA07*N793~REF*EA*BC9E28D2D3D94CDD95FAFB458B0450B5~DTM*050*20191022~SVC*HC:99213:25*90*50.71**1~DTM*472*20191017~CAS*CO*45*25.31**253*1.04~CAS*PR*2*12.94~REF*LU*11~REF*6R*CP4L5BM7B3VG~AMT*B6*64.69~LQ*HE*N782~SVC*HC:81002*4*3.41**1~DTM*472*20191017~CAS*CO*45*0.52**253*0.07~REF*LU*11~REF*6R*CP4LMATFFCJG~AMT*B6*3.48~SVC*HC:81025*15*8.44**1~DTM*472*20191017~CAS*CO*45*6.39**253*0.17~REF*LU*11~REF*6R*CP4LZ9A37F3F~AMT*B6*8.61~CLP*000100023911*19*54*30.87*7.87*MB*0219295031010*11*1~NM1*QC*1*GARCIA*PAMELA*D***MI*9KC9FG5NU35~NM1*82*1******XX*1164974580~NM1*TT*2*COLORADO DEPT OF HEALTH-MEDICAID*****PI*70037~MOA***MA01*MA07*N793~REF*EA*E679F017A20E467CB35912206D0FBF88~DTM*050*20191022~SVC*HC:99212*54*30.87**1~DTM*472*20191017~CAS*CO*45*14.63**253*0.63~CAS*PR*2*7.87~REF*LU*11~REF*6R*CP4L9EXVU7LA~AMT*B6*39.37~CLP*000100023919*19*205*134.08*29.56*MB*0219295031060*11*1~NM1*QC*1*LO*WAI****MI*3H06DQ2HA79~NM1*82*1******XX*1447291851~NM1*TT*2*ANTHEM FEP COLORADO*****PI*80034~MOA***MA01*MA18*N793~REF*EA*44080774929640A7BB0ECD8B04FC5A71~DTM*050*20191022~SVC*HC:99203:25*145*87.1**1~DTM*472*20191017~CAS*CO*45*33.9**253*1.78~CAS*PR*2*22.22~REF*LU*11~REF*6R*CP4LU61WXK5A~AMT*B6*111.1~SVC*HC:G0444*20*18.23**1~DTM*472*20191017~CAS*CO*45*1.4**253*0.37~REF*LU*11~REF*6R*CP4LFRRJC7G0~AMT*B6*18.6~SVC*HC:G0396*40*28.75**1~DTM*472*20191017~CAS*CO*45*3.32**253*0.59~CAS*PR*2*7.34~REF*LU*11~REF*6R*CP4LT7TTLMBA~AMT*B6*36.68~CLP*000100023414*1*2130*1096.12*277.47*MB*0219289043420*11*1~NM1*QC*1*MOORE*HOLLY****MI*523673582A~NM1*74*1***N***C*4MP0T57CX08~NM1*82*1******XX*1659521045~MOA***MA01*N793~REF*EA*4422ED04363C47D09048AA0A973C0BD1~DTM*050*20191015~SVC*HC:99204:25*205*112.27**1~DTM*472*20191009~CAS*CO*45*61.8**253*2.29~CAS*PR*2*28.64~REF*LU*11~REF*6R*CP3PDJ62LDSK~AMT*B6*143.2~LQ*HE*N782~SVC*HC:J2315*1805*967.35**380~DTM*472*20191009~CAS*CO*45*571.14**253*19.74~CAS*PR*2*246.77~REF*LU*11~REF*6R*CP3P2GJ1JV1V~AMT*B6*1233.86~LQ*HE*N782~SVC*HC:99415*45*8.06**1~DTM*472*20191009~CAS*CO*45*34.72**253*0.16~CAS*PR*2*2.06~REF*LU*11~REF*6R*CP3PC6VLYT1A~AMT*B6*10.28~LQ*HE*N782~SVC*HC:G0444*20*0****1~DTM*472*20191009~CAS*CO*B15*20~REF*LU*11~REF*6R*CP3PZ6HXN2MK~LQ*HE*M80~SVC*HC:G0396*40*0****1~DTM*472*20191009~CAS*CO*B15*40~REF*LU*11~REF*6R*CP3PJ2N4675N~LQ*HE*M80~SVC*HC:81025*15*8.44**1~DTM*472*20191009~CAS*CO*45*6.39**253*0.17~REF*LU*11~REF*6R*CP3PC0BQ3WOD~AMT*B6*8.61~CLP*000100023836*19*134*74.23*18.93*MB*0219295031030*11*1~NM1*QC*1*SOUSIE*KATHLENE*A***MI*117600322A~NM1*74*1**KATHLEEN****C*3R33C59MP12~NM1*82*1******XX*1659521045~NM1*TT*2*COLORADO DEPT OF HEALTH-MEDICAID*****PI*70037~MOA***MA01*MA07*N793~REF*EA*173AF696D8C7444FB2508E3EAE1D42C5~DTM*050*20191022~SVC*HC:99214*134*74.23**1~DTM*472*20191016~CAS*CO*45*39.33**253*1.51~CAS*PR*2*18.93~REF*LU*11~REF*6R*CP4LYVLPV7H3~AMT*B6*94.67~LQ*HE*N782~CLP*000100023885*19*134*74.35*18.93*MB*0219295030970*11*1~NM1*QC*1*VALDEZ MARTIN*SONIA****MI*523024071A~NM1*74*1***A***C*7RR8YE6TU37~NM1*82*1******XX*1215134705~NM1*TT*2*COLORADO DEPT OF HEALTH-MEDICAID*****PI*70037~MOA***MA01*MA07*N793~REF*EA*7431D7014B2442C094D5447A61AD4CB9~DTM*050*20191022~SVC*HC:99214*134*74.35**1~DTM*472*20191017~CAS*CO*45*39.33**253*1.52**144*-0.13~CAS*PR*2*18.93~REF*LU*11~REF*6R*CP4L4PJFCIDP~AMT*B6*94.67~LQ*HE*N807~LQ*HE*N782~CLP*000100023814*19*105*59.24*12.94*MB*0219295030980*11*1~NM1*QC*1*VALDEZ MARTIN*SONIA****MI*523024071A~NM1*74*1***A***C*7RR8YE6TU37~NM1*82*1******XX*1215134705~NM1*TT*2*COLORADO DEPT OF HEALTH-MEDICAID*****PI*70037~MOA***MA01*MA07*N793~REF*EA*FFF2640C6BFD4C75ABD173A06D6034AB~DTM*050*20191022~SVC*HC:99213:25*90*50.8**1~DTM*472*20191016~CAS*CO*45*25.31**253*1.04**144*-0.09~CAS*PR*2*12.94~REF*LU*11~REF*6R*CP4LM6IPNM6N~AMT*B6*64.69~LQ*HE*N807~LQ*HE*N782~SVC*HC:81025*15*8.44**1~DTM*472*20191016~CAS*CO*45*6.39**253*0.17~REF*LU*11~REF*6R*CP4LCHTNQ7NL~AMT*B6*8.61~SE*260*000000001~GE*1*155~IEA*1*930800155~