ISA*00*          *00*          *ZZ*04112          *29*E13833         *191021*2359*^*00501*929400163*0*P*:~GS*HP*04112*E13833*20191021*2359*163*X*005010X221A1~ST*835*000000002~BPR*I*234.31*C*ACH*CCP*01*081517693*DA*152302017586*1205296137**01*102000076*DA*2838835219*20191022~TRN*1*889902107*1205296137~REF*EV*E13833~DTM*405*20191021~N1*PR*NOVITAS SOLUTIONS, INC.~N3*PO BOX 3109~N4*MECHANICSBURG*PA*170551825~REF*2U*04112~PER*CX**TE*8552528782~PER*BL*NOVITAS SOLUTIONS, INC. EDI SERVICES*TE*8552528782*EX*1*EM*WEBSITEEDI@NOVITAS-SOLUTIONS.COM~N1*PE*SPANISH PEAKS NEW ALTERNATIV*XX*1508250911~N3*ATTN  BILLING*41 MONTEBELLO ROAD STE 116~N4*PUEBLO*CO*810011366~REF*TJ*841158933~LX*1~CLP*000100022557*19*134*87.32*22.28*MB*0219273521150*11*1~NM1*QC*1*ANDERSON*KATHLEEN****MI*547319140A~NM1*74*1***R***C*5RP7KT4CT34~NM1*82*1******XX*1447291851~NM1*TT*2*COLORADO DEPT OF HEALTH-MEDICAID*****PI*70037~MOA***MA01*MA07*N793~REF*EA*B29515D5BE0A497FA223B2D13D69C85A~DTM*050*20190930~SVC*HC:99214*134*87.32**1~DTM*472*20190919~CAS*CO*45*22.62**253*1.78~CAS*PR*2*22.28~REF*LU*11~REF*6R*CPVTHVYX52MC~AMT*B6*111.38~CLP*000100022816*19*134*87.32*22.28*MB*0219273521220*11*1~NM1*QC*1*CAMP*KAREN*N***MI*6MT2U56KQ95~NM1*82*1******XX*1447291851~NM1*TT*2*BCBS OF KANSAS*****PI*30062~MOA***MA01*MA18*N793~REF*EA*40C9A0798CB84866929D849C1E46EE62~DTM*050*20190930~SVC*HC:99214*134*87.32**1~DTM*472*20190926~CAS*CO*45*22.62**253*1.78~CAS*PR*2*22.28~REF*LU*11~REF*6R*CPVTVZM6BJMV~AMT*B6*111.38~CLP*000100022661*1*90*59.67*15.22*MB*0219273521110*11*1~NM1*QC*1*REYNOLDS*CATHERINE*M***MI*035506912A~NM1*74*1******C*8EV4UE2EV71~NM1*82*1******XX*1447291851~MOA***MA01*N793~REF*EA*0E3B8C7D4B864EEC98F23E6306E9436A~DTM*050*20190930~SVC*HC:99213*90*59.67**1~DTM*472*20190923~CAS*CO*45*13.89**253*1.22~CAS*PR*2*15.22~REF*LU*11~REF*6R*CPVTNA985Q9Z~AMT*B6*76.11~SE*60*000000002~GE*1*163~IEA*1*929400163~