ISA*00*          *00*          *ZZ*04112          *29*E13833         *191108*2359*^*00501*931200166*0*P*:~GS*HP*04112*E13833*20191108*2359*166*X*005010X221A1~ST*835*000000002~BPR*I*471.91*C*ACH*CCP*01*081517693*DA*152302017586*1205296137**01*102000076*DA*2838835219*20191112~TRN*1*889965085*1205296137~REF*EV*E13833~DTM*405*20191108~N1*PR*NOVITAS SOLUTIONS, INC.~N3*PO BOX 3109~N4*MECHANICSBURG*PA*170551825~REF*2U*04112~PER*CX**TE*8552528782~PER*BL*NOVITAS SOLUTIONS, INC. EDI SERVICES*TE*8552528782*EX*1*EM*WEBSITEEDI@NOVITAS-SOLUTIONS.COM~N1*PE*SPANISH PEAKS NEW ALTERNATIV*XX*1508250911~N3*ATTN  BILLING*41 MONTEBELLO ROAD STE 116~N4*PUEBLO*CO*810011366~REF*TJ*841158933~LX*1~CLP*000100024056*19*205*113.97*25.13*MB*0219302321200*11*1~NM1*QC*1*CRUZ*BETTY*A***MI*474604656D~NM1*74*1******C*5HT2YP8QD85~NM1*82*1******XX*1164974580~NM1*TT*2*AMERICAN CONTINENTAL INSU.*****PI*30074~MOA***MA01*MA18*N793~REF*EA*9CAE3ED227364363B48D41D3B4321CE4~DTM*050*20191029~SVC*HC:99203:25*145*74.04**1~DTM*472*20191022~CAS*CO*45*50.56**253*1.51~CAS*PR*2*18.89~REF*LU*11~REF*6R*CP4104P60GYU~AMT*B6*94.44~SVC*HC:G0444*20*15.49**1~DTM*472*20191022~CAS*CO*45*4.19**253*0.32~REF*LU*11~REF*6R*CP41M8V9D4ZL~AMT*B6*15.81~SVC*HC:G0396*40*24.44**1~DTM*472*20191022~CAS*CO*45*8.82**253*0.5~CAS*PR*2*6.24~REF*LU*11~REF*6R*CP41JJAP0AVN~AMT*B6*31.18~CLP*000100024064*19*90*50.71*12.94*MB*0219302321180*11*1~NM1*QC*1*DEWEY*THERESE*R***MI*8HN1AG0YR21~NM1*82*1******XX*1164974580~NM1*TT*2*UNITEDHEALTH GROUP*****PI*30002~MOA***MA01*MA18*N793~REF*EA*EA2705B8CE4041A8A658A9963F302E68~DTM*050*20191029~SVC*HC:99213*90*50.71**1~DTM*472*20191022~CAS*CO*45*25.31**253*1.04~CAS*PR*2*12.94~REF*LU*11~REF*6R*CP4183STB9G3~AMT*B6*64.69~CLP*000100024145*1*145*99.5**MB*0219302321210*11*1~NM1*QC*1*HILTON*PAUL*W***MI*2RH3TN6GE98~NM1*82*1******XX*1659521045~MOA***MA01*N793~REF*EA*8ED1B8903E27482BA4B59C7CC1E23570~DTM*050*20191029~SVC*HC:G0439*145*99.5**1~DTM*472*20191024~CAS*CO*45*43.47**253*2.03~REF*LU*11~REF*6R*CP41C4QBQBUX~AMT*B6*101.53~CLP*000100024057*19*134*74.23*18.93*MB*0219302321190*11*1~NM1*QC*1*JENSEN*APRIL****MI*528862602A~NM1*74*1******C*5K84C79VP70~NM1*82*1******XX*1366419582~NM1*TT*2*COLORADO DEPT OF HEALTH-MEDICAID*****PI*70037~MOA***MA01*MA07*N793~REF*EA*EA7C3B78D5BB40C89125BA38F0791893~DTM*050*20191029~SVC*HC:99214*134*74.23**1~DTM*472*20191022~CAS*CO*45*39.33**253*1.51~CAS*PR*2*18.93~REF*LU*11~REF*6R*CP41WQL7JJ12~AMT*B6*94.67~CLP*000100024108*19*149*82.79*18.93*MB*0219302321170*11*1~NM1*QC*1*VALDEZ MARTIN*SONIA****MI*523024071A~NM1*74*1***A***C*7RR8YE6TU37~NM1*82*1******XX*1215134705~NM1*TT*2*COLORADO DEPT OF HEALTH-MEDICAID*****PI*70037~MOA***MA01*MA07*N793~REF*EA*21C87185513A4245BB869452909648A2~DTM*050*20191029~SVC*HC:99214:25*134*74.35**1~DTM*472*20191023~CAS*CO*45*39.33**253*1.52**144*-0.13~CAS*PR*2*18.93~REF*LU*11~REF*6R*CP41T3FCTSKX~AMT*B6*94.67~LQ*HE*N807~LQ*HE*N782~SVC*HC:81025*15*8.44**1~DTM*472*20191023~CAS*CO*45*6.39**253*0.17~REF*LU*11~REF*6R*CP41VSPAQLR8~AMT*B6*8.61~CLP*000100024038*19*90*50.71*12.94*MB*0219302321220*11*1~NM1*QC*1*WITHAAR*CHARLES*D***MI*476044188A~NM1*74*1******C*1MQ4E18CW88~NM1*82*1******XX*1164974580~NM1*TT*2*COLORADO DEPT OF HEALTH-MEDICAID*****PI*70037~MOA***MA01*MA07*N793~REF*EA*2E057C0B1DDB45EFB7CE2BC452FBE4A0~DTM*050*20191029~SVC*HC:99213*90*50.71**1~DTM*472*20191022~CAS*CO*45*25.31**253*1.04~CAS*PR*2*12.94~REF*LU*11~REF*6R*CP41EUZFXQN4~AMT*B6*64.69~LQ*HE*N782~SE*125*000000002~GE*1*166~IEA*1*931200166~