ISA*00*          *00*          *ZZ*04112          *29*E13833         *191106*2359*^*00501*931000153*0*P*:~GS*HP*04112*E13833*20191106*2359*153*X*005010X221A1~ST*835*000000002~BPR*I*36.32*C*ACH*CCP*01*081517693*DA*152302017586*1205296137**01*102000076*DA*2838835219*20191107~TRN*1*889955620*1205296137~REF*EV*E13833~DTM*405*20191106~N1*PR*NOVITAS SOLUTIONS, INC.~N3*PO BOX 3109~N4*MECHANICSBURG*PA*170551825~REF*2U*04112~PER*CX**TE*8552528782~PER*BL*NOVITAS SOLUTIONS, INC. EDI SERVICES*TE*8552528782*EX*1*EM*WEBSITEEDI@NOVITAS-SOLUTIONS.COM~N1*PE*SPANISH PEAKS NEW ALTERNATIV*XX*1508250911~N3*ATTN  BILLING*41 MONTEBELLO ROAD STE 116~N4*PUEBLO*CO*810011366~REF*TJ*841158933~LX*1~CLP*000100021695*22*-135*0**MB*0219256341050*11*1~NM1*QC*1*SMITH*LARRY****MI*524981357A~NM1*74*1******C*4TN6F27NH55~NM1*82*1******XX*1447291851~MOA***MA01*N793~REF*EA*46742A9974D140E7AFFB42DA68318B62~DTM*050*20190913~SVC*HC:99202*-135*0****1~DTM*472*20190828~CAS*CO*B16*-135~REF*LU*11~REF*6R*CPT558DWPCRI~LQ*HE*M13~CLP*000100021695*1*54*36.32*9.26*MB*8319304040020*11*1~NM1*QC*1*SMITH*LARRY****MI*524981357A~NM1*74*1******C*4TN6F27NH55~NM1*82*1******XX*1447291851~REF*EA*46742A9974D140E7AFFB42DA68318B62~REF*F8*910219256341050~DTM*050*20191031~SVC*HC:99212*54*36.32**1*HC:99202~DTM*472*20190828~CAS*CO*45*7.68**253*0.74~CAS*PR*2*9.26~REF*LU*11~REF*6R*CPT558DWPCRI~AMT*B6*46.32~LQ*HE*N782~SE*45*000000002~GE*1*153~IEA*1*931000153~