ISA*00*          *00*          *ZZ*04112          *29*E13833         *191113*2359*^*00501*931700152*0*P*:~GS*HP*04112*E13833*20191113*2359*152*X*005010X221A1~ST*835*000000001~BPR*I*317.23*C*ACH*CCP*01*081517693*DA*152302017586*1205296137**01*102000076*DA*2838835219*20191114~TRN*1*889973361*1205296137~REF*EV*E13833~DTM*405*20191113~N1*PR*NOVITAS SOLUTIONS, INC.~N3*PO BOX 3109~N4*MECHANICSBURG*PA*170551825~REF*2U*04112~PER*CX**TE*8552528782~PER*BL*NOVITAS SOLUTIONS, INC. EDI SERVICES*TE*8552528782*EX*1*EM*WEBSITEEDI@NOVITAS-SOLUTIONS.COM~PER*IC**UR*WWW.NOVITAS-SOLUTIONS.COM~N1*PE*SPANISH PEAKS NEW ALTERNATIV*XX*1508250911~N3*ATTN  BILLING*41 MONTEBELLO ROAD STE 116~N4*PUEBLO*CO*810011366~REF*TJ*841158933~LX*1~CLP*000100023299*19*265*136.71*34.88*MB*0219304030930*11*1~NM1*QC*1*DAVID*CASSANDRA****MI*533746280A~NM1*74*1***M***C*2TN6WK3TM68~NM1*82*1******XX*1366419582~NM1*TT*2*COLORADO DEPT OF HEALTH-MEDICAID*****PI*70037~MOA***MA01*MA07*N793~REF*EA*85C48B7DC33D463EBBE4D88D1F866D36~DTM*050*20191031~SVC*HC:99204:25*205*112.27**1~DTM*472*20191007~CAS*CO*45*61.8**253*2.29~CAS*PR*2*28.64~REF*LU*11~REF*6R*CP5TPJIXZXES~AMT*B6*143.2~SVC*HC:G0444*20*0****1~DTM*472*20191007~CAS*CO*119*20~REF*LU*11~REF*6R*CP5TY6NYBQ29~REF*0K*210.9~LQ*HE*M25~LQ*HE*N362~SVC*HC:G0396*40*24.44**1~DTM*472*20191007~CAS*CO*45*8.82**253*0.5~CAS*PR*2*6.24~REF*LU*11~REF*6R*CP5T205M1TJ8~AMT*B6*31.18~CLP*000100023568*19*142.66*81.02*20.66*MB*0219304030940*11*1~NM1*QC*1*DAVID*CASSANDRA****MI*533746280A~NM1*74*1***M***C*2TN6WK3TM68~NM1*82*1******XX*1366419582~NM1*TT*2*COLORADO DEPT OF HEALTH-MEDICAID*****PI*70037~MOA***MA01*MA07*N793~REF*EA*CCE83950745A45D6BA7E5144B503FA34~DTM*050*20191031~SVC*HC:99214:25*134*74.23**1~DTM*472*20191011~CAS*CO*45*39.33**253*1.51~CAS*PR*2*18.93~REF*LU*11~REF*6R*CP5TM2SZZQ1G~AMT*B6*94.67~SVC*HC:86580*8.66*6.79**1~DTM*472*20191011~CAS*CO*253*0.14~CAS*PR*2*1.73~REF*LU*11~REF*6R*CP5T85GEW9YO~AMT*B6*8.66~CLP*000100024177*19*233*99.5*88*MB*0219304030960*11*1~NM1*QC*1*MATTHEWS*MICHAEL****MI*518248903C1~NM1*74*1***P***C*3HT9V18NG30~NM1*82*1******XX*1164974580~NM1*TT*2*COLORADO DEPT OF HEALTH-MEDICAID*****PI*70037~MOA***MA01*MA07*N793~REF*EA*5EDD42FDA11D498DA74EC819F7D88507~DTM*050*20191031~SVC*HC:G0439:25*145*99.5**1~DTM*472*20191024~CAS*CO*45*43.47**253*2.03~REF*LU*11~REF*6R*CP5TL8OADNOY~AMT*B6*101.53~SVC*HC:90471*35*0****1~DTM*472*20191024~CAS*PR*96*35~REF*LU*11~REF*6R*CP5TJS27W7QB~LQ*HE*N425~SVC*HC:90715*53*0****1~DTM*472*20191024~CAS*PR*96*53~REF*LU*11~REF*6R*CP5T4M7WJ8DU~LQ*HE*N425~SE*96*000000001~GE*1*152~IEA*1*931700152~