ISA*00*          *00*          *ZZ*04112          *29*E13833         *191107*2359*^*00501*931100149*0*P*:~GS*HP*04112*E13833*20191107*2359*149*X*005010X221A1~ST*835*000000002~BPR*I*281.93*C*ACH*CCP*01*081517693*DA*152302017586*1205296137**01*102000076*DA*2838835219*20191108~TRN*1*889959872*1205296137~REF*EV*E13833~DTM*405*20191107~N1*PR*NOVITAS SOLUTIONS, INC.~N3*PO BOX 3109~N4*MECHANICSBURG*PA*170551825~REF*2U*04112~PER*CX**TE*8552528782~PER*BL*NOVITAS SOLUTIONS, INC. EDI SERVICES*TE*8552528782*EX*1*EM*WEBSITEEDI@NOVITAS-SOLUTIONS.COM~N1*PE*SPANISH PEAKS NEW ALTERNATIV*XX*1508250911~N3*ATTN  BILLING*41 MONTEBELLO ROAD STE 116~N4*PUEBLO*CO*810011366~REF*TJ*841158933~LX*1~CLP*000100024011*1*134*74.23*18.93*MB*0219298056120*11*1~NM1*QC*1*CLEVELAND*TOM*W***MI*428945885A~NM1*74*1******C*2VV0C07AE18~NM1*82*1******XX*1164974580~MOA***MA01*N793~REF*EA*91DC735B1DDA401A82AA45F6B7AAC068~DTM*050*20191025~SVC*HC:99214*134*74.23**1~DTM*472*20191022~CAS*CO*45*39.33**253*1.51~CAS*PR*2*18.93~REF*LU*11~REF*6R*CP4XFDU1RKL2~AMT*B6*94.67~CLP*000100024005*19*134*74.23*18.93*MB*0219298056110*11*1~NM1*QC*1*DIAZ*CARL****MI*3CA5R58NJ75~NM1*82*1******XX*1366419582~NM1*TT*2*COLORADO DEPT OF HEALTH-MEDICAID*****PI*70037~MOA***MA01*MA07*N793~REF*EA*9697EA0CD068485DAE25E244C524B04A~DTM*050*20191025~SVC*HC:99214*134*74.23**1~DTM*472*20191021~CAS*CO*45*39.33**253*1.51~CAS*PR*2*18.93~REF*LU*11~REF*6R*CP4X00Z4CASK~AMT*B6*94.67~CLP*000100023974*19*134*74.23*18.93*MB*0219298056130*11*1~NM1*QC*1*ORTIZ*DEBORAH*M***MI*467375441A~NM1*74*1******C*1FV3J92UM14~NM1*82*1******XX*1366419582~NM1*TT*2*COLORADO DEPT OF HEALTH-MEDICAID*****PI*70037~MOA***MA01*MA07*N793~REF*EA*A1954602A6E44112A61EFCD68497E692~DTM*050*20191025~SVC*HC:99214*134*74.23**1~DTM*472*20191021~CAS*CO*45*39.33**253*1.51~CAS*PR*2*18.93~REF*LU*11~REF*6R*CP4X4AJ6B65B~AMT*B6*94.67~LQ*HE*N782~CLP*000100023933*19*105*59.24*12.94*MB*0219298056100*11*1~NM1*QC*1*VALDEZ MARTIN*SONIA****MI*523024071A~NM1*74*1***A***C*7RR8YE6TU37~NM1*82*1******XX*1215134705~NM1*TT*2*COLORADO DEPT OF HEALTH-MEDICAID*****PI*70037~MOA***MA01*MA07*N793~REF*EA*E1BBC5F876474C65AFCD16DCD72AD5C9~DTM*050*20191025~SVC*HC:99213:25*90*50.8**1~DTM*472*20191018~CAS*CO*45*25.31**253*1.04**144*-0.09~CAS*PR*2*12.94~REF*LU*11~REF*6R*CP4XMU8ACTPJ~AMT*B6*64.69~LQ*HE*N807~LQ*HE*N782~SVC*HC:81025*15*8.44**1~DTM*472*20191018~CAS*CO*45*6.39**253*0.17~REF*LU*11~REF*6R*CP4XEK5YK4P9~AMT*B6*8.61~SE*84*000000002~GE*1*149~IEA*1*931100149~