ISA*00*          *00*          *ZZ*04112          *29*E13833         *191126*2359*^*00501*933000156*0*P*:~GS*HP*04112*E13833*20191126*2359*156*X*005010X221A1~ST*835*000000002~BPR*I*693.59*C*ACH*CCP*01*081517693*DA*152302017586*1205296137**01*102000076*DA*2838835219*20191127~TRN*1*890009574*1205296137~REF*EV*E13833~DTM*405*20191126~N1*PR*NOVITAS SOLUTIONS, INC.~N3*PO BOX 3109~N4*MECHANICSBURG*PA*170551825~REF*2U*04112~PER*CX**TE*8552528782~PER*BL*NOVITAS SOLUTIONS, INC. EDI SERVICES*TE*8552528782*EX*1*EM*WEBSITEEDI@NOVITAS-SOLUTIONS.COM~N1*PE*SPANISH PEAKS NEW ALTERNATIV*XX*1508250911~N3*ATTN  BILLING*41 MONTEBELLO ROAD STE 116~N4*PUEBLO*CO*810011366~REF*TJ*841158933~LX*1~CLP*000100024705*1*145*117.06**MB*0219317466450*11*1~NM1*QC*1*BIBLE*JEAN****MI*515224803A~NM1*74*1******C*7AA5NK0YY80~NM1*82*1******XX*1447291851~MOA***MA01*N793~REF*EA*D91CA288531E473D8933E3A97D764E99~DTM*050*20191113~SVC*HC:G0439*145*117.06**1~DTM*472*20191105~CAS*CO*45*25.55**253*2.39~REF*LU*11~REF*6R*CPD5S2TU9FBB~AMT*B6*119.45~CLP*000100024576*19*201*118.6*18.93*MB*0219317466440*11*1~NM1*QC*1*BURCH*ROSALIE*A***MI*523963997A~NM1*74*1******C*1X15JH4KY89~NM1*82*1******XX*1659521045~NM1*TT*2*COLORADO DEPT OF HEALTH-MEDICAID*****PI*70037~MOA***MA01*MA07*N793~REF*EA*5057E03C26B84B84BC14B042F69DE832~DTM*050*20191113~SVC*HC:99214:25*134*74.23**1~DTM*472*20191104~CAS*CO*45*39.33**253*1.51~CAS*PR*2*18.93~REF*LU*11~REF*6R*CPD5RMLA13Q9~AMT*B6*94.67~SVC*HC:G0008*32*16.8**1~DTM*472*20191104~CAS*CO*45*14.86**253*0.34~REF*LU*11~REF*6R*CPD5Y1GHC25T~AMT*B6*17.14~SVC*HC:90674*35*27.57**1~DTM*472*20191104~CAS*CO*45*6.87**253*0.56~REF*LU*11~REF*6R*CPD5SODVDS4F~AMT*B6*28.13~CLP*000100024831*19*194*134.3*29.62*MB*0219317466390*11*1~NM1*QC*1*FROST*ROBERT*C***MI*496443140A~NM1*74*1******C*1HG2D93CN04~NM1*82*1******XX*1447291851~NM1*TT*2*ANTHEM FEP COLORADO*****PI*80034~MOA***MA01*MA18*N793~REF*EA*2911F4502F4349288BA691CAAC71F138~DTM*050*20191113~SVC*HC:99214:25*134*87.32**1~DTM*472*20191107~CAS*CO*45*22.62**253*1.78~CAS*PR*2*22.28~REF*LU*11~REF*6R*CPD5KGTZBF3V~AMT*B6*111.38~SVC*HC:G0444*20*18.23**1~DTM*472*20191107~CAS*CO*45*1.4**253*0.37~REF*LU*11~REF*6R*CPD5TFHWGCQB~AMT*B6*18.6~SVC*HC:G0396*40*28.75**1~DTM*472*20191107~CAS*CO*45*3.32**253*0.59~CAS*PR*2*7.34~REF*LU*11~REF*6R*CPD5RFP2PTGQ~AMT*B6*36.68~CLP*000100023243*19*134*74.23*18.93*MB*0219317466420*11*1~NM1*QC*1*SMITH*CAROL****MI*3NG1K01TU10~NM1*82*1******XX*1366419582~NM1*TT*2*UNITEDHEALTH GROUP*****PI*30002~MOA***MA01*MA18*N793~REF*EA*031F60AB07B14BDE90232BA945B2B2F6~DTM*050*20191113~SVC*HC:99214*134*74.23**1~DTM*472*20191004~CAS*CO*45*39.33**253*1.51~CAS*PR*2*18.93~REF*LU*11~REF*6R*CPD5K96BTZMP~AMT*B6*94.67~CLP*000100022907*19*134*74.23*18.93*MB*0219317466430*11*1~NM1*QC*1*SMITH*CAROL****MI*3NG1K01TU10~NM1*82*1******XX*1366419582~NM1*TT*2*UNITEDHEALTH GROUP*****PI*30002~MOA***MA01*MA18*N793~REF*EA*2BB9A26A01954954BC74DBCC1BCA8D94~DTM*050*20191113~SVC*HC:99214*134*74.23**1~DTM*472*20190927~CAS*CO*45*39.33**253*1.51~CAS*PR*2*18.93~REF*LU*11~REF*6R*CPD51R86EQCL~AMT*B6*94.67~CLP*000100024859*19*235.15*175.17*3.5*MB*0219317466350*11*1~NM1*QC*1*THOMAS*SIDNEY*J***MI*521135234A~NM1*74*1******C*8D72T82JW93~NM1*82*1******XX*1447291851~NM1*TT*2*COLORADO DEPT OF HEALTH-MEDICAID*****PI*70037~MOA***MA01*MA07*N793~REF*EA*3DCF262E39614BEDB7059C16D5E7DC10~DTM*050*20191113~SVC*HC:G0439:25*145*117.06**1~DTM*472*20191107~CAS*CO*45*25.55**253*2.39~REF*LU*11~REF*6R*CPD5SGFXARKV~AMT*B6*119.45~SVC*HC:G0008*32*16.8**1~DTM*472*20191107~CAS*CO*45*14.86**253*0.34~REF*LU*11~REF*6R*CPD5LSTG8BMY~AMT*B6*17.14~SVC*HC:90674*35*27.57**1~DTM*472*20191107~CAS*CO*45*6.87**253*0.56~REF*LU*11~REF*6R*CPD5QF0XX8E0~AMT*B6*28.13~SVC*HC:93000*23.15*13.74**1~DTM*472*20191107~CAS*CO*45*5.63**253*0.28~CAS*PR*2*3.5~REF*LU*11~REF*6R*CPD5T1G5DPY9~AMT*B6*17.52~SE*146*000000002~GE*1*156~IEA*1*933000156~