ISA*00*          *00*          *ZZ*04112          *29*E13833         *191230*2359*^*00501*936400154*0*P*:~GS*HP*04112*E13833*20191230*2359*154*X*005010X221A1~ST*835*000000002~BPR*I*608.02*C*ACH*CCP*01*081517693*DA*152302017586*1205296137**01*102000076*DA*2838835219*20191231~TRN*1*890091901*1205296137~REF*EV*E13833~DTM*405*20191230~N1*PR*NOVITAS SOLUTIONS, INC.~N3*PO BOX 3109~N4*MECHANICSBURG*PA*170551825~REF*2U*04112~PER*CX**TE*8552528782~PER*BL*NOVITAS SOLUTIONS, INC. EDI SERVICES*TE*8552528782*EX*1*EM*WEBSITEEDI@NOVITAS-SOLUTIONS.COM~PER*IC**UR*WWW.NOVITAS-SOLUTIONS.COM~N1*PE*SPANISH PEAKS NEW ALTERNATIV*XX*1508250911~N3*ATTN  BILLING*41 MONTEBELLO ROAD STE 116~N4*PUEBLO*CO*810011366~REF*TJ*841158933~LX*1~CLP*000100026187*19*150*88.42*22.56*MB*0219351342870*11*1~NM1*QC*1*CENTA*JOHN****MI*5D22C75GC01~NM1*82*1******XX*1447291851~NM1*TT*2*GERBER LIFE INS. CO.*****PI*30289~MOA***MA01*MA18*N793~REF*EA*38A853A7AE3048FF9A38154F5191D7FC~DTM*050*20191217~SVC*HC:99213:25*90*59.67**1~DTM*472*20191204~CAS*CO*45*13.89**253*1.22~CAS*PR*2*15.22~REF*LU*11~REF*6R*CPN9P8QDFRBD~AMT*B6*76.11~SVC*HC:G0444*20*0****1~DTM*472*20191204~CAS*CO*119*20~REF*LU*11~REF*6R*CPN9SYYNIKN4~REF*0K*210.9~LQ*HE*M25~LQ*HE*N362~SVC*HC:G0396*40*28.75**1~DTM*472*20191204~CAS*CO*45*3.32**253*0.59~CAS*PR*2*7.34~REF*LU*11~REF*6R*CPN9IVTC8600~AMT*B6*36.68~CLP*000100026333*1*222*74.23*106.93*MB*0219351342830*11*1~NM1*QC*1*CORNISH*STEVE*C***MI*524646355A~NM1*74*1******C*2WX1V07WX35~NM1*82*1******XX*1366419582~MOA***MA01*N793~REF*EA*FC75CB3579904DF097F49970B8B34086~DTM*050*20191217~SVC*HC:99214:25*134*74.23**1~DTM*472*20191206~CAS*CO*45*39.33**253*1.51~CAS*PR*2*18.93~REF*LU*11~REF*6R*CPN96XPMOI9K~AMT*B6*94.67~SVC*HC:90471*35*0****1~DTM*472*20191206~CAS*PR*96*35~REF*LU*11~REF*6R*CPN9WSYAWFSM~LQ*HE*N425~SVC*HC:90715*53*0****1~DTM*472*20191206~CAS*PR*96*53~REF*LU*11~REF*6R*CPN998KZ2UDQ~LQ*HE*N425~CLP*000100026290*19*157*95.08*12.94*MB*0219351342880*11*1~NM1*QC*1*CRUZ*JUDIE****MI*1DP2GD0WR83~NM1*82*1******XX*1164974580~NM1*TT*2*COLORADO DEPT OF HEALTH-MEDICAID*****PI*70037~MOA***MA01*MA07*N793~REF*EA*A145FA8627F74052948A5AE367779521~DTM*050*20191217~SVC*HC:99213:25*90*50.71**1~DTM*472*20191205~CAS*CO*45*25.31**253*1.04~CAS*PR*2*12.94~REF*LU*11~REF*6R*CPN9LIJOVIFZ~AMT*B6*64.69~SVC*HC:G0008*32*16.8**1~DTM*472*20191205~CAS*CO*45*14.86**253*0.34~REF*LU*11~REF*6R*CPN9TBVK5EH9~AMT*B6*17.14~SVC*HC:90674*35*27.57**1~DTM*472*20191205~CAS*CO*45*6.87**253*0.56~REF*LU*11~REF*6R*CPN98Z9HNTJK~AMT*B6*28.13~CLP*000100026394*19*90*50.71*12.94*MB*0219351342840*11*1~NM1*QC*1*DOYLE*JAMES****MI*5AJ9WW5XU21~NM1*82*1******XX*1164974580~NM1*TT*2*LOUISIANA MEDICAID*****PI*70034~MOA***MA01*MA07*N793~REF*EA*6D31DC5E69754F879BBA5E8AD74853D9~DTM*050*20191217~SVC*HC:99213*90*50.71**1~DTM*472*20191206~CAS*CO*45*25.31**253*1.04~CAS*PR*2*12.94~REF*LU*11~REF*6R*CPN93AYEXX20~AMT*B6*64.69~LQ*HE*N782~CLP*000100026306*19*134*87.32*22.28*MB*0219351342800*11*1~NM1*QC*1*HARTZLER*ROBERT*L***MI*465849904A~NM1*74*1******C*9YK0XE1PD10~NM1*82*1******XX*1447291851~NM1*TT*2*WPS - TRICARE FOR LIFE*****PI*60000~MOA***MA01*MA18*N793~REF*EA*60166A7E37C24F8585F7B52CF13EE758~DTM*050*20191217~SVC*HC:99214*134*87.32**1~DTM*472*20191205~CAS*CO*45*22.62**253*1.78~CAS*PR*2*22.28~REF*LU*11~REF*6R*CPN9S35SGIX4~AMT*B6*111.38~CLP*000100026291*19*134*87.32*22.28*MB*0219351342860*11*1~NM1*QC*1*LOPEZ*CORINNE*A***MI*6VY9VF8XJ25~NM1*82*1******XX*1447291851~NM1*TT*2*UNITEDHEALTH GROUP*****PI*30002~MOA***MA01*MA18*N793~REF*EA*9E069F419B88496A80BAD9A99005E3AF~DTM*050*20191217~SVC*HC:99214*134*87.32**1~DTM*472*20191205~CAS*CO*45*22.62**253*1.78~CAS*PR*2*22.28~REF*LU*11~REF*6R*CPN92ZKZEBGI~AMT*B6*111.38~CLP*000100026403*19*134*74.23*18.93*MB*0219351342850*11*1~NM1*QC*1*SHEPARDSON*JULIA****MI*1DK8N73VU32~NM1*82*1******XX*1366419582~NM1*TT*2*PEHP*****PI*00501~MOA***MA01*MA18*N793~REF*EA*4C7A0025A2674F7BB6161C0195528CB8~DTM*050*20191217~SVC*HC:99214*134*74.23**1~DTM*472*20191206~CAS*CO*45*39.33**253*1.51~CAS*PR*2*18.93~REF*LU*11~REF*6R*CPN9Z8J7I3NB~AMT*B6*94.67~CLP*000100026324*19*90*50.71*12.94*MB*0219351342820*11*1~NM1*QC*1*SWETKY*VICTOR****MI*8GT0EP6PV20~NM1*82*1******XX*1164974580~NM1*TT*2*COLORADO DEPT OF HEALTH-MEDICAID*****PI*70037~MOA***MA01*MA07*N793~REF*EA*450C0880D9104FF7882D03520C33BD3F~DTM*050*20191217~SVC*HC:99213*90*50.71**1~DTM*472*20191205~CAS*CO*45*25.31**253*1.04~CAS*PR*2*12.94~REF*LU*11~REF*6R*CPN92C9RX4RS~AMT*B6*64.69~SE*171*000000002~GE*1*154~IEA*1*936400154~