ISA*00*          *00*          *ZZ*04112          *29*E13833         *191205*2359*^*00501*933900158*0*P*:~GS*HP*04112*E13833*20191205*2359*158*X*005010X221A1~ST*835*000000002~BPR*I*366.87*C*ACH*CCP*01*081517693*DA*152302017586*1205296137**01*102000076*DA*2838835219*20191206~TRN*1*890035999*1205296137~REF*EV*E13833~DTM*405*20191205~N1*PR*NOVITAS SOLUTIONS, INC.~N3*PO BOX 3109~N4*MECHANICSBURG*PA*170551825~REF*2U*04112~PER*CX**TE*8552528782~PER*BL*NOVITAS SOLUTIONS, INC. EDI SERVICES*TE*8552528782*EX*1*EM*WEBSITEEDI@NOVITAS-SOLUTIONS.COM~N1*PE*SPANISH PEAKS NEW ALTERNATIV*XX*1508250911~N3*ATTN  BILLING*41 MONTEBELLO ROAD STE 116~N4*PUEBLO*CO*810011366~REF*TJ*841158933~LX*1~CLP*000100025491*19*272*183.8*6.24*MB*0219326330790*11*1~NM1*QC*1*GARCIA*LONNIE****MI*522178994A~NM1*74*1******C*5X88WA0MD39~NM1*82*1******XX*1164974580~NM1*TT*2*COLORADO DEPT OF HEALTH-MEDICAID*****PI*70037~MOA***MA01*MA07*N793~REF*EA*62F87DF42B8F41FB8C77114D9065C23A~DTM*050*20191122~SVC*HC:G0439*145*99.5**1~DTM*472*20191120~CAS*CO*45*43.47**253*2.03~REF*LU*11~REF*6R*CPED152N045I~AMT*B6*101.53~SVC*HC:G0008*32*16.8**1~DTM*472*20191120~CAS*CO*45*14.86**253*0.34~REF*LU*11~REF*6R*CPED81QQMDHG~AMT*B6*17.14~SVC*HC:90674*35*27.57**1~DTM*472*20191120~CAS*CO*45*6.87**253*0.56~REF*LU*11~REF*6R*CPEDEI7DVK42~AMT*B6*28.13~SVC*HC:G0444*20*15.49**1~DTM*472*20191120~CAS*CO*45*4.19**253*0.32~REF*LU*11~REF*6R*CPED714QJKJL~AMT*B6*15.81~SVC*HC:G0396*40*24.44**1~DTM*472*20191120~CAS*CO*45*8.82**253*0.5~CAS*PR*2*6.24~REF*LU*11~REF*6R*CPED48362UAA~AMT*B6*31.18~CLP*000100025528*19*54*30.87*7.87*MB*0219326330800*11*1~NM1*QC*1*JOHNSON*JAIME*M***MI*522374457A~NM1*74*1******C*9CD7T00NF35~NM1*82*1******XX*1164974580~NM1*TT*2*COLORADO DEPT OF HEALTH-MEDICAID*****PI*70037~MOA***MA01*MA07*N793~REF*EA*06F9A00DAC3E4E66806A6F6FC293E17E~DTM*050*20191122~SVC*HC:99212*54*30.87**1~DTM*472*20191120~CAS*CO*45*14.63**253*0.63~CAS*PR*2*7.87~REF*LU*11~REF*6R*CPED11XEKCLR~AMT*B6*39.37~CLP*000100025263*19*265*152.2*34.88*MB*0219326330770*11*1~NM1*QC*1*SHEPARDSON*JULIA****MI*1DK8N73VU32~NM1*82*1******XX*1366419582~NM1*TT*2*PEHP*****PI*00501~MOA***MA01*MA18*N793~REF*EA*7B415C57E8C34159AF82C74D17B40DE9~DTM*050*20191122~SVC*HC:99204:25*205*112.27**1~DTM*472*20191115~CAS*CO*45*61.8**253*2.29~CAS*PR*2*28.64~REF*LU*11~REF*6R*CPEDJ457HXOL~AMT*B6*143.2~SVC*HC:G0444*20*15.49**1~DTM*472*20191115~CAS*CO*45*4.19**253*0.32~REF*LU*11~REF*6R*CPEDB0ABIZ3U~AMT*B6*15.81~SVC*HC:G0396*40*24.44**1~DTM*472*20191115~CAS*CO*45*8.82**253*0.5~CAS*PR*2*6.24~REF*LU*11~REF*6R*CPEDPWOSAK5T~AMT*B6*31.18~SE*98*000000002~GE*1*158~IEA*1*933900158~