ISA*00*          *00*          *ZZ*04112          *29*E13833         *191227*2359*^*00501*936100150*0*P*:~GS*HP*04112*E13833*20191227*2359*150*X*005010X221A1~ST*835*000000002~BPR*I*400.17*C*ACH*CCP*01*081517693*DA*152302017586*1205296137**01*102000076*DA*2838835219*20191230~TRN*1*890088093*1205296137~REF*EV*E13833~DTM*405*20191227~N1*PR*NOVITAS SOLUTIONS, INC.~N3*PO BOX 3109~N4*MECHANICSBURG*PA*170551825~REF*2U*04112~PER*CX**TE*8552528782~PER*BL*NOVITAS SOLUTIONS, INC. EDI SERVICES*TE*8552528782*EX*1*EM*WEBSITEEDI@NOVITAS-SOLUTIONS.COM~N1*PE*SPANISH PEAKS NEW ALTERNATIV*XX*1508250911~N3*ATTN  BILLING*41 MONTEBELLO ROAD STE 116~N4*PUEBLO*CO*810011366~REF*TJ*841158933~LX*1~CLP*000100026133*19*201*131.69*22.28*MB*0219350002140*11*1~NM1*QC*1*FENWICK*SUSAN*A***MI*2R81VF1PJ24~NM1*82*1******XX*1447291851~NM1*TT*2*COLORADO DEPT OF HEALTH-MEDICAID*****PI*70037~MOA***MA01*MA07*N793~REF*EA*A2FE7EAE420B40A3AD726693A8A2BA63~DTM*050*20191216~SVC*HC:99214:25*134*87.32**1~DTM*472*20191203~CAS*CO*45*22.62**253*1.78~CAS*PR*2*22.28~REF*LU*11~REF*6R*CPN50E614J6M~AMT*B6*111.38~SVC*HC:G0008*32*16.8**1~DTM*472*20191203~CAS*CO*45*14.86**253*0.34~REF*LU*11~REF*6R*CPN5XWUQWDE5~AMT*B6*17.14~SVC*HC:90674*35*27.57**1~DTM*472*20191203~CAS*CO*45*6.87**253*0.56~REF*LU*11~REF*6R*CPN551CXYSPM~AMT*B6*28.13~CLP*000100026153*19*201*131.69*22.28*MB*0219350002110*11*1~NM1*QC*1*MARTINEZ*DAVID*J***MI*521824145A~NM1*74*1******C*5AW6GX3PM74~NM1*82*1******XX*1447291851~NM1*TT*2*COLORADO DEPT OF HEALTH-MEDICAID*****PI*70037~MOA***MA01*MA07*N793~REF*EA*586598FA685E4B50AF2AD7AC35C566F9~DTM*050*20191216~SVC*HC:99214:25*134*87.32**1~DTM*472*20191203~CAS*CO*45*22.62**253*1.78~CAS*PR*2*22.28~REF*LU*11~REF*6R*CPN5NB56QKLN~AMT*B6*111.38~SVC*HC:G0008*32*16.8**1~DTM*472*20191203~CAS*CO*45*14.86**253*0.34~REF*LU*11~REF*6R*CPN5JNJSLESJ~AMT*B6*17.14~SVC*HC:90674*35*27.57**1~DTM*472*20191203~CAS*CO*45*6.87**253*0.56~REF*LU*11~REF*6R*CPN5F94TIH8R~AMT*B6*28.13~CLP*000100026200*1*105*59.15*12.94*MB*0219350002130*11*1~NM1*QC*1*MOORE*HOLLY****MI*523673582A~NM1*74*1***N***C*4MP0T57CX08~NM1*82*1******XX*1659521045~MOA***MA01*N793~REF*EA*552873CB1F5F4E1798E7CCFDF9C7F799~DTM*050*20191216~SVC*HC:99213:25*90*50.71**1~DTM*472*20191204~CAS*CO*45*25.31**253*1.04~CAS*PR*2*12.94~REF*LU*11~REF*6R*CPN50Z70VURR~AMT*B6*64.69~SVC*HC:81025*15*8.44**1~DTM*472*20191204~CAS*CO*45*6.39**253*0.17~REF*LU*11~REF*6R*CPN5Q2R517LK~AMT*B6*8.61~CLP*000100026256*19*138*77.64*18.93*MB*0219350002120*11*1~NM1*QC*1*ROBINSON*CYNTHIA****MI*8Q38PG6VW58~NM1*82*1******XX*1659521045~NM1*TT*2*COLORADO DEPT OF HEALTH-MEDICAID*****PI*70037~MOA***MA01*MA07*N793~REF*EA*E1FB299093D34984B6C48728B05CAAFE~DTM*050*20191216~SVC*HC:99214:25*134*74.23**1~DTM*472*20191204~CAS*CO*45*39.33**253*1.51~CAS*PR*2*18.93~REF*LU*11~REF*6R*CPN5D4ZNIQB0~AMT*B6*94.67~SVC*HC:81002*4*3.41**1~DTM*472*20191204~CAS*CO*45*0.52**253*0.07~REF*LU*11~REF*6R*CPN5V5R15X9I~AMT*B6*3.48~SE*110*000000002~GE*1*150~IEA*1*936100150~