ISA*00*          *00*          *ZZ*04112          *29*E13833         *191231*2359*^*00501*936500165*0*P*:~GS*HP*04112*E13833*20191231*2359*165*X*005010X221A1~ST*835*000000002~BPR*I*973.53*C*ACH*CCP*01*081517693*DA*152302017586*1205296137**01*102000076*DA*2838835219*20200102~TRN*1*890096788*1205296137~REF*EV*E13833~DTM*405*20191231~N1*PR*NOVITAS SOLUTIONS, INC.~N3*PO BOX 3109~N4*MECHANICSBURG*PA*170551825~REF*2U*04112~PER*CX**TE*8552528782~PER*BL*NOVITAS SOLUTIONS, INC. EDI SERVICES*TE*8552528782*EX*1*EM*WEBSITEEDI@NOVITAS-SOLUTIONS.COM~N1*PE*SPANISH PEAKS NEW ALTERNATIV*XX*1508250911~N3*ATTN  BILLING*41 MONTEBELLO ROAD STE 116~N4*PUEBLO*CO*810011366~REF*TJ*841158933~LX*1~CLP*000100026588*19*90*50.71*12.94*MB*0219353004470*11*1~NM1*QC*1*ANDERSON*KATHLEEN****MI*547319140A~NM1*82*1******XX*1164974580~NM1*TT*2*COLORADO DEPT OF HEALTH-MEDICAID*****PI*70037~MOA***MA01*MA07~REF*EA*FF53A2A7287049CE82B13F896732EF84~DTM*050*20191219~SVC*HC:99213*90*50.71**1~DTM*472*20191211~CAS*CO*45*25.31**253*1.04~CAS*PR*2*12.94~REF*LU*11~REF*6R*CPN19B0CBSJP~AMT*B6*64.69~CLP*000100026485*19*54*36.32*9.26*MB*0219353004520*11*1~NM1*QC*1*BERKSTRESSER*MELINDA*J***MI*571681776A~NM1*82*1******XX*1447291851~NM1*TT*2*COLORADO DEPT OF HEALTH-MEDICAID*****PI*70037~MOA***MA01*MA07~REF*EA*7260E2F7C70A4431848BCEEDEEDFA321~DTM*050*20191219~SVC*HC:99212*54*36.32**1~DTM*472*20191209~CAS*CO*45*7.68**253*0.74~CAS*PR*2*9.26~REF*LU*11~REF*6R*CPN1SIOCCSXN~AMT*B6*46.32~CLP*000100026556*19*134*74.23*18.93*MB*0219353004410*11*1~NM1*QC*1*BUTTS*BETH****MI*8WU2TP5DX11~NM1*82*1******XX*1659521045~NM1*TT*2*MUTUAL OF OMAHA INSURANCE COMP*****PI*30090~MOA***MA01*MA18~REF*EA*481D8972DA91478E95267694286803E3~DTM*050*20191219~SVC*HC:99214*134*74.23**1~DTM*472*20191210~CAS*CO*45*39.33**253*1.51~CAS*PR*2*18.93~REF*LU*11~REF*6R*CPN1TKE70B6O~AMT*B6*94.67~CLP*000100026560*19*54*30.87*7.87*MB*0219353004540*11*1~NM1*QC*1*CIRULLO*ROSEANN****MI*523624534D6~NM1*82*1******XX*1164974580~NM1*TT*2*COLORADO DEPT OF HEALTH-MEDICAID*****PI*70037~MOA***MA01*MA07~REF*EA*4952356D21D147C4ADDDE2EE53F3F753~DTM*050*20191219~SVC*HC:99212*54*30.87**1~DTM*472*20191211~CAS*CO*45*14.63**253*0.63~CAS*PR*2*7.87~REF*LU*11~REF*6R*CPN1AP635H0U~AMT*B6*39.37~CLP*000100026557*19*90*59.67*15.22*MB*0219353004550*11*1~NM1*QC*1*FRENDT*DIANN*C***MI*383402441A~NM1*82*1******XX*1447291851~NM1*TT*2*BCBS OF MASSACHUSETTS INC.*****PI*00212~MOA***MA01*MA18~REF*EA*3780AE5FEBB04802BFC11DE9F0A582D0~DTM*050*20191219~SVC*HC:99213*90*59.67**1~DTM*472*20191210~CAS*CO*45*13.89**253*1.22~CAS*PR*2*15.22~REF*LU*11~REF*6R*CPN17MMYOLXZ~AMT*B6*76.11~CLP*000100026483*1*134*74.23*18.93*MB*0219353004590*11*1~NM1*QC*1*JANUARY*KEVIN****MI*7J01R50RK17~NM1*82*1******XX*1366419582~MOA***MA01~REF*EA*FE1C667F5D1D4EDC935F8BAB6D6E33DA~DTM*050*20191219~SVC*HC:99214*134*74.23**1~DTM*472*20191209~CAS*CO*45*39.33**253*1.51~CAS*PR*2*18.93~REF*LU*11~REF*6R*CPN1XHJW4F35~AMT*B6*94.67~CLP*000100026439*19*134*87.32*22.28*MB*0219353004430*11*1~NM1*QC*1*LANDIS*NORMA*J***MI*7TE3DE2RU17~NM1*82*1******XX*1447291851~NM1*TT*2*CHAMPVA-VA HEALTH ADMIN CTR*****PI*80214~MOA***MA01*MA18~REF*EA*47742B697A294CBA982F3C799AB76306~DTM*050*20191219~SVC*HC:99214*134*87.32**1~DTM*472*20191209~CAS*CO*45*22.62**253*1.78~CAS*PR*2*22.28~REF*LU*11~REF*6R*CPN17VREKYK5~AMT*B6*111.38~CLP*000100026495*19*134*74.23*18.93*MB*0219353004580*11*1~NM1*QC*1*MONTOYA*CHRISTOPH****MI*7Q53MW4PX82~NM1*82*1******XX*1659521045~NM1*TT*2*COLORADO DEPT OF HEALTH-MEDICAID*****PI*70037~MOA***MA01*MA07~REF*EA*670FEE7210514D91B1A4ADE7A2CB03F4~DTM*050*20191219~SVC*HC:99214*134*74.23**1~DTM*472*20191210~CAS*CO*45*39.33**253*1.51~CAS*PR*2*18.93~REF*LU*11~REF*6R*CPN1WR1Q6VNF~AMT*B6*94.67~CLP*000100026421*19*235.15*161.43*17.52*MB*0219353004570*11*1~NM1*QC*1*PARK*TRACY*A***MI*522985959A~NM1*82*1******XX*1447291851~NM1*TT*2*COLORADO DEPT OF HEALTH-MEDICAID*****PI*70037~MOA***MA01*MA07~REF*EA*B368FC109D624DFCAB9108BE084641C4~DTM*050*20191219~SVC*HC:G0439:25*145*117.06**1~DTM*472*20191209~CAS*CO*45*25.55**253*2.39~REF*LU*11~REF*6R*CPN1FFB46T2U~AMT*B6*119.45~SVC*HC:G0008*32*16.8**1~DTM*472*20191209~CAS*CO*45*14.86**253*0.34~REF*LU*11~REF*6R*CPN121PXQGJU~AMT*B6*17.14~SVC*HC:90674*35*27.57**1~DTM*472*20191209~CAS*CO*45*6.87**253*0.56~REF*LU*11~REF*6R*CPN1SU5U234K~AMT*B6*28.13~SVC*HC:93000*23.15*0**1~DTM*472*20191209~CAS*CO*45*5.63~CAS*PR*1*17.52~REF*LU*11~REF*6R*CPN1NZYS1MCX~AMT*B6*17.52~CLP*000100026515*1*201*118.6*18.93*MB*0219353004560*11*1~NM1*QC*1*POWELL*CHRISTINE*L***MI*541065839A~NM1*82*1******XX*1659521045~MOA***MA01~REF*EA*786AAD1DA67F40429E2A207C54BFB44E~DTM*050*20191219~SVC*HC:99214:25*134*74.23**1~DTM*472*20191210~CAS*CO*45*39.33**253*1.51~CAS*PR*2*18.93~REF*LU*11~REF*6R*CPN1N3RE7015~AMT*B6*94.67~SVC*HC:G0008*32*16.8**1~DTM*472*20191210~CAS*CO*45*14.86**253*0.34~REF*LU*11~REF*6R*CPN1LWYLOKK5~AMT*B6*17.14~SVC*HC:90674*35*27.57**1~DTM*472*20191210~CAS*CO*45*6.87**253*0.56~REF*LU*11~REF*6R*CPN1Z26SYMBG~AMT*B6*28.13~CLP*000100026577*19*201*131.69*22.28*MB*0219353004500*11*1~NM1*QC*1*RADCLIFFE*SUSAN*F***MI*523177565W6~NM1*82*1******XX*1447291851~NM1*TT*2*COLORADO DEPT OF HEALTH-MEDICAID*****PI*70037~MOA***MA01*MA07~REF*EA*013D329305B8436391318D9B25B30708~DTM*050*20191219~SVC*HC:99214:25*134*87.32**1~DTM*472*20191211~CAS*CO*45*22.62**253*1.78~CAS*PR*2*22.28~REF*LU*11~REF*6R*CPN10145XA63~AMT*B6*111.38~SVC*HC:G0008*32*16.8**1~DTM*472*20191211~CAS*CO*45*14.86**253*0.34~REF*LU*11~REF*6R*CPN1UCSXS5WT~AMT*B6*17.14~SVC*HC:90674*35*27.57**1~DTM*472*20191211~CAS*CO*45*6.87**253*0.56~REF*LU*11~REF*6R*CPN13UKR3992~AMT*B6*28.13~CLP*000100026482*1*134*74.23*18.93*MB*0219353004530*11*1~NM1*QC*1*VIALPANDO*ANTHONY****MI*523785303A~NM1*82*1******XX*1659521045~MOA***MA01~REF*EA*6FE8CA3F22FD4ABF9BF2E71B3D18B09D~DTM*050*20191219~SVC*HC:99214*134*74.23**1~DTM*472*20191209~CAS*CO*45*39.33**253*1.51~CAS*PR*2*18.93~REF*LU*11~REF*6R*CPN1YKE98OD2~AMT*B6*94.67~SE*224*000000002~GE*1*165~IEA*1*936500165~