ISA*00*          *00*          *ZZ*04112          *29*E13833         *191125*2359*^*00501*932900168*0*P*:~GS*HP*04112*E13833*20191125*2359*168*X*005010X221A1~ST*835*000000002~BPR*I*1551.45*C*ACH*CCP*01*081517693*DA*152302017586*1205296137**01*102000076*DA*2838835219*20191126~TRN*1*890005207*1205296137~REF*EV*E13833~DTM*405*20191125~N1*PR*NOVITAS SOLUTIONS, INC.~N3*PO BOX 3109~N4*MECHANICSBURG*PA*170551825~REF*2U*04112~PER*CX**TE*8552528782~PER*BL*NOVITAS SOLUTIONS, INC. EDI SERVICES*TE*8552528782*EX*1*EM*WEBSITEEDI@NOVITAS-SOLUTIONS.COM~N1*PE*SPANISH PEAKS NEW ALTERNATIV*XX*1508250911~N3*ATTN  BILLING*41 MONTEBELLO ROAD STE 116~N4*PUEBLO*CO*810011366~REF*TJ*841158933~LX*1~CLP*000100024975*19*228.15*177.78*10.84*MB*0219316435150*11*1~NM1*QC*1*CENTA*JOHN****MI*5D22C75GC01~NM1*82*1******XX*1447291851~NM1*TT*2*GERBER LIFE INS. CO.*****PI*30289~MOA***MA01*MA18*N793~REF*EA*70985BFCEAAE40BFB2691098B205BA7F~DTM*050*20191112~SVC*HC:G0439*145*117.06**1~DTM*472*20191111~CAS*CO*45*25.55**253*2.39~REF*LU*11~REF*6R*CPDLUJ158061~AMT*B6*119.45~SVC*HC:93000*23.15*13.74**1~DTM*472*20191111~CAS*CO*45*5.63**253*0.28~CAS*PR*2*3.5~REF*LU*11~REF*6R*CPDLITV1VLDH~AMT*B6*17.52~SVC*HC:G0444*20*18.23**1~DTM*472*20191111~CAS*CO*45*1.4**253*0.37~REF*LU*11~REF*6R*CPDLGUNZU09E~AMT*B6*18.6~SVC*HC:G0396*40*28.75**1~DTM*472*20191111~CAS*CO*45*3.32**253*0.59~CAS*PR*2*7.34~REF*LU*11~REF*6R*CPDLKW2LUF1G~AMT*B6*36.68~CLP*000100024725*1*54*29.58*9.19*MB*0219316435160*11*1~NM1*QC*1*COX*NANCY*L***MI*2EN8CT1WV55~NM1*82*1******XX*1164974580~MOA***MA01*N793~REF*EA*976BD203D8E14FEAA50D34201F193256~DTM*050*20191112~SVC*HC:99212*54*29.58**1~DTM*472*20191106~CAS*CO*45*14.63**253*0.6~CAS*PR*1*1.64**2*7.55~REF*LU*11~REF*6R*CPDL65CYVDN8~AMT*B6*39.37~CLP*000100024840*1*90*59.67*15.22*MB*0219316435120*11*1~NM1*QC*1*DARNELL*VALERIE*A***MI*9KU0YT0JK42~NM1*82*1******XX*1447291851~MOA***MA01*N793~REF*EA*28953FB8D9C54B75B3BE1DD86D3696DE~DTM*050*20191112~SVC*HC:99213*90*59.67**1~DTM*472*20191107~CAS*CO*45*13.89**253*1.22~CAS*PR*2*15.22~REF*LU*11~REF*6R*CPDLC5TFHXTQ~AMT*B6*76.11~CLP*000100024856*19*134*87.32*22.28*MB*0219316435110*11*1~NM1*QC*1*LUCERO*JOSEPH*M***MI*522682217A~NM1*74*1******C*2D14J19GD01~NM1*82*1******XX*1447291851~NM1*TT*2*COLORADO DEPT OF HEALTH-MEDICAID*****PI*70037~MOA***MA01*MA07*N793~REF*EA*A275F89B4BE549A1A23A470566F43F7F~DTM*050*20191112~SVC*HC:99214*134*87.32**1~DTM*472*20191107~CAS*CO*45*22.62**253*1.78~CAS*PR*2*22.28~REF*LU*11~REF*6R*CPDLSRVFQOVL~AMT*B6*111.38~CLP*000100024737*1*1942*1037.93*262.62*MB*0219316435140*11*1~NM1*QC*1*MOORE*HOLLY****MI*523673582A~NM1*74*1***N***C*4MP0T57CX08~NM1*82*1******XX*1659521045~MOA***MA01*N793~REF*EA*5255210841AD499B9A8332B96B400B68~DTM*050*20191112~SVC*HC:99213:25*90*50.71**1~DTM*472*20191106~CAS*CO*45*25.31**253*1.04~CAS*PR*2*12.94~REF*LU*11~REF*6R*CPDLULTDRH1B~AMT*B6*64.69~SVC*HC:96372*32*11.43**1~DTM*472*20191106~CAS*CO*45*17.43**253*0.23~CAS*PR*2*2.91~REF*LU*11~REF*6R*CPDLMRWAQ4CL~AMT*B6*14.57~SVC*HC:J2315*1805*967.35**380~DTM*472*20191106~CAS*CO*45*571.14**253*19.74~CAS*PR*2*246.77~REF*LU*11~REF*6R*CPDLMEPM6WFV~AMT*B6*1233.86~SVC*HC:81025*15*8.44**1~DTM*472*20191106~CAS*CO*45*6.39**253*0.17~REF*LU*11~REF*6R*CPDL3HFDIHH2~AMT*B6*8.61~CLP*000100024800*19*90*59.67*15.22*MB*0219316435100*11*1~NM1*QC*1*MUHIC*JOHN*M***MI*5DR7AH3VN32~NM1*82*1******XX*1447291851~NM1*TT*2*COLORADO DEPT OF HEALTH-MEDICAID*****PI*70037~MOA***MA01*MA07*N793~REF*EA*8056D4DA79A54A468C52473F2FE33E16~DTM*050*20191112~SVC*HC:99213*90*59.67**1~DTM*472*20191106~CAS*CO*45*13.89**253*1.22~CAS*PR*2*15.22~REF*LU*11~REF*6R*CPDLB7850LOG~AMT*B6*76.11~CLP*000100024809*1*145*99.5**MB*0219316435130*11*1~NM1*QC*1*SMITH*CAROL****MI*3NG1K01TU10~NM1*82*1******XX*1366419582~MOA***MA01*N793~REF*EA*798C7569F6944A6282FB6BD4F6763100~DTM*050*20191112~SVC*HC:G0439*145*99.5**1~DTM*472*20191106~CAS*CO*45*43.47**253*2.03~REF*LU*11~REF*6R*CPDL207EOLWI~AMT*B6*101.53~SE*151*000000002~GE*1*168~IEA*1*932900168~