ISA*00*          *00*          *ZZ*04112          *29*E13833         *191209*2359*^*00501*934300153*0*P*:~GS*HP*04112*E13833*20191209*2359*153*X*005010X221A1~ST*835*000000002~BPR*I*588.43*C*ACH*CCP*01*081517693*DA*152302017586*1205296137**01*102000076*DA*2838835219*20191210~TRN*1*890044478*1205296137~REF*EV*E13833~DTM*405*20191209~N1*PR*NOVITAS SOLUTIONS, INC.~N3*PO BOX 3109~N4*MECHANICSBURG*PA*170551825~REF*2U*04112~PER*CX**TE*8552528782~PER*BL*NOVITAS SOLUTIONS, INC. EDI SERVICES*TE*8552528782*EX*1*EM*WEBSITEEDI@NOVITAS-SOLUTIONS.COM~N1*PE*SPANISH PEAKS NEW ALTERNATIV*XX*1508250911~N3*ATTN  BILLING*41 MONTEBELLO ROAD STE 116~N4*PUEBLO*CO*810011366~REF*TJ*841158933~LX*1~CLP*000100025588*1*134*74.23*18.93*MB*0219330403340*11*1~NM1*QC*1*AMORIN*RUTH****MI*9A87JN9PW54~NM1*82*1******XX*1164974580~MOA***MA01*N793~REF*EA*C533B834A2F54BA8B961822D6A6BB21B~DTM*050*20191126~SVC*HC:99214*134*74.23**1~DTM*472*20191121~CAS*CO*45*39.33**253*1.51~CAS*PR*2*18.93~REF*LU*11~REF*6R*CPEH70XD6OXL~AMT*B6*94.67~CLP*000100025656*19*90*50.71*12.94*MB*0219330403320*11*1~NM1*QC*1*DEWEY*THERESE*R***MI*8HN1AG0YR21~NM1*82*1******XX*1164974580~NM1*TT*2*UNITEDHEALTH GROUP*****PI*30002~MOA***MA01*MA18*N793~REF*EA*F147D426C2744E308B00E9CE31A711DE~DTM*050*20191126~SVC*HC:99213*90*50.71**1~DTM*472*20191122~CAS*CO*45*25.31**253*1.04~CAS*PR*2*12.94~REF*LU*11~REF*6R*CPEHRLLXRVAE~AMT*B6*64.69~CLP*000100025568*19*134*74.35*18.93*MB*0219330403310*11*1~NM1*QC*1*FISHER*RONNI*J***MI*2YR4YT6HV78~NM1*82*1******XX*1215134705~NM1*TT*2*COLORADO DEPT OF HEALTH-MEDICAID*****PI*70037~MOA***MA01*MA07*N793~REF*EA*6C99F06702C14212AE600F0A2D15F6FC~DTM*050*20191126~SVC*HC:99214*134*74.35**1~DTM*472*20191121~CAS*CO*45*39.33**253*1.52**144*-0.13~CAS*PR*2*18.93~REF*LU*11~REF*6R*CPEH3RO9A813~AMT*B6*94.67~LQ*HE*N807~CLP*40245A*19*135*74.23*18.93*MB*0219330383620*11*1~NM1*QC*1*JOHNSON*JAIME*M***MI*522374457A~NM1*74*1******C*9CD7T00NF35~NM1*82*1******XX*1164974580~NM1*TT*2*COLORADO DEPT OF HEALTH-MEDICAID*****PI*70037~MOA***MA01*MA07*N793~DTM*050*20191126~SVC*HC:99214*135*74.23**1~DTM*472*20190823~CAS*CO*45*40.33**253*1.51~CAS*PR*2*18.93~REF*LU*11~REF*6R*44955~AMT*B6*94.67~CLP*40082A*19*90*59.67*15.22*MB*0219330383610*11*1~NM1*QC*1*MARRONE*JOHN*H***MI*190486737A~NM1*74*1******C*6QM7UN9QU53~NM1*82*1******XX*1447291851~NM1*TT*2*COLORADO DEPT OF HEALTH-MEDICAID*****PI*70037~MOA***MA01*MA07*N793~DTM*050*20191126~SVC*HC:99213*90*59.67**1~DTM*472*20190826~CAS*CO*45*13.89**253*1.22~CAS*PR*2*15.22~REF*LU*11~REF*6R*44948~AMT*B6*76.11~LQ*HE*N782~CLP*000100025675*1*134*74.23*18.93*MB*0219330403330*11*1~NM1*QC*1*SOILEAU*JOSEPH****MI*3RH4PK1NK92~NM1*82*1******XX*1366419582~MOA***MA01*N793~REF*EA*9C7962D7DF5C4493A75632A5B6027EF2~DTM*050*20191126~SVC*HC:99214*134*74.23**1~DTM*472*20191122~CAS*CO*45*39.33**253*1.51~CAS*PR*2*18.93~REF*LU*11~REF*6R*CPEHW2H6E25S~AMT*B6*94.67~CLP*40521A*19*246.28*181.01*42.23*MB*0219330383630*11*1~NM1*QC*1*VIGIL*STEVEN****MI*556338708A~NM1*74*1******C*6K79U66HQ40~NM1*82*1******XX*1396971230~NM1*TT*2*COLORADO DEPT OF HEALTH-MEDICAID*****PI*70037~MOA***MA01*MA07*N793~DTM*050*20191126~SVC*HC:99205:25*190*141.08**1~DTM*472*20190816~CAS*CO*45*10.05**253*2.88~CAS*PR*2*35.99~REF*LU*11~REF*6R*44974~AMT*B6*179.95~LQ*HE*N782~SVC*HC:G0444*20.12*15.49**1~DTM*472*20190816~CAS*CO*45*4.31**253*0.32~REF*LU*11~REF*6R*45025~AMT*B6*15.81~SVC*HC:G0396*36.16*24.44**1~DTM*472*20190816~CAS*CO*45*4.98**253*0.5~CAS*PR*2*6.24~REF*LU*11~REF*6R*45026~AMT*B6*31.18~LQ*HE*N782~SE*130*000000002~GE*1*153~IEA*1*934300153~