ISA*00*          *00*          *ZZ*04112          *29*E13833         *191223*2359*^*00501*935700170*0*P*:~GS*HP*04112*E13833*20191223*2359*170*X*005010X221A1~ST*835*000000002~BPR*I*935.41*C*ACH*CCP*01*081517693*DA*152302017586*1205296137**01*102000076*DA*2838835219*20191226~TRN*1*890079718*1205296137~REF*EV*E13833~DTM*405*20191223~N1*PR*NOVITAS SOLUTIONS, INC.~N3*PO BOX 3109~N4*MECHANICSBURG*PA*170551825~REF*2U*04112~PER*CX**TE*8552528782~PER*BL*NOVITAS SOLUTIONS, INC. EDI SERVICES*TE*8552528782*EX*1*EM*WEBSITEEDI@NOVITAS-SOLUTIONS.COM~N1*PE*SPANISH PEAKS NEW ALTERNATIV*XX*1508250911~N3*ATTN  BILLING*41 MONTEBELLO ROAD STE 116~N4*PUEBLO*CO*810011366~REF*TJ*841158933~LX*1~CLP*000100026004*19*134*87.32*22.28*MB*0219345002440*11*1~NM1*QC*1*AVILA*ROBERT*A***MI*3UP6QW1DX68~NM1*82*1******XX*1447291851~NM1*TT*2*COLORADO DEPT OF HEALTH-MEDICAID*****PI*70037~MOA***MA01*MA07*N793~REF*EA*C188D3D1BA9C4626BE8BAB551E081E87~DTM*050*20191210~SVC*HC:99214*134*87.32**1~DTM*472*20191202~CAS*CO*45*22.62**253*1.78~CAS*PR*2*22.28~REF*LU*11~REF*6R*CPNTITT0HK2I~AMT*B6*111.38~CLP*000100026028*19*134*87.32*22.28*MB*0219345002420*11*1~NM1*QC*1*BRANDT*MICHAEL*S***MI*585529796A~NM1*74*1******C*5H27DW9HX49~NM1*82*1******XX*1447291851~NM1*TT*2*UNITEDHEALTH GROUP*****PI*30002~MOA***MA01*MA18*N793~REF*EA*B324D2EE0BDD4E06B99B59060DDDEFA5~DTM*050*20191210~SVC*HC:99214*134*87.32**1~DTM*472*20191202~CAS*CO*45*22.62**253*1.78~CAS*PR*2*22.28~REF*LU*11~REF*6R*CPNTNCS7D45S~AMT*B6*111.38~CLP*000100025933*19*134*87.32*22.28*MB*0219345002400*11*1~NM1*QC*1*FELLNER*CYNTHIA*D***MI*325725714A~NM1*74*1******C*7FN3VV2QR11~NM1*82*1******XX*1447291851~NM1*TT*2*COLORADO DEPT OF HEALTH-MEDICAID*****PI*70037~MOA***MA01*MA07*N793~REF*EA*A024287176BA4A1B9C8C7D5D34A0C9B8~DTM*050*20191210~SVC*HC:99214*134*87.32**1~DTM*472*20191127~CAS*CO*45*22.62**253*1.78~CAS*PR*2*22.28~REF*LU*11~REF*6R*CPNT8Z3LZQXP~AMT*B6*111.38~LQ*HE*N782~CLP*000100025836*1*315*181.01*42.23*MB*0219345002480*11*1~NM1*QC*1*JANUARY*KEVIN****MI*7J01R50RK17~NM1*82*1******XX*1366419582~MOA***MA01*N793~REF*EA*124ACEA899AD49DAA9483D38B7AD42D7~DTM*050*20191210~SVC*HC:99205:25*255*141.08**1~DTM*472*20191126~CAS*CO*45*75.05**253*2.88~CAS*PR*2*35.99~REF*LU*11~REF*6R*CPNT7H8KQWX7~AMT*B6*179.95~SVC*HC:G0444*20*15.49**1~DTM*472*20191126~CAS*CO*45*4.19**253*0.32~REF*LU*11~REF*6R*CPNTASHDHXFN~AMT*B6*15.81~SVC*HC:G0396*40*24.44**1~DTM*472*20191126~CAS*CO*45*8.82**253*0.5~CAS*PR*2*6.24~REF*LU*11~REF*6R*CPNT7V8AUMGG~AMT*B6*31.18~CLP*000100026046*19*134*74.23*18.93*MB*0219345002410*11*1~NM1*QC*1*JOHNSON*JAIME*M***MI*9CD7T00NF35~NM1*82*1******XX*1164974580~NM1*TT*2*COLORADO DEPT OF HEALTH-MEDICAID*****PI*70037~MOA***MA01*MA07*N793~REF*EA*1076EB57168B4ACD80500EA66B3226DB~DTM*050*20191210~SVC*HC:99214*134*74.23**1~DTM*472*20191203~CAS*CO*45*39.33**253*1.51~CAS*PR*2*18.93~REF*LU*11~REF*6R*CPNTM4PHA0FG~AMT*B6*94.67~CLP*000100025947*19*201*118.6*18.93*MB*0219345002390*11*1~NM1*QC*1*LASATER*MARVIN*R***MI*7C97P09UP49~NM1*82*1******XX*1659521045~NM1*TT*2*COLORADO DEPT OF HEALTH-MEDICAID*****PI*70037~MOA***MA01*MA07*N793~REF*EA*8C0CC6AB30C24C5CA688A88DC91E9657~DTM*050*20191210~SVC*HC:99214:25*134*74.23**1~DTM*472*20191127~CAS*CO*45*39.33**253*1.51~CAS*PR*2*18.93~REF*LU*11~REF*6R*CPNT4RB29R3L~AMT*B6*94.67~SVC*HC:G0008*32*16.8**1~DTM*472*20191127~CAS*CO*45*14.86**253*0.34~REF*LU*11~REF*6R*CPNTP16BDBR4~AMT*B6*17.14~SVC*HC:90674*35*27.57**1~DTM*472*20191127~CAS*CO*45*6.87**253*0.56~REF*LU*11~REF*6R*CPNTY3CBDJR3~AMT*B6*28.13~CLP*000100025843*19*382*225.38*42.23*MB*0219345002460*11*1~NM1*QC*1*MONTOYA*CHRISTOPH****MI*7Q53MW4PX82~NM1*82*1******XX*1659521045~NM1*TT*2*COLORADO DEPT OF HEALTH-MEDICAID*****PI*70037~MOA***MA01*MA07*N793~REF*EA*CF47ECDF2EFC49E39FDFA7B65E66C5AE~DTM*050*20191210~SVC*HC:99205:25*255*141.08**1~DTM*472*20191126~CAS*CO*45*75.05**253*2.88~CAS*PR*2*35.99~REF*LU*11~REF*6R*CPNTTCBHA4IM~AMT*B6*179.95~LQ*HE*N782~SVC*HC:G0008*32*16.8**1~DTM*472*20191126~CAS*CO*45*14.86**253*0.34~REF*LU*11~REF*6R*CPNTXHKEKLKT~AMT*B6*17.14~SVC*HC:90674*35*27.57**1~DTM*472*20191126~CAS*CO*45*6.87**253*0.56~REF*LU*11~REF*6R*CPNT4T9UVD7U~AMT*B6*28.13~SVC*HC:G0444*20*15.49**1~DTM*472*20191126~CAS*CO*45*4.19**253*0.32~REF*LU*11~REF*6R*CPNTV7OBBTLP~AMT*B6*15.81~SVC*HC:G0396*40*24.44**1~DTM*472*20191126~CAS*CO*45*8.82**253*0.5~CAS*PR*2*6.24~REF*LU*11~REF*6R*CPNTGDSR06YH~AMT*B6*31.18~LQ*HE*N782~CLP*000100025984*19*134*74.23*18.93*MB*0219345002430*11*1~NM1*QC*1*SOUSIE*KATHLENE*A***MI*117600322A~NM1*74*1**KATHLEEN****C*3R33C59MP12~NM1*82*1******XX*1659521045~NM1*TT*2*COLORADO DEPT OF HEALTH-MEDICAID*****PI*70037~MOA***MA01*MA07*N793~REF*EA*E1A9C2022F484B00ABA3BAA4F877740A~DTM*050*20191210~SVC*HC:99214*134*74.23**1~DTM*472*20191202~CAS*CO*45*39.33**253*1.51~CAS*PR*2*18.93~REF*LU*11~REF*6R*CPNTPPMOFZDX~AMT*B6*94.67~SE*184*000000002~GE*1*170~IEA*1*935700170~