ISA*00*          *00*          *ZZ*04112          *29*E13833         *191204*2359*^*00501*933800154*0*P*:~GS*HP*04112*E13833*20191204*2359*154*X*005010X221A1~ST*835*000000002~BPR*I*503.37*C*ACH*CCP*01*081517693*DA*152302017586*1205296137**01*102000076*DA*2838835219*20191205~TRN*1*890031993*1205296137~REF*EV*E13833~DTM*405*20191204~N1*PR*NOVITAS SOLUTIONS, INC.~N3*PO BOX 3109~N4*MECHANICSBURG*PA*170551825~REF*2U*04112~PER*CX**TE*8552528782~PER*BL*NOVITAS SOLUTIONS, INC. EDI SERVICES*TE*8552528782*EX*1*EM*WEBSITEEDI@NOVITAS-SOLUTIONS.COM~N1*PE*SPANISH PEAKS NEW ALTERNATIV*XX*1508250911~N3*ATTN  BILLING*41 MONTEBELLO ROAD STE 116~N4*PUEBLO*CO*810011366~REF*TJ*841158933~LX*1~CLP*000100025339*19*201*118.6*18.93*MB*0219325423800*11*1~NM1*QC*1*ARNETT*ROBERTA*R***MI*460725787A~NM1*74*1******C*9YM7E99HA48~NM1*82*1******XX*1659521045~NM1*TT*2*INDIVIDUAL ASSURANCE COMPANY*****PI*30360~MOA***MA01*MA18*N793~REF*EA*1E937E380C904EC992EB0AD8BDA7C603~DTM*050*20191121~SVC*HC:99214:25*134*74.23**1~DTM*472*20191118~CAS*CO*45*39.33**253*1.51~CAS*PR*2*18.93~REF*LU*11~REF*6R*CPELHHN6GL6P~AMT*B6*94.67~SVC*HC:G0008*32*16.8**1~DTM*472*20191118~CAS*CO*45*14.86**253*0.34~REF*LU*11~REF*6R*CPELOLM9QEIF~AMT*B6*17.14~SVC*HC:90674*35*27.57**1~DTM*472*20191118~CAS*CO*45*6.87**253*0.56~REF*LU*11~REF*6R*CPELODUW7IQ7~AMT*B6*28.13~CLP*000100025379*19*134*74.23*18.93*MB*0219325423810*11*1~NM1*QC*1*AVILA*ROBERT*A***MI*3UP6QW1DX68~NM1*82*1******XX*1366419582~NM1*TT*2*COLORADO DEPT OF HEALTH-MEDICAID*****PI*70037~MOA***MA01*MA07*N793~REF*EA*7785E0E2E55B4E09BC0F88D2CD37F0F2~DTM*050*20191121~SVC*HC:99214*134*74.23**1~DTM*472*20191118~CAS*CO*45*39.33**253*1.51~CAS*PR*2*18.93~REF*LU*11~REF*6R*CPELPOMRHLZD~AMT*B6*94.67~CLP*000100025206*1*134*53.68*13.7*MB*0219325423790*02*1~NM1*QC*1*DUTTON*SHAWN****MI*521984507A~NM1*74*1******C*2YF5H05PG40~NM1*82*1******XX*1013283241~MOA***MA01*N793~REF*EA*6FF2B534CE9D44D7A0B4F8FACFC215D5~DTM*050*20191121~SVC*HC:99214*134*53.68**1~DTM*472*20191114~CAS*CO*45*65.52**253*1.1~CAS*PR*2*13.7~REF*LU*02~REF*6R*CPELZ8CBNU8G~AMT*B6*68.48~LQ*HE*N535~CLP*000100025191*19*90*59.67*15.22*MB*0219325423820*11*1~NM1*QC*1*GRIEGO SANCHE*MARYJANE*C***MI*523589654A~NM1*74*1******C*6M13PV3YU05~NM1*82*1******XX*1447291851~NM1*TT*2*CIGNA HEALTH & LIFE INS. CO.*****PI*30380~MOA***MA01*MA18*N793~REF*EA*10DE07B24F704A57A52BB49EDD77B420~DTM*050*20191121~SVC*HC:99213*90*59.67**1~DTM*472*20191114~CAS*CO*45*13.89**253*1.22~CAS*PR*2*15.22~REF*LU*11~REF*6R*CPELKD477A6A~AMT*B6*76.11~CLP*000100025343*1*145*99.5**MB*0219325423830*11*1~NM1*QC*1*JONES*KATHRYN*D***MI*5DG7CF2UW61~NM1*82*1******XX*1659521045~MOA***MA01*N793~REF*EA*6AEFE3C6B14943079F587213E84847F5~DTM*050*20191121~SVC*HC:G0439*145*99.5**1~DTM*472*20191118~CAS*CO*45*43.47**253*2.03~REF*LU*11~REF*6R*CPELBEFCA9WJ~AMT*B6*101.53~CLP*000100025408*1*90*50.71*12.94*MB*0219325423780*11*1~NM1*QC*1*MATTHEWS*VALERIE****MI*521068425A~NM1*74*1***J***C*1UR4YH0JA82~NM1*82*1******XX*1164974580~MOA***MA01*N793~REF*EA*17ECF079E44E4112A4813CEFD63A92D7~DTM*050*20191121~SVC*HC:99213*90*50.71**1~DTM*472*20191119~CAS*CO*45*25.31**253*1.04~CAS*PR*2*12.94~REF*LU*11~REF*6R*CPEL96CM5GAW~AMT*B6*64.69~CLP*000100025214*19*60*46.98*7.34*MB*0219325423770*11*1~NM1*QC*1*SANCHEZ*JOSEPH*A***MI*524083275A~NM1*74*1******C*8JA3FN7TK07~NM1*82*1******XX*1447291851~NM1*TT*2*COLORADO DEPT OF HEALTH-MEDICAID*****PI*70037~MOA***MA01*MA07*N793~REF*EA*0F8765EA4663460F965BE8AFB4D393D9~DTM*050*20191121~SVC*HC:G0444*20*18.23**1~DTM*472*20191114~CAS*CO*45*1.4**253*0.37~REF*LU*11~REF*6R*CPELNF3S7OZN~AMT*B6*18.6~SVC*HC:G0396*40*28.75**1~DTM*472*20191114~CAS*CO*45*3.32**253*0.59~CAS*PR*2*7.34~REF*LU*11~REF*6R*CPEL2E7EP0QV~AMT*B6*36.68~SE*135*000000002~GE*1*154~IEA*1*933800154~