ISA*00*          *00*          *ZZ*04112          *29*E13833         *191206*2359*^*00501*934000153*0*P*:~GS*HP*04112*E13833*20191206*2359*153*X*005010X221A1~ST*835*000000002~BPR*I*118.19*C*ACH*CCP*01*081517693*DA*152302017586*1205296137**01*102000076*DA*2838835219*20191209~TRN*1*890040415*1205296137~REF*EV*E13833~DTM*405*20191206~N1*PR*NOVITAS SOLUTIONS, INC.~N3*PO BOX 3109~N4*MECHANICSBURG*PA*170551825~REF*2U*04112~PER*CX**TE*8552528782~PER*BL*NOVITAS SOLUTIONS, INC. EDI SERVICES*TE*8552528782*EX*1*EM*WEBSITEEDI@NOVITAS-SOLUTIONS.COM~N1*PE*SPANISH PEAKS NEW ALTERNATIV*XX*1508250911~N3*ATTN  BILLING*41 MONTEBELLO ROAD STE 116~N4*PUEBLO*CO*810011366~REF*TJ*841158933~LX*1~CLP*38000A*19*135*87.32*22.28*MB*0219329458900*11*1~NM1*QC*1*FRENDT*DIANN*C***MI*383402441A~NM1*74*1******C*7A49KR3CC14~NM1*82*1******XX*1447291851~NM1*TT*2*BCBS OF MASSACHUSETTS INC.*****PI*00212~MOA***MA01*MA18*N793~DTM*050*20191125~SVC*HC:99214*135*87.32**1~DTM*472*20190724~CAS*CO*45*23.62**253*1.78~CAS*PR*2*22.28~REF*LU*11~REF*6R*44904~AMT*B6*111.38~CLP*40641A*19*55*30.87*7.87*MB*0219329458910*11*1~NM1*QC*1*VIGIL*STEVEN****MI*556338708A~NM1*74*1******C*6K79U66HQ40~NM1*82*1******XX*1396971230~NM1*TT*2*COLORADO DEPT OF HEALTH-MEDICAID*****PI*70037~MOA***MA01*MA07*N793~DTM*050*20191125~SVC*HC:99212*55*30.87**1~DTM*472*20190820~CAS*CO*45*15.63**253*0.63~CAS*PR*2*7.87~REF*LU*11~REF*6R*44973~AMT*B6*39.37~LQ*HE*N782~SE*46*000000002~GE*1*153~IEA*1*934000153~