ISA*00*          *00*          *ZZ*04112          *29*E13833         *191210*2359*^*00501*934400147*0*P*:~GS*HP*04112*E13833*20191210*2359*147*X*005010X221A1~ST*835*000000003~BPR*I*343.95*C*ACH*CCP*01*081517693*DA*152302017586*1205296137**01*102000076*DA*2838835219*20191211~TRN*1*890048435*1205296137~REF*EV*E13833~DTM*405*20191210~N1*PR*NOVITAS SOLUTIONS, INC.~N3*PO BOX 3109~N4*MECHANICSBURG*PA*170551825~REF*2U*04112~PER*CX**TE*8552528782~PER*BL*NOVITAS SOLUTIONS, INC. EDI SERVICES*TE*8552528782*EX*1*EM*WEBSITEEDI@NOVITAS-SOLUTIONS.COM~N1*PE*SPANISH PEAKS NEW ALTERNATIV*XX*1508250911~N3*ATTN  BILLING*41 MONTEBELLO ROAD STE 116~N4*PUEBLO*CO*810011366~REF*TJ*841158933~LX*1~CLP*000100025742*19*134*87.32*22.28*MB*0219331269630*11*1~NM1*QC*1*AVILA*ROBERT*A***MI*3UP6QW1DX68~NM1*82*1******XX*1447291851~NM1*TT*2*COLORADO DEPT OF HEALTH-MEDICAID*****PI*70037~MOA***MA01*MA07*N793~REF*EA*13793396C1D24B89B8155CFD28263D87~DTM*050*20191127~SVC*HC:99214*134*87.32**1~DTM*472*20191125~CAS*CO*45*22.62**253*1.78~CAS*PR*2*22.28~REF*LU*11~REF*6R*CPE9LIVUPRAJ~AMT*B6*111.38~CLP*000100025735*19*90*50.71*12.94*MB*0219331269610*11*1~NM1*QC*1*CHAVEZ*CHRISTOPH****MI*522330862A~NM1*74*1***S***C*9X26XN6HH86~NM1*82*1******XX*1659521045~NM1*TT*2*COLORADO DEPT OF HEALTH-MEDICAID*****PI*70037~MOA***MA01*MA07*N793~REF*EA*1103787C190E4DD5A9365C432C255AF3~DTM*050*20191127~SVC*HC:99213*90*50.71**1~DTM*472*20191125~CAS*CO*45*25.31**253*1.04~CAS*PR*2*12.94~REF*LU*11~REF*6R*CPE9RL46LXOJ~AMT*B6*64.69~CLP*000100025713*19*201*118.6*18.93*MB*0219331269620*11*1~NM1*QC*1*HUBBARD*LORI****MI*524324622C1~NM1*74*1***E***C*7MY9GW3XV24~NM1*82*1******XX*1659521045~NM1*TT*2*COLORADO DEPT OF HEALTH-MEDICAID*****PI*70037~MOA***MA01*MA07*N793~REF*EA*FDEFDB5683D64E899208B1D990323921~DTM*050*20191127~SVC*HC:99214:25*134*74.23**1~DTM*472*20191125~CAS*CO*45*39.33**253*1.51~CAS*PR*2*18.93~REF*LU*11~REF*6R*CPE91JSSBO4R~AMT*B6*94.67~SVC*HC:G0008*32*16.8**1~DTM*472*20191125~CAS*CO*45*14.86**253*0.34~REF*LU*11~REF*6R*CPE9F7VERUI9~AMT*B6*17.14~SVC*HC:90674*35*27.57**1~DTM*472*20191125~CAS*CO*45*6.87**253*0.56~REF*LU*11~REF*6R*CPE9H92CNEBG~AMT*B6*28.13~CLP*000100025733*19*134*87.32*22.28*MB*0219331269640*11*1~NM1*QC*1*ORTIZ*DEBORAH*M***MI*467375441A~NM1*74*1******C*1FV3J92UM14~NM1*82*1******XX*1447291851~NM1*TT*2*COLORADO DEPT OF HEALTH-MEDICAID*****PI*70037~MOA***MA01*MA07*N793~REF*EA*A55E199695D7469A91E0473317F91679~DTM*050*20191127~SVC*HC:99214*134*87.32**1~DTM*472*20191125~CAS*CO*45*22.62**253*1.78~CAS*PR*2*22.28~REF*LU*11~REF*6R*CPE9DM0GTBV8~AMT*B6*111.38~SE*88*000000003~GE*1*147~IEA*1*934400147~