ISA*00*          *00*          *ZZ*04112          *29*E13833         *191226*2359*^*00501*936000153*0*P*:~GS*HP*04112*E13833*20191226*2359*153*X*005010X221A1~ST*835*000000001~BPR*I*1209.47*C*ACH*CCP*01*081517693*DA*152302017586*1205296137**01*102000076*DA*2838835219*20191227~TRN*1*890084016*1205296137~REF*EV*E13833~DTM*405*20191226~N1*PR*NOVITAS SOLUTIONS, INC.~N3*PO BOX 3109~N4*MECHANICSBURG*PA*170551825~REF*2U*04112~PER*CX**TE*8552528782~PER*BL*NOVITAS SOLUTIONS, INC. EDI SERVICES*TE*8552528782*EX*1*EM*WEBSITEEDI@NOVITAS-SOLUTIONS.COM~N1*PE*SPANISH PEAKS NEW ALTERNATIV*XX*1508250911~N3*ATTN  BILLING*41 MONTEBELLO ROAD STE 116~N4*PUEBLO*CO*810011366~REF*TJ*841158933~LX*1~CLP*000100025871*19*90*50.71*12.94*MB*0219347024100*11*1~NM1*QC*1*BEAN*LYNN*M***MI*522259126A~NM1*74*1******C*6VP2JF4UR02~NM1*82*1******XX*1164974580~NM1*TT*2*COLORADO DEPT OF HEALTH-MEDICAID*****PI*70037~MOA***MA01*MA07*N793~REF*EA*C87478EEC246456C8EC551A71FAF6B8B~DTM*050*20191213~SVC*HC:99213*90*50.71**1~DTM*472*20191127~CAS*CO*45*25.31**253*1.04~CAS*PR*2*12.94~REF*LU*11~REF*6R*CPNDVFVCZPE2~AMT*B6*64.69~CLP*000100026152*19*54*36.32*9.26*MB*0219347024140*11*1~NM1*QC*1*BERKSTRESSER*MELINDA*J***MI*571681776A~NM1*74*1******C*6P59VM1KT47~NM1*82*1******XX*1447291851~NM1*TT*2*COLORADO DEPT OF HEALTH-MEDICAID*****PI*70037~MOA***MA01*MA07*N793~REF*EA*54E5D61B767B48A09B41AF79F1D8528A~DTM*050*20191213~SVC*HC:99212*54*36.32**1~DTM*472*20191203~CAS*CO*45*7.68**253*0.74~CAS*PR*2*9.26~REF*LU*11~REF*6R*CPNDJ18BJZTZ~AMT*B6*46.32~CLP*000100026276*1*134*87.32*22.28*MB*0219347024170*11*1~NM1*QC*1*BIBLE*JEAN****MI*515224803A~NM1*74*1******C*7AA5NK0YY80~NM1*82*1******XX*1447291851~MOA***MA01*N793~REF*EA*DA2A686AD81A49C49E3C0459652DC17F~DTM*050*20191213~SVC*HC:99214*134*87.32**1~DTM*472*20191205~CAS*CO*45*22.62**253*1.78~CAS*PR*2*22.28~REF*LU*11~REF*6R*CPNDCRRE5IOV~AMT*B6*111.38~CLP*000100026036*1*145*99.5**MB*0219347024150*11*1~NM1*QC*1*CENTA*MARILYNN****MI*7FQ2KD6GF15~NM1*82*1******XX*1659521045~MOA***MA01*N793~REF*EA*611497CEE9D8465AAC3B051DA14109C8~DTM*050*20191213~SVC*HC:G0439*145*99.5**1~DTM*472*20191203~CAS*CO*45*43.47**253*2.03~REF*LU*11~REF*6R*CPND9UC03RFR~AMT*B6*101.53~CLP*000100025867*19*54*30.87*7.87*MB*0219347024160*11*1~NM1*QC*1*COOK*DAVID*T***MI*6ED1FE4MH27~NM1*82*1******XX*1164974580~NM1*TT*2*COLORADO DEPT OF HEALTH-MEDICAID*****PI*70037~MOA***MA01*MA07*N793~REF*EA*7501F1E71B5141A1BA1EB0F607D2D36D~DTM*050*20191213~SVC*HC:99212*54*30.87**1~DTM*472*20191127~CAS*CO*45*14.63**253*0.63~CAS*PR*2*7.87~REF*LU*11~REF*6R*CPNDC2GY1Q74~AMT*B6*39.37~LQ*HE*N782~CLP*000100025875*19*90*59.67*15.22*MB*0219347024030*11*1~NM1*QC*1*DURAN*DAVID*R***MI*6GR8KP2CV30~NM1*82*1******XX*1447291851~NM1*TT*2*COLORADO DEPT OF HEALTH-MEDICAID*****PI*70037~MOA***MA01*MA07*N793~REF*EA*2FC55E190BDF4FB7BFA4996655A831BD~DTM*050*20191213~SVC*HC:99213*90*59.67**1~DTM*472*20191127~CAS*CO*45*13.89**253*1.22~CAS*PR*2*15.22~REF*LU*11~REF*6R*CPND0Y7HJFJD~AMT*B6*76.11~LQ*HE*N782~CLP*000100026062*1*134*74.23*18.93*MB*0219347024070*11*1~NM1*QC*1*DUTTON*SHAWN****MI*521984507A~NM1*74*1******C*2YF5H05PG40~NM1*82*1******XX*1659521045~MOA***MA01*N793~REF*EA*A926184ED97A4A1FBFC4BF86E06DCE49~DTM*050*20191213~SVC*HC:99214*134*74.23**1~DTM*472*20191203~CAS*CO*45*39.33**253*1.51~CAS*PR*2*18.93~REF*LU*11~REF*6R*CPND2QQ2NYE9~AMT*B6*94.67~CLP*000100026193*19*134*74.23*18.93*MB*0219347024050*11*1~NM1*QC*1*ENCINA*MARTHA****MI*6WG4ED4KE07~NM1*82*1******XX*1366419582~NM1*TT*2*COLORADO DEPT OF HEALTH-MEDICAID*****PI*70037~MOA***MA01*MA07*N793~REF*EA*8221911949284884A84DB9609A53DD0B~DTM*050*20191213~SVC*HC:99214*134*74.23**1~DTM*472*20191204~CAS*CO*45*39.33**253*1.51~CAS*PR*2*18.93~REF*LU*11~REF*6R*CPNDWIDISNL8~AMT*B6*94.67~CLP*000100026278*19*134*87.32*22.28*MB*0219347024080*11*1~NM1*QC*1*FROST*ROBERT*C***MI*496443140A~NM1*74*1******C*1HG2D93CN04~NM1*82*1******XX*1447291851~NM1*TT*2*ANTHEM FEP COLORADO*****PI*80034~MOA***MA01*MA18*N793~REF*EA*B39D0DFFEBC549EF8FD923160A0A7FC5~DTM*050*20191213~SVC*HC:99214*134*87.32**1~DTM*472*20191205~CAS*CO*45*22.62**253*1.78~CAS*PR*2*22.28~REF*LU*11~REF*6R*CPNDV71RKRT1~AMT*B6*111.38~CLP*000100026076*19*90*50.71*12.94*MB*0219347024130*11*1~NM1*QC*1*GARCIA*PAMELA*D***MI*9KC9FG5NU35~NM1*82*1******XX*1164974580~NM1*TT*2*COLORADO DEPT OF HEALTH-MEDICAID*****PI*70037~MOA***MA01*MA07*N793~REF*EA*7F0A4A6238024537AD938D3BD1E57A28~DTM*050*20191213~SVC*HC:99213*90*50.71**1~DTM*472*20191203~CAS*CO*45*25.31**253*1.04~CAS*PR*2*12.94~REF*LU*11~REF*6R*CPND53AU5QQM~AMT*B6*64.69~CLP*000100026018*19*134*87.32*22.28*MB*0219347024090*11*1~NM1*QC*1*LANDIS*NORMA*J***MI*7TE3DE2RU17~NM1*82*1******XX*1447291851~NM1*TT*2*CHAMPVA-VA HEALTH ADMIN CTR*****PI*80214~MOA***MA01*MA18*N793~REF*EA*72F92962D6E74EAF885F0373F1033CFE~DTM*050*20191213~SVC*HC:99214*134*87.32**1~DTM*472*20191202~CAS*CO*45*22.62**253*1.78~CAS*PR*2*22.28~REF*LU*11~REF*6R*CPNDBE1G49AF~AMT*B6*111.38~CLP*000100025917*19*90*59.67*15.22*MB*0219347024180*11*1~NM1*QC*1*LO*WAI****MI*3H06DQ2HA79~NM1*82*1******XX*1447291851~NM1*TT*2*ANTHEM FEP COLORADO*****PI*80034~MOA***MA01*MA18*N793~REF*EA*F0B4EE2A4C8E4F3BBA3A7DB81AD714EF~DTM*050*20191213~SVC*HC:99213*90*59.67**1~DTM*472*20191127~CAS*CO*45*13.89**253*1.22~CAS*PR*2*15.22~REF*LU*11~REF*6R*CPNDQ88RQU24~AMT*B6*76.11~CLP*000100025889*19*90*59.67*15.22*MB*0219347024020*11*1~NM1*QC*1*MAJOR*MARION****MI*527710448A~NM1*74*1***J***C*9DH3A30JM84~NM1*82*1******XX*1447291851~NM1*TT*2*COLORADO DEPT OF HEALTH-MEDICAID*****PI*70037~MOA***MA01*MA07*N793~REF*EA*0EC2BD7EE0AE47B4A89A5F2B1340D057~DTM*050*20191213~SVC*HC:99213*90*59.67**1~DTM*472*20191127~CAS*CO*45*13.89**253*1.22~CAS*PR*2*15.22~REF*LU*11~REF*6R*CPND4UNV9O1D~AMT*B6*76.11~CLP*000100026092*19*134*88.96*22.28*MB*0219347024010*11*1~NM1*QC*1*MARRONE*JOHN*H***MI*190486737A~NM1*74*1******C*6QM7UN9QU53~NM1*82*1******XX*1538435698~NM1*TT*2*COLORADO DEPT OF HEALTH-MEDICAID*****PI*70037~MOA***MA01*MA07*N793~REF*EA*25149C4B76F04F53A28D9B3BCE321785~DTM*050*20191213~SVC*HC:99214*134*88.96**1~DTM*472*20191203~CAS*CO*45*22.62**253*1.82**144*-1.68~CAS*PR*2*22.28~REF*LU*11~REF*6R*CPNDLB6WCI9Y~AMT*B6*111.38~LQ*HE*N807~CLP*000100026071*1*90*50.71*12.94*MB*0219347024040*11*1~NM1*QC*1*MATTHEWS*VALERIE****MI*521068425A~NM1*74*1***J***C*1UR4YH0JA82~NM1*82*1******XX*1164974580~MOA***MA01*N793~REF*EA*291A2C76AC5C4E14948CE4B032F0F2B6~DTM*050*20191213~SVC*HC:99213*90*50.71**1~DTM*472*20191203~CAS*CO*45*25.31**253*1.04~CAS*PR*2*12.94~REF*LU*11~REF*6R*CPNDAVB6YLUU~AMT*B6*64.69~CLP*000100026128*19*90*50.71*12.94*MB*0219347024110*11*1~NM1*QC*1*MAVIR*VAUGHAN*H***MI*522622133B1~NM1*74*1******C*2H97W03MT32~NM1*82*1******XX*1659521045~NM1*TT*2*UNITEDHEALTH GROUP*****PI*30002~MOA***MA01*MA18*N793~REF*EA*0B4E24109F0248569EF4374E788DADBD~DTM*050*20191213~SVC*HC:99213*90*50.71**1~DTM*472*20191203~CAS*CO*45*25.31**253*1.04~CAS*PR*2*12.94~REF*LU*11~REF*6R*CPNDR743G48S~AMT*B6*64.69~CLP*000100026113*1*134*74.23*18.93*MB*0219347024120*11*1~NM1*QC*1*ROMERO*MARTHA*H***MI*2AM7TY6MN30~NM1*82*1******XX*1659521045~MOA***MA01*N793~REF*EA*9B351C40C92642B1A9FC69162C1E1576~DTM*050*20191213~SVC*HC:99214*134*74.23**1~DTM*472*20191203~CAS*CO*45*39.33**253*1.51~CAS*PR*2*18.93~REF*LU*11~REF*6R*CPNDOC6LNIP6~AMT*B6*94.67~CLP*000100026231*19*134*87.32*22.28*MB*0219347024060*11*1~NM1*QC*1*THOMAS*SIDNEY*J***MI*521135234A~NM1*74*1******C*8D72T82JW93~NM1*82*1******XX*1447291851~NM1*TT*2*COLORADO DEPT OF HEALTH-MEDICAID*****PI*70037~MOA***MA01*MA07*N793~REF*EA*817762FEA6CD4A219F679877D22B1124~DTM*050*20191213~SVC*HC:99214*134*87.32**1~DTM*472*20191204~CAS*CO*45*22.62**253*1.78~CAS*PR*2*22.28~REF*LU*11~REF*6R*CPNDX2JI2M7A~AMT*B6*111.38~SE*276*000000001~GE*1*153~IEA*1*936000153~