ISA*00*          *00*          *ZZ*04112          *29*E13833         *191213*2359*^*00501*934700155*0*P*:~GS*HP*04112*E13833*20191213*2359*155*X*005010X221A1~ST*835*000000002~BPR*I*6431.31*C*ACH*CCP*01*081517693*DA*152302017586*1205296137**01*102000076*DA*2838835219*20191216~TRN*1*890054281*1205296137~REF*EV*E13833~DTM*405*20191213~N1*PR*NOVITAS SOLUTIONS, INC.~N3*PO BOX 3109~N4*MECHANICSBURG*PA*170551825~REF*2U*04112~PER*CX**TE*8552528782~PER*BL*NOVITAS SOLUTIONS, INC. EDI SERVICES*TE*8552528782*EX*1*EM*WEBSITEEDI@NOVITAS-SOLUTIONS.COM~N1*PE*SPANISH PEAKS NEW ALTERNATIV*XX*1508250911~N3*ATTN  BILLING*41 MONTEBELLO ROAD STE 116~N4*PUEBLO*CO*810011366~REF*TJ*841158933~LX*1~CLP*000100023875*19*201*118.6*18.93*MB*0219336594160*11*1~NM1*QC*1*ALLEN*JODEEN*G***MI*522981619A~NM1*74*1******C*4T10HH6WC21~NM1*82*1******XX*1659521045~NM1*TT*2*COLORADO DEPT OF HEALTH-MEDICAID*****PI*70037~MOA***MA01*MA07*N793~REF*EA*D791D5F868EF43A4B08F4DFDFBB0D365~DTM*050*20191202~SVC*HC:99214:25*134*74.23**1~DTM*472*20191017~CAS*CO*45*39.33**253*1.51~CAS*PR*2*18.93~REF*LU*11~REF*6R*CPMDQDNATQJF~AMT*B6*94.67~SVC*HC:G0008*32*16.8**1~DTM*472*20191017~CAS*CO*45*14.86**253*0.34~REF*LU*11~REF*6R*CPMDJX8N3S0T~AMT*B6*17.14~SVC*HC:90674*35*27.57**1~DTM*472*20191017~CAS*CO*45*6.87**253*0.56~REF*LU*11~REF*6R*CPMD1FQHLCOI~AMT*B6*28.13~CLP*000100023423*1*225*130.27*21.91*MB*0219336594370*11*1~NM1*QC*1*AMORIN*RUTH****MI*9A87JN9PW54~NM1*82*1******XX*1164974580~MOA***MA01*N793~REF*EA*F4BF2D09D8794EDAB9F116CBE81779F5~DTM*050*20191202~SVC*HC:99214:25*134*74.23**1~DTM*472*20191009~CAS*CO*45*39.33**253*1.51~CAS*PR*2*18.93~REF*LU*11~REF*6R*CPMD3H2IISCJ~AMT*B6*94.67~SVC*HC:G0008*32*16.8**1~DTM*472*20191009~CAS*CO*45*14.86**253*0.34~REF*LU*11~REF*6R*CPMDP7DBBZY8~AMT*B6*17.14~SVC*HC:90674*35*27.57**1~DTM*472*20191009~CAS*CO*45*6.87**253*0.56~REF*LU*11~REF*6R*CPMDQ3NPJMOB~AMT*B6*28.13~SVC*HC:93000*24*11.67**1~DTM*472*20191009~CAS*CO*45*9.11**253*0.24~CAS*PR*2*2.98~REF*LU*11~REF*6R*CPMDLPJ2CR0N~AMT*B6*14.89~CLP*000100025755*19*134*74.23*18.93*MB*0219336594220*11*1~NM1*QC*1*ANDERSON*KATHLEEN****MI*547319140A~NM1*74*1***R***C*5RP7KT4CT34~NM1*82*1******XX*1659521045~NM1*TT*2*COLORADO DEPT OF HEALTH-MEDICAID*****PI*70037~MOA***MA01*MA07*N793~REF*EA*B92D0FE97BD540BC99757EE840F6F0EF~DTM*050*20191202~SVC*HC:99214*134*74.23**1~DTM*472*20191125~CAS*CO*45*39.33**253*1.51~CAS*PR*2*18.93~REF*LU*11~REF*6R*CPMDJ0YJ2IKF~AMT*B6*94.67~CLP*000100024407*19*304.15*230.72*3.5*MB*0219336594200*11*1~NM1*QC*1*ARAGON*DIANA*L***MI*8MC6C04KH85~NM1*82*1******XX*1447291851~NM1*TT*2*COLORADO DEPT OF HEALTH-MEDICAID*****PI*70037~MOA***MA01*MA07*N793~REF*EA*ED2870CF21A845999692AE5C4F6670C7~DTM*050*20191202~SVC*HC:G0438*214*172.61**1~DTM*472*20191031~CAS*CO*45*37.87**253*3.52~REF*LU*11~REF*6R*CPMDSAE2IN7V~AMT*B6*176.13~SVC*HC:G0008*32*16.8**1~DTM*472*20191031~CAS*CO*45*14.86**253*0.34~REF*LU*11~REF*6R*CPMDPN4LZI7M~AMT*B6*17.14~SVC*HC:93000*23.15*13.74**1~DTM*472*20191031~CAS*CO*45*5.63**253*0.28~CAS*PR*2*3.5~REF*LU*11~REF*6R*CPMDM13WAZKQ~AMT*B6*17.52~SVC*HC:90674*35*27.57**1~DTM*472*20191031~CAS*CO*45*6.87**253*0.56~REF*LU*11~REF*6R*CPMDBYHMVYB7~AMT*B6*28.13~CLP*000100023167*19*2197*1127.92*287.73*MB*0219336594180*11*1~NM1*QC*1*BARNELL*SHANNA****MI*520746419A~NM1*74*1***V***C*9KW9DE2VG31~NM1*82*1******XX*1396971230~NM1*TT*2*COLORADO DEPT OF HEALTH-MEDICAID*****PI*70037~MOA***MA01*MA07*N793~REF*EA*912993A80A7843DA9F08EBAF26C9CD19~DTM*050*20191202~SVC*HC:99205:25*255*141.08**1~DTM*472*20191003~CAS*CO*45*75.05**253*2.88~CAS*PR*2*35.99~REF*LU*11~REF*6R*CPMDPK0U7B15~AMT*B6*179.95~SVC*HC:99415*45*8.06**1~DTM*472*20191003~CAS*CO*45*34.72**253*0.16~CAS*PR*2*2.06~REF*LU*11~REF*6R*CPMD27W01DFN~AMT*B6*10.28~SVC*HC:96372*32*11.43**1~DTM*472*20191003~CAS*CO*45*17.43**253*0.23~CAS*PR*2*2.91~REF*LU*11~REF*6R*CPMDGSI9NTU0~AMT*B6*14.57~SVC*HC:J2315*1805*967.35**380~DTM*472*20191003~CAS*CO*45*571.14**253*19.74~CAS*PR*2*246.77~REF*LU*11~REF*6R*CPMDV5T9VB8B~AMT*B6*1233.86~SVC*HC:G0444*20*0****1~DTM*472*20191003~CAS*CO*B15*20~REF*LU*11~REF*6R*CPMD4RWNUVJT~LQ*HE*M80~SVC*HC:G0396*40*0****1~DTM*472*20191003~CAS*CO*B15*40~REF*LU*11~REF*6R*CPMDXUU7MTZI~LQ*HE*M80~CLP*000100024395*19*1927*1029.49*262.62*MB*0219336594190*11*1~NM1*QC*1*BARNELL*SHANNA****MI*520746419A~NM1*74*1***V***C*9KW9DE2VG31~NM1*82*1******XX*1396971230~NM1*TT*2*COLORADO DEPT OF HEALTH-MEDICAID*****PI*70037~MOA***MA01*MA07*N793~REF*EA*6CAD919CC6C9482EAC556B56DD6C5794~DTM*050*20191202~SVC*HC:99213:25*90*50.71**1~DTM*472*20191031~CAS*CO*45*25.31**253*1.04~CAS*PR*2*12.94~REF*LU*11~REF*6R*CPMD11IDEBVA~AMT*B6*64.69~SVC*HC:96372*32*11.43**1~DTM*472*20191031~CAS*CO*45*17.43**253*0.23~CAS*PR*2*2.91~REF*LU*11~REF*6R*CPMDY8ECYRV9~AMT*B6*14.57~SVC*HC:J2315*1805*967.35**380~DTM*472*20191031~CAS*CO*45*571.14**253*19.74~CAS*PR*2*246.77~REF*LU*11~REF*6R*CPMDLK112W3H~AMT*B6*1233.86~CLP*000100023710*19*121*44.37*54*MB*0219336594480*11*1~NM1*QC*1*BUSTAMANTE*STELLA****MI*3W15Q04MW97~NM1*82*1******XX*1659521045~NM1*TT*2*MUTUAL OF OMAHA INSURANCE COMP*****PI*30090~MOA***MA01*MA18*N793~REF*EA*5E9E3A3960424301A3573A038225A606~DTM*050*20191202~SVC*HC:99212:25*54*0****1~DTM*472*20191015~CAS*PR*96*54~REF*LU*11~REF*6R*CPMDDIF8SG7B~LQ*HE*N425~SVC*HC:G0008*32*16.8**1~DTM*472*20191015~CAS*CO*45*14.86**253*0.34~REF*LU*11~REF*6R*CPMDG33VZ9WK~AMT*B6*17.14~SVC*HC:90674*35*27.57**1~DTM*472*20191015~CAS*CO*45*6.87**253*0.56~REF*LU*11~REF*6R*CPMDUFB7PTI5~AMT*B6*28.13~CLP*000100024792*19*134*87.32*22.28*MB*0219336594140*11*1~NM1*QC*1*BUTCHER*DOROTHY*B***MI*522526668A~NM1*74*1******C*8N55UV9XD56~NM1*82*1******XX*1447291851~NM1*TT*2*UNITEDHEALTH GROUP*****PI*30002~MOA***MA01*MA18*N793~REF*EA*C078414B08F0495DA4035AD77FE51DD2~DTM*050*20191202~SVC*HC:99214*134*87.32**1~DTM*472*20191106~CAS*CO*45*22.62**253*1.78~CAS*PR*2*22.28~REF*LU*11~REF*6R*CPMD5YF9HYZD~AMT*B6*111.38~CLP*000100025766*19*90*59.67*15.22*MB*0219336594150*11*1~NM1*QC*1*BUTCHER*DOROTHY*B***MI*522526668A~NM1*74*1******C*8N55UV9XD56~NM1*82*1******XX*1447291851~NM1*TT*2*UNITEDHEALTH GROUP*****PI*30002~MOA***MA01*MA18*N793~REF*EA*A327B8D480594E84BBDA8F078E0957EB~DTM*050*20191202~SVC*HC:99213*90*59.67**1~DTM*472*20191125~CAS*CO*45*13.89**253*1.22~CAS*PR*2*15.22~REF*LU*11~REF*6R*CPMDKKJB4WIA~AMT*B6*76.11~CLP*000100023864*19*157*104.04*15.22*MB*0219336594360*11*1~NM1*QC*1*CENTA*JOHN****MI*5D22C75GC01~NM1*82*1******XX*1447291851~NM1*TT*2*GERBER LIFE INS. CO.*****PI*30289~MOA***MA01*MA18*N793~REF*EA*47F0C572075A48138A899482EC2CA0D9~DTM*050*20191202~SVC*HC:99213:25*90*59.67**1~DTM*472*20191017~CAS*CO*45*13.89**253*1.22~CAS*PR*2*15.22~REF*LU*11~REF*6R*CPMD6Y1Q09T1~AMT*B6*76.11~SVC*HC:G0008*32*16.8**1~DTM*472*20191017~CAS*CO*45*14.86**253*0.34~REF*LU*11~REF*6R*CPMDNQHHYRNT~AMT*B6*17.14~SVC*HC:90674*35*27.57**1~DTM*472*20191017~CAS*CO*45*6.87**253*0.56~REF*LU*11~REF*6R*CPMDJ72K0TW1~AMT*B6*28.13~CLP*000100023863*19*157*95.08*12.94*MB*0219336594380*11*1~NM1*QC*1*CENTA*MARILYNN****MI*7FQ2KD6GF15~NM1*82*1******XX*1659521045~NM1*TT*2*ANTHEM CO*****PI*00561~MOA***MA01*MA18*N793~REF*EA*70E5D05795F74D56BFD1B4BBDA7C0718~DTM*050*20191202~SVC*HC:99213:25*90*50.71**1~DTM*472*20191017~CAS*CO*45*25.31**253*1.04~CAS*PR*2*12.94~REF*LU*11~REF*6R*CPMD2WJSJCA7~AMT*B6*64.69~SVC*HC:G0008*32*16.8**1~DTM*472*20191017~CAS*CO*45*14.86**253*0.34~REF*LU*11~REF*6R*CPMDH29C9ZN1~AMT*B6*17.14~SVC*HC:90674*35*27.57**1~DTM*472*20191017~CAS*CO*45*6.87**253*0.56~REF*LU*11~REF*6R*CPMD6XDYMC10~AMT*B6*28.13~CLP*000100024625*19*201*118.6*18.93*MB*0219336594110*11*1~NM1*QC*1*CHANDLER*VERONICA*L***MI*548252578A~NM1*74*1******C*7TD7V42RW57~NM1*82*1******XX*1659521045~NM1*TT*2*COLORADO DEPT OF HEALTH-MEDICAID*****PI*70037~MOA***MA01*MA07*N793~REF*EA*30CF6D8A3E7849C09D0AD998BDF28642~DTM*050*20191202~SVC*HC:99214:25*134*74.23**1~DTM*472*20191105~CAS*CO*45*39.33**253*1.51~CAS*PR*2*18.93~REF*LU*11~REF*6R*CPMDG6LRD0LK~AMT*B6*94.67~SVC*HC:G0008*32*16.8**1~DTM*472*20191105~CAS*CO*45*14.86**253*0.34~REF*LU*11~REF*6R*CPMDUFU69KLX~AMT*B6*17.14~SVC*HC:90674*35*27.57**1~DTM*472*20191105~CAS*CO*45*6.87**253*0.56~REF*LU*11~REF*6R*CPMD8FHOUHH7~AMT*B6*28.13~CLP*000100024941*1*145*99.5**MB*0219336594490*11*1~NM1*QC*1*CICERO*KRISTEN****MI*4UU7QN8KY53~NM1*82*1******XX*1396971230~MOA***MA01*N793~REF*EA*459E12D9FF114B80BD974337780FBFBE~DTM*050*20191202~SVC*HC:G0439*145*99.5**1~DTM*472*20191108~CAS*CO*45*43.47**253*2.03~REF*LU*11~REF*6R*CPMD9ZOMFY1N~AMT*B6*101.53~CLP*000100023592*1*272*158.34*25.13*MB*0219336594500*11*1~NM1*QC*1*CICERO*KRISTEN****MI*4UU7QN8KY53~NM1*82*1******XX*1396971230~MOA***MA01*N793~REF*EA*2CC9C6B2115E4FBAB367843173AB3D4E~DTM*050*20191202~SVC*HC:99203:25*145*74.04**1~DTM*472*20191011~CAS*CO*45*50.56**253*1.51~CAS*PR*2*18.89~REF*LU*11~REF*6R*CPMD67R3YT4K~AMT*B6*94.44~SVC*HC:G0008*32*16.8**1~DTM*472*20191011~CAS*CO*45*14.86**253*0.34~REF*LU*11~REF*6R*CPMDUFKOGZQ2~AMT*B6*17.14~SVC*HC:90674*35*27.57**1~DTM*472*20191011~CAS*CO*45*6.87**253*0.56~REF*LU*11~REF*6R*CPMD6H2PX2HD~AMT*B6*28.13~SVC*HC:G0444*20*15.49**1~DTM*472*20191011~CAS*CO*45*4.19**253*0.32~REF*LU*11~REF*6R*CPMD5FG1S5KE~AMT*B6*15.81~SVC*HC:G0396*40*24.44**1~DTM*472*20191011~CAS*CO*45*8.82**253*0.5~CAS*PR*2*6.24~REF*LU*11~REF*6R*CPMDMV59EOH2~AMT*B6*31.18~CLP*000100023434*19*121*44.37*54*MB*0219336594430*11*1~NM1*QC*1*CIRULLO*ROSEANN****MI*523624534D6~NM1*74*1******C*8E35MT0UP63~NM1*82*1******XX*1164974580~NM1*TT*2*COLORADO DEPT OF HEALTH-MEDICAID*****PI*70037~MOA***MA01*MA07*N793~REF*EA*ED67EE61742D46F4943FB51EDE1C9501~DTM*050*20191202~SVC*HC:99212:25*54*0****1~DTM*472*20191009~CAS*PR*96*54~REF*LU*11~REF*6R*CPMDABF5PG91~LQ*HE*N425~SVC*HC:G0008*32*16.8**1~DTM*472*20191009~CAS*CO*45*14.86**253*0.34~REF*LU*11~REF*6R*CPMDNBJZRNFL~AMT*B6*17.14~SVC*HC:90674*35*27.57**1~DTM*472*20191009~CAS*CO*45*6.87**253*0.56~REF*LU*11~REF*6R*CPMDJI82CREE~AMT*B6*28.13~CLP*000100023871*1*201*131.69*22.28*MB*0219336594230*11*1~NM1*QC*1*DARNELL*VALERIE*A***MI*9KU0YT0JK42~NM1*82*1******XX*1447291851~MOA***MA01*N793~REF*EA*1715ADD102FA48AC990FFB0D85BD7F31~DTM*050*20191202~SVC*HC:99214:25*134*87.32**1~DTM*472*20191017~CAS*CO*45*22.62**253*1.78~CAS*PR*2*22.28~REF*LU*11~REF*6R*CPMD3VGFNMHW~AMT*B6*111.38~SVC*HC:G0008*32*16.8**1~DTM*472*20191017~CAS*CO*45*14.86**253*0.34~REF*LU*11~REF*6R*CPMDC9L9GXXC~AMT*B6*17.14~SVC*HC:90674*35*27.57**1~DTM*472*20191017~CAS*CO*45*6.87**253*0.56~REF*LU*11~REF*6R*CPMDVRT3D7JP~AMT*B6*28.13~CLP*000100024668*19*90*50.71*12.94*MB*0219336594390*11*1~NM1*QC*1*DELEMARRE*KIRSTEN****MI*3UF9RH3PG47~NM1*82*1******XX*1396971230~NM1*TT*2*COLORADO DEPT OF HEALTH-MEDICAID*****PI*70037~MOA***MA01*MA07*N793~REF*EA*13BED20CD47443BA90A7BBE465421310~DTM*050*20191202~SVC*HC:99213*90*50.71**1~DTM*472*20191105~CAS*CO*45*25.31**253*1.04~CAS*PR*2*12.94~REF*LU*11~REF*6R*CPMD0I2N39LK~AMT*B6*64.69~CLP*000100025461*19*90*50.71*12.94*MB*0219336594400*11*1~NM1*QC*1*DELEMARRE*KIRSTEN****MI*3UF9RH3PG47~NM1*82*1******XX*1396971230~NM1*TT*2*COLORADO DEPT OF HEALTH-MEDICAID*****PI*70037~MOA***MA01*MA07*N793~REF*EA*6D9B6E5E3DCD435AB4476F60081E3541~DTM*050*20191202~SVC*HC:99213*90*50.71**1~DTM*472*20191119~CAS*CO*45*25.31**253*1.04~CAS*PR*2*12.94~REF*LU*11~REF*6R*CPMDEG79JZML~AMT*B6*64.69~CLP*000100024055*19*205*113.97*25.13*MB*0219336594410*11*1~NM1*QC*1*DELEMARRE*KIRSTEN****MI*3UF9RH3PG47~NM1*82*1******XX*1396971230~NM1*TT*2*COLORADO DEPT OF HEALTH-MEDICAID*****PI*70037~MOA***MA01*MA07*N793~REF*EA*90F23613EF3E4141BFB5075559110BB0~DTM*050*20191202~SVC*HC:99203:25*145*74.04**1~DTM*472*20191022~CAS*CO*45*50.56**253*1.51~CAS*PR*2*18.89~REF*LU*11~REF*6R*CPMDIAW9W33V~AMT*B6*94.44~SVC*HC:G0444*20*15.49**1~DTM*472*20191022~CAS*CO*45*4.19**253*0.32~REF*LU*11~REF*6R*CPMDAJS68NP5~AMT*B6*15.81~SVC*HC:G0396*40*24.44**1~DTM*472*20191022~CAS*CO*45*8.82**253*0.5~CAS*PR*2*6.24~REF*LU*11~REF*6R*CPMD26B3Y1MO~AMT*B6*31.18~CLP*000100024225*19*121*44.37*54*MB*0219336594420*11*1~NM1*QC*1*DELEMARRE*KIRSTEN****MI*3UF9RH3PG47~NM1*82*1******XX*1396971230~NM1*TT*2*COLORADO DEPT OF HEALTH-MEDICAID*****PI*70037~MOA***MA01*MA07*N793~REF*EA*C1809F7429784ED297F1E9253FEB6A29~DTM*050*20191202~SVC*HC:99212:25*54*0****1~DTM*472*20191025~CAS*PR*96*54~REF*LU*11~REF*6R*CPMDPWYXDWWL~LQ*HE*N425~SVC*HC:G0008*32*16.8**1~DTM*472*20191025~CAS*CO*45*14.86**253*0.34~REF*LU*11~REF*6R*CPMDN6WVYCP0~AMT*B6*17.14~SVC*HC:90674*35*27.57**1~DTM*472*20191025~CAS*CO*45*6.87**253*0.56~REF*LU*11~REF*6R*CPMD6B0SAAOG~AMT*B6*28.13~CLP*000100025432*19*90*50.71*12.94*MB*0219336594320*11*1~NM1*QC*1*DURAN*WILLIAM****MI*521746262A~NM1*74*1***E***C*1X03E84VJ96~NM1*82*1******XX*1396971230~NM1*TT*2*CONNECTICUT GENERAL INSURANCE CO*****PI*00018~MOA***MA01*MA18*N793~REF*EA*C68B6083627B4637AD6A20CF24A373D0~DTM*050*20191202~SVC*HC:99213*90*50.71**1~DTM*472*20191119~CAS*CO*45*25.31**253*1.04~CAS*PR*2*12.94~REF*LU*11~REF*6R*CPMD1CFEWEKF~AMT*B6*64.69~CLP*000100023168*19*201*131.69*22.28*MB*0219336594330*11*1~NM1*QC*1*DURAN*WILLIAM****MI*521746262A~NM1*74*1***E***C*1X03E84VJ96~NM1*82*1******XX*1447291851~NM1*TT*2*CONNECTICUT GENERAL INSURANCE CO*****PI*00018~MOA***MA01*MA18*N793~REF*EA*6C7265A31E524A24B5E5D2CA92EA6B34~DTM*050*20191202~SVC*HC:99214:25*134*87.32**1~DTM*472*20191003~CAS*CO*45*22.62**253*1.78~CAS*PR*2*22.28~REF*LU*11~REF*6R*CPMDRVIFV6AF~AMT*B6*111.38~SVC*HC:G0008*32*16.8**1~DTM*472*20191003~CAS*CO*45*14.86**253*0.34~REF*LU*11~REF*6R*CPMDGK3DUKI7~AMT*B6*17.14~SVC*HC:90674*35*27.57**1~DTM*472*20191003~CAS*CO*45*6.87**253*0.56~REF*LU*11~REF*6R*CPMDJ3K8UZ8I~AMT*B6*28.13~CLP*000100023791*19*157*104.04*15.22*MB*0219336594260*11*1~NM1*QC*1*FINTO*TRINA****MI*7WE5HN2CJ89~NM1*82*1******XX*1447291851~NM1*TT*2*COLORADO DEPT OF HEALTH-MEDICAID*****PI*70037~MOA***MA01*MA07*N793~REF*EA*98DD653EB3FE4A5B96F17F7BE0393018~DTM*050*20191202~SVC*HC:99213:25*90*59.67**1~DTM*472*20191016~CAS*CO*45*13.89**253*1.22~CAS*PR*2*15.22~REF*LU*11~REF*6R*CPMDVANWQUE5~AMT*B6*76.11~SVC*HC:G0008*32*16.8**1~DTM*472*20191016~CAS*CO*45*14.86**253*0.34~REF*LU*11~REF*6R*CPMD88T9C4W2~AMT*B6*17.14~SVC*HC:90674*35*27.57**1~DTM*472*20191016~CAS*CO*45*6.87**253*0.56~REF*LU*11~REF*6R*CPMD99PHIKPI~AMT*B6*28.13~CLP*000100023879*19*217*151.02*22.56*MB*0219336594270*11*1~NM1*QC*1*GATES*DORIS*R***MI*523589102B~NM1*74*1******C*9EV6N45TR50~NM1*82*1******XX*1447291851~NM1*TT*2*ANTHEM FEP COLORADO*****PI*80034~MOA***MA01*MA18*N793~REF*EA*DA410B1C6A8F49E49AC628A23E6CDDDB~DTM*050*20191202~SVC*HC:99213:25*90*59.67**1~DTM*472*20191017~CAS*CO*45*13.89**253*1.22~CAS*PR*2*15.22~REF*LU*11~REF*6R*CPMD940MXSC1~AMT*B6*76.11~SVC*HC:G0008*32*16.8**1~DTM*472*20191017~CAS*CO*45*14.86**253*0.34~REF*LU*11~REF*6R*CPMDYQL2IE8M~AMT*B6*17.14~SVC*HC:90674*35*27.57**1~DTM*472*20191017~CAS*CO*45*6.87**253*0.56~REF*LU*11~REF*6R*CPMDZ8ZTCECE~AMT*B6*28.13~SVC*HC:G0444:59*20*18.23**1~DTM*472*20191017~CAS*CO*45*1.4**253*0.37~REF*LU*11~REF*6R*CPMDX54GW1HS~AMT*B6*18.6~SVC*HC:G0396:59*40*28.75**1~DTM*472*20191017~CAS*CO*45*3.32**253*0.59~CAS*PR*2*7.34~REF*LU*11~REF*6R*CPMDYABRKOGU~AMT*B6*36.68~CLP*000100023692*19*304.15*230.72*3.5*MB*0219336594440*11*1~NM1*QC*1*GRIEGO SANCHE*MARYJANE*C***MI*523589654A~NM1*74*1******C*6M13PV3YU05~NM1*82*1******XX*1447291851~NM1*TT*2*CIGNA HEALTH & LIFE INS. CO.*****PI*30380~MOA***MA01*MA18*N793~REF*EA*6AB5A646A4A84273A2A6CF443FD76806~DTM*050*20191202~SVC*HC:G0438*214*172.61**1~DTM*472*20191015~CAS*CO*45*37.87**253*3.52~REF*LU*11~REF*6R*CPMD4H7BTVY3~AMT*B6*176.13~SVC*HC:93000*23.15*13.74**1~DTM*472*20191015~CAS*CO*45*5.63**253*0.28~CAS*PR*2*3.5~REF*LU*11~REF*6R*CPMD9LJBKS9H~AMT*B6*17.52~SVC*HC:G0008*32*16.8**1~DTM*472*20191015~CAS*CO*45*14.86**253*0.34~REF*LU*11~REF*6R*CPMDUW0LS6BS~AMT*B6*17.14~SVC*HC:90674*35*27.57**1~DTM*472*20191015~CAS*CO*45*6.87**253*0.56~REF*LU*11~REF*6R*CPMD6A5JWD3K~AMT*B6*28.13~CLP*000100023061*19*201*131.69*22.28*MB*0219336594130*11*1~NM1*QC*1*HEASMAN*STUART*G***MI*2A93WG7UA18~NM1*82*1******XX*1447291851~NM1*TT*2*COLORADO DEPT OF HEALTH-MEDICAID*****PI*70037~MOA***MA01*MA07*N793~REF*EA*502C2D9592A2408C9F08DAB9E4CE6FCA~DTM*050*20191202~SVC*HC:99214:25*134*87.32**1~DTM*472*20191001~CAS*CO*45*22.62**253*1.78~CAS*PR*2*22.28~REF*LU*11~REF*6R*CPMDY6CK0XW8~AMT*B6*111.38~SVC*HC:G0008*32*16.8**1~DTM*472*20191001~CAS*CO*45*14.86**253*0.34~REF*LU*11~REF*6R*CPMDFIBSRWKL~AMT*B6*17.14~SVC*HC:90674*35*27.57**1~DTM*472*20191001~CAS*CO*45*6.87**253*0.56~REF*LU*11~REF*6R*CPMDP49P4NSB~AMT*B6*28.13~CLP*000100022331*19*195*92.13*19.56*MB*0219336594100*11*1~NM1*QC*1*JENSEN*APRIL****MI*528862602A~NM1*74*1******C*5K84C79VP70~NM1*82*1******XX*1396971230~NM1*TT*2*COLORADO DEPT OF HEALTH-MEDICAID*****PI*70037~MOA***MA01*MA07*N793~REF*EA*71DF2E2C85F140BBAFB79245B565CC0D~DTM*050*20191202~SVC*HC:99202:25*135*52.2**1~DTM*472*20190913~CAS*CO*45*68.41**253*1.07~CAS*PR*2*13.32~REF*LU*11~REF*6R*CPMDWKO5XJZC~AMT*B6*66.59~SVC*HC:G0444*20*15.49**1~DTM*472*20190913~CAS*CO*45*4.19**253*0.32~REF*LU*11~REF*6R*CPMD4NB6YBYO~AMT*B6*15.81~SVC*HC:G0396*40*24.44**1~DTM*472*20190913~CAS*CO*45*8.82**253*0.5~CAS*PR*2*6.24~REF*LU*11~REF*6R*CPMDSUV17Z6T~AMT*B6*31.18~CLP*000100023189*19*157*95.08*12.94*MB*0219336594350*11*1~NM1*QC*1*JOHNSON*DANNY*L***MI*1MV6VR4NQ57~NM1*82*1******XX*1164974580~NM1*TT*2*COLORADO DEPT OF HEALTH-MEDICAID*****PI*70037~MOA***MA01*MA07*N793~REF*EA*C037B69CC0EC421681B2919539231A17~DTM*050*20191202~SVC*HC:99213:25*90*50.71**1~DTM*472*20191003~CAS*CO*45*25.31**253*1.04~CAS*PR*2*12.94~REF*LU*11~REF*6R*CPMDQ751B72O~AMT*B6*64.69~SVC*HC:G0008*32*16.8**1~DTM*472*20191003~CAS*CO*45*14.86**253*0.34~REF*LU*11~REF*6R*CPMDD1YB82LE~AMT*B6*17.14~SVC*HC:90674*35*27.57**1~DTM*472*20191003~CAS*CO*45*6.87**253*0.56~REF*LU*11~REF*6R*CPMDVKLV0UFQ~AMT*B6*28.13~CLP*000100025566*19*375*157.58*38.05*MB*0219336594170*11*1~NM1*QC*1*LANDIS*NORMA*J***MI*7TE3DE2RU17~NM1*82*1******XX*1396971230~NM1*TT*2*CHAMPVA-VA HEALTH ADMIN CTR*****PI*80214~MOA***MA01*MA18*N793~REF*EA*466445A03E31404CBABC59AA91407985~DTM*050*20191202~SVC*HC:99205:25*255*141.08**1~DTM*472*20191121~CAS*CO*45*75.05**253*2.88~CAS*PR*2*35.99~REF*LU*11~REF*6R*CPMDPRFLY1I4~AMT*B6*179.95~SVC*HC:99415*45*8.06**1~DTM*472*20191121~CAS*CO*45*34.72**253*0.16~CAS*PR*2*2.06~REF*LU*11~REF*6R*CPMD4B0TDS4H~AMT*B6*10.28~SVC*HC:G0444*20*0****1~DTM*472*20191121~CAS*CO*B15*20~REF*LU*11~REF*6R*CPMD8P716L5N~LQ*HE*M80~SVC*HC:G0396*40*0****1~DTM*472*20191121~CAS*CO*B15*40~REF*LU*11~REF*6R*CPMD5O0VZSUD~LQ*HE*M80~SVC*HC:81025*15*8.44**1~DTM*472*20191121~CAS*CO*45*6.39**253*0.17~REF*LU*11~REF*6R*CPMDD85M8B4Q~AMT*B6*8.61~CLP*000100023795*19*201*131.69*22.28*MB*0219336594450*11*1~NM1*QC*1*MALDONADO*ROBERT*W***MI*6RR4P16XY71~NM1*82*1******XX*1447291851~NM1*TT*2*UNITEDHEALTH GROUP*****PI*30002~MOA***MA01*MA18*N793~REF*EA*D4E8590BC2104FF68DF7CA3234FF791F~DTM*050*20191202~SVC*HC:99214:25*134*87.32**1~DTM*472*20191016~CAS*CO*45*22.62**253*1.78~CAS*PR*2*22.28~REF*LU*11~REF*6R*CPMDM1PUUWYF~AMT*B6*111.38~SVC*HC:G0008*32*16.8**1~DTM*472*20191016~CAS*CO*45*14.86**253*0.34~REF*LU*11~REF*6R*CPMDLH8JMCQ3~AMT*B6*17.14~SVC*HC:90674*35*27.57**1~DTM*472*20191016~CAS*CO*45*6.87**253*0.56~REF*LU*11~REF*6R*CPMDHQ96ECI0~AMT*B6*28.13~CLP*000100023490*19*201*118.6*18.93*MB*0219336594340*11*1~NM1*QC*1*MARRUFO*JOSEFINA*A***MI*9T69Y04JR30~NM1*82*1******XX*1659521045~NM1*TT*2*AMERICAN CONTINENTAL INSU.*****PI*30074~MOA***MA01*MA18*N793~REF*EA*E326C0924FD742E49F431A5DDA0272B3~DTM*050*20191202~SVC*HC:99214:25*134*74.23**1~DTM*472*20191010~CAS*CO*45*39.33**253*1.51~CAS*PR*2*18.93~REF*LU*11~REF*6R*CPMD4L6NF8UM~AMT*B6*94.67~SVC*HC:G0008*32*16.8**1~DTM*472*20191010~CAS*CO*45*14.86**253*0.34~REF*LU*11~REF*6R*CPMDBN8CC9QM~AMT*B6*17.14~SVC*HC:90674*35*27.57**1~DTM*472*20191010~CAS*CO*45*6.87**253*0.56~REF*LU*11~REF*6R*CPMDW034FC99~AMT*B6*28.13~CLP*000100023583*1*281*191.09**MB*0219336594510*11*1~NM1*QC*1*MCQUEEN*NATHANIEL*M***MI*306663502C2~NM1*74*1******C*8JA5Y57MM60~NM1*82*1******XX*1396971230~MOA***MA01*N793~REF*EA*0BA66E24157A4D14B4E4AF67EC2398D0~DTM*050*20191202~SVC*HC:G0438*214*146.72**1~DTM*472*20191011~CAS*CO*45*64.29**253*2.99~REF*LU*11~REF*6R*CPMDPUYZV9SK~AMT*B6*149.71~SVC*HC:G0008*32*16.8**1~DTM*472*20191011~CAS*CO*45*14.86**253*0.34~REF*LU*11~REF*6R*CPMD3QJUM88G~AMT*B6*17.14~SVC*HC:90674*35*27.57**1~DTM*472*20191011~CAS*CO*45*6.87**253*0.56~REF*LU*11~REF*6R*CPMD9GG2J7VG~AMT*B6*28.13~CLP*000100023320*19*201*131.69*22.28*MB*0219336594240*11*1~NM1*QC*1*MONTEZ*QUINO*D***MI*521742402A~NM1*74*1******C*4HE6N38AV40~NM1*82*1******XX*1447291851~NM1*TT*2*UNITEDHEALTH GROUP*****PI*30002~MOA***MA01*MA18*N793~REF*EA*02E164E2428543C78FB60FB67C88F190~DTM*050*20191202~SVC*HC:99214:25*134*87.32**1~DTM*472*20191007~CAS*CO*45*22.62**253*1.78~CAS*PR*2*22.28~REF*LU*11~REF*6R*CPMDO2PWFD4I~AMT*B6*111.38~SVC*HC:G0008*32*16.8**1~DTM*472*20191007~CAS*CO*45*14.86**253*0.34~REF*LU*11~REF*6R*CPMDBM3ZVTNE~AMT*B6*17.14~SVC*HC:90674*35*27.57**1~DTM*472*20191007~CAS*CO*45*6.87**253*0.56~REF*LU*11~REF*6R*CPMD633MBQAT~AMT*B6*28.13~CLP*000100023318*19*157*104.04*15.22*MB*0219336594470*11*1~NM1*QC*1*PRUTCH*JOSEPH*C***MI*523480045A~NM1*74*1**JOE****C*5TY5MX5NH64~NM1*82*1******XX*1447291851~NM1*TT*2*MUTUAL OF OMAHA INSURANCE COMP*****PI*30090~MOA***MA01*MA18*N793~REF*EA*A6ED88E85D4B40AFABF82DFA21268F92~DTM*050*20191202~SVC*HC:99213:25*90*59.67**1~DTM*472*20191007~CAS*CO*45*13.89**253*1.22~CAS*PR*2*15.22~REF*LU*11~REF*6R*CPMD28IANTF6~AMT*B6*76.11~SVC*HC:G0008*32*16.8**1~DTM*472*20191007~CAS*CO*45*14.86**253*0.34~REF*LU*11~REF*6R*CPMDTEVONTXI~AMT*B6*17.14~SVC*HC:90674*35*27.57**1~DTM*472*20191007~CAS*CO*45*6.87**253*0.56~REF*LU*11~REF*6R*CPMDE3GW28U6~AMT*B6*28.13~CLP*000100023317*19*157*104.04*15.22*MB*0219336594120*11*1~NM1*QC*1*PRUTCH*MARY*K***MI*523480045B~NM1*74*1******C*8TU3RP3NN04~NM1*82*1******XX*1447291851~NM1*TT*2*MUTUAL OF OMAHA INSURANCE COMP*****PI*30090~MOA***MA01*MA18*N793~REF*EA*2538F063E67D4EDC9E82174DD40FA263~DTM*050*20191202~SVC*HC:99213:25*90*59.67**1~DTM*472*20191007~CAS*CO*45*13.89**253*1.22~CAS*PR*2*15.22~REF*LU*11~REF*6R*CPMDM527Q3LV~AMT*B6*76.11~SVC*HC:G0008*32*16.8**1~DTM*472*20191007~CAS*CO*45*14.86**253*0.34~REF*LU*11~REF*6R*CPMD6MPP73NR~AMT*B6*17.14~SVC*HC:90674*35*27.57**1~DTM*472*20191007~CAS*CO*45*6.87**253*0.56~REF*LU*11~REF*6R*CPMDUMS6FVYJ~AMT*B6*28.13~CLP*000100023750*19*157*104.04*15.22*MB*0219336594250*11*1~NM1*QC*1*SANCHEZ*PETE*R***MI*525645246A~NM1*74*1******C*6P97D21TH64~NM1*82*1******XX*1447291851~NM1*TT*2*NALC HEALTH BENEFIT PLAN*****PI*80015~MOA***MA01*MA18*N793~REF*EA*ED984514286346DDA5446022F6FC3FF1~DTM*050*20191202~SVC*HC:99213:25*90*59.67**1~DTM*472*20191016~CAS*CO*45*13.89**253*1.22~CAS*PR*2*15.22~REF*LU*11~REF*6R*CPMDCKKXNBHM~AMT*B6*76.11~SVC*HC:G0008*32*16.8**1~DTM*472*20191016~CAS*CO*45*14.86**253*0.34~REF*LU*11~REF*6R*CPMDDQYKCAYM~AMT*B6*17.14~SVC*HC:90674*35*27.57**1~DTM*472*20191016~CAS*CO*45*6.87**253*0.56~REF*LU*11~REF*6R*CPMDG8JW8BDW~AMT*B6*28.13~CLP*000100023035*1*201*118.6*18.93*MB*0219336594310*11*1~NM1*QC*1*SOILEAU*JOSEPH****MI*3RH4PK1NK92~NM1*82*1******XX*1366419582~MOA***MA01*N793~REF*EA*3EB4D9CF8C054767A81123FDA8257B8F~DTM*050*20191202~SVC*HC:99214:25*134*74.23**1~DTM*472*20191001~CAS*CO*45*39.33**253*1.51~CAS*PR*2*18.93~REF*LU*11~REF*6R*CPMDRXJEJBP3~AMT*B6*94.67~SVC*HC:G0008*32*16.8**1~DTM*472*20191001~CAS*CO*45*14.86**253*0.34~REF*LU*11~REF*6R*CPMD3WDRKEXK~AMT*B6*17.14~SVC*HC:90674*35*27.57**1~DTM*472*20191001~CAS*CO*45*6.87**253*0.56~REF*LU*11~REF*6R*CPMDD5K0CX0B~AMT*B6*28.13~CLP*000100022983*19*201*118.6*18.93*MB*0219336594460*11*1~NM1*QC*1*VIGIL*ANDREA*L***MI*8H04P57EH85~NM1*82*1******XX*1659521045~NM1*TT*2*COLORADO DEPT OF HEALTH-MEDICAID*****PI*70037~MOA***MA01*MA07*N793~REF*EA*023C8B24FC5949D88C8471F6418A002B~DTM*050*20191202~SVC*HC:99214:25*134*74.23**1~DTM*472*20190930~CAS*CO*45*39.33**253*1.51~CAS*PR*2*18.93~REF*LU*11~REF*6R*CPMDP23JQM90~AMT*B6*94.67~SVC*HC:G0008*32*16.8**1~DTM*472*20190930~CAS*CO*45*14.86**253*0.34~REF*LU*11~REF*6R*CPMDGGCE6HO3~AMT*B6*17.14~SVC*HC:90674*35*27.57**1~DTM*472*20190930~CAS*CO*45*6.87**253*0.56~REF*LU*11~REF*6R*CPMDG7JHQPNG~AMT*B6*28.13~CLP*000100023343*19*201*118.6*18.93*MB*0219336594300*11*1~NM1*QC*1*VIGIL*CHRISTOPH****MI*521822678A~NM1*74*1******C*5J60YF7TR47~NM1*82*1******XX*1659521045~NM1*TT*2*COLORADO DEPT OF HEALTH-MEDICAID*****PI*70037~MOA***MA01*MA07*N793~REF*EA*8E99FA13B9A74F0EBE4D2204201856AA~DTM*050*20191202~SVC*HC:99214:25*134*74.23**1~DTM*472*20191008~CAS*CO*45*39.33**253*1.51~CAS*PR*2*18.93~REF*LU*11~REF*6R*CPMDNA664OZV~AMT*B6*94.67~SVC*HC:G0008*32*16.8**1~DTM*472*20191008~CAS*CO*45*14.86**253*0.34~REF*LU*11~REF*6R*CPMDZIOT0SGV~AMT*B6*17.14~SVC*HC:90674*35*27.57**1~DTM*472*20191008~CAS*CO*45*6.87**253*0.56~REF*LU*11~REF*6R*CPMD654359QG~AMT*B6*28.13~CLP*000100023769*19*201*131.69*22.28*MB*0219336594290*11*1~NM1*QC*1*WEYMOUTH JR*ROBERT*H***MI*410789243A~NM1*74*1******C*4W09N34VU54~NM1*82*1******XX*1447291851~NM1*TT*2*GOVT EMPLOYEES HEALTH ASSN*****PI*80054~MOA***MA01*MA18*N793~REF*EA*17BCFE70C85448B8B2FB5E4907BC6BBC~DTM*050*20191202~SVC*HC:99214:25*134*87.32**1~DTM*472*20191016~CAS*CO*45*22.62**253*1.78~CAS*PR*2*22.28~REF*LU*11~REF*6R*CPMDVV1OU2RE~AMT*B6*111.38~SVC*HC:G0008*32*16.8**1~DTM*472*20191016~CAS*CO*45*14.86**253*0.34~REF*LU*11~REF*6R*CPMD602F5MBJ~AMT*B6*17.14~SVC*HC:90674*35*27.57**1~DTM*472*20191016~CAS*CO*45*6.87**253*0.56~REF*LU*11~REF*6R*CPMD695G4DB7~AMT*B6*28.13~SE*1065*000000002~GE*1*155~IEA*1*934700155~