ISA*00*          *00*          *ZZ*04112          *29*E13833         *191202*2359*^*00501*933600160*0*P*:~GS*HP*04112*E13833*20191202*2359*160*X*005010X221A1~ST*835*000000002~BPR*I*573*C*ACH*CCP*01*081517693*DA*152302017586*1205296137**01*102000076*DA*2838835219*20191203~TRN*1*890023613*1205296137~REF*EV*E13833~DTM*405*20191202~N1*PR*NOVITAS SOLUTIONS, INC.~N3*PO BOX 3109~N4*MECHANICSBURG*PA*170551825~REF*2U*04112~PER*CX**TE*8552528782~PER*BL*NOVITAS SOLUTIONS, INC. EDI SERVICES*TE*8552528782*EX*1*EM*WEBSITEEDI@NOVITAS-SOLUTIONS.COM~N1*PE*SPANISH PEAKS NEW ALTERNATIV*XX*1508250911~N3*ATTN  BILLING*41 MONTEBELLO ROAD STE 116~N4*PUEBLO*CO*810011366~REF*TJ*841158933~LX*1~CLP*000100024815*19*134*74.23*18.93*MB*0219323354140*11*1~NM1*QC*1*ALLEN*JODEEN*G***MI*522981619A~NM1*74*1******C*4T10HH6WC21~NM1*82*1******XX*1659521045~NM1*TT*2*COLORADO DEPT OF HEALTH-MEDICAID*****PI*70037~MOA***MA01*MA07*N793~REF*EA*3A7005C5E69F4AB4AAB50E2A0BDDE34C~DTM*050*20191119~SVC*HC:99214*134*74.23**1~DTM*472*20191106~CAS*CO*45*39.33**253*1.51~CAS*PR*2*18.93~REF*LU*11~REF*6R*CPDTQXZJC0MZ~AMT*B6*94.67~CLP*000100025218*19*157.15*85.9*21.91*MB*0219323354150*11*1~NM1*QC*1*KIMMICK*EDWARD****MI*6W54X80NT88~NM1*82*1******XX*1164974580~NM1*TT*2*UNITEDHEALTHCARE*****PI*00082~MOA***MA01*MA18*N793~REF*EA*0BEB8F88AB904FC4A561384C95C8AD20~DTM*050*20191119~SVC*HC:99214:25*134*74.23**1~DTM*472*20191114~CAS*CO*45*39.33**253*1.51~CAS*PR*2*18.93~REF*LU*11~REF*6R*CPDTQ2AILVCK~AMT*B6*94.67~SVC*HC:93000*23.15*11.67**1~DTM*472*20191114~CAS*CO*45*8.26**253*0.24~CAS*PR*2*2.98~REF*LU*11~REF*6R*CPDTAFELWY7Z~AMT*B6*14.89~CLP*000100025204*19*157.15*101.06*25.78*MB*0219323354120*11*1~NM1*QC*1*MURPHY*JAMES*P***MI*9DH1U42AP36~NM1*82*1******XX*1447291851~NM1*TT*2*COLORADO DEPT OF HEALTH-MEDICAID*****PI*70037~MOA***MA01*MA07*N793~REF*EA*5DA06249AAE941F788B2FCEE6C1AC002~DTM*050*20191119~SVC*HC:99214:25*134*87.32**1~DTM*472*20191114~CAS*CO*45*22.62**253*1.78~CAS*PR*2*22.28~REF*LU*11~REF*6R*CPDTEFG23BHY~AMT*B6*111.38~SVC*HC:93000*23.15*13.74**1~DTM*472*20191114~CAS*CO*45*5.63**253*0.28~CAS*PR*2*3.5~REF*LU*11~REF*6R*CPDTQTFIFZB4~AMT*B6*17.52~CLP*000100025080*19*315*181.01*42.23*MB*0219323354160*11*1~NM1*QC*1*ROMERO*PAUL*V***MI*3TR8HA9NQ64~NM1*82*1******XX*1366419582~NM1*TT*2*COLORADO DEPT OF HEALTH-MEDICAID*****PI*70037~MOA***MA01*MA07*N793~REF*EA*16E1FD3B0A854FC9945CF11C29CC8309~DTM*050*20191119~SVC*HC:99205:25*255*141.08**1~DTM*472*20191112~CAS*CO*45*75.05**253*2.88~CAS*PR*2*35.99~REF*LU*11~REF*6R*CPDTE080ITES~AMT*B6*179.95~SVC*HC:G0444*20*15.49**1~DTM*472*20191112~CAS*CO*45*4.19**253*0.32~REF*LU*11~REF*6R*CPDTI61WUWH8~AMT*B6*15.81~SVC*HC:G0396*40*24.44**1~DTM*472*20191112~CAS*CO*45*8.82**253*0.5~CAS*PR*2*6.24~REF*LU*11~REF*6R*CPDTQUG9WP4O~AMT*B6*31.18~CLP*000100025214*19*168.15*130.8*3.5*MB*0219323354130*11*1~NM1*QC*1*SANCHEZ*JOSEPH*A***MI*524083275A~NM1*74*1******C*8JA3FN7TK07~NM1*82*1******XX*1447291851~NM1*TT*2*COLORADO DEPT OF HEALTH-MEDICAID*****PI*70037~MOA***MA01*MA07*N793~REF*EA*7AFD1D3543404FBF96F21A958CBF4066~DTM*050*20191119~SVC*HC:G0439:25*145*117.06**1~DTM*472*20191114~CAS*CO*45*25.55**253*2.39~REF*LU*11~REF*6R*CPDTZ2NV8CC8~AMT*B6*119.45~SVC*HC:93000*23.15*13.74**1~DTM*472*20191114~CAS*CO*45*5.63**253*0.28~CAS*PR*2*3.5~REF*LU*11~REF*6R*CPDTWXO8Y1LK~AMT*B6*17.52~SE*122*000000002~GE*1*160~IEA*1*933600160~