ISA*00*          *00*          *ZZ*04112          *29*E13833         *191127*2359*^*00501*933100166*0*P*:~GS*HP*04112*E13833*20191127*2359*166*X*005010X221A1~ST*835*000000001~BPR*I*973.49*C*ACH*CCP*01*081517693*DA*152302017586*1205296137**01*102000076*DA*2838835219*20191129~TRN*1*890014876*1205296137~REF*EV*E13833~DTM*405*20191127~N1*PR*NOVITAS SOLUTIONS, INC.~N3*PO BOX 3109~N4*MECHANICSBURG*PA*170551825~REF*2U*04112~PER*CX**TE*8552528782~PER*BL*NOVITAS SOLUTIONS, INC. EDI SERVICES*TE*8552528782*EX*1*EM*WEBSITEEDI@NOVITAS-SOLUTIONS.COM~N1*PE*SPANISH PEAKS NEW ALTERNATIV*XX*1508250911~N3*ATTN  BILLING*41 MONTEBELLO ROAD STE 116~N4*PUEBLO*CO*810011366~REF*TJ*841158933~LX*1~CLP*000100025005*19*134*87.32*22.28*MB*0219319376790*11*1~NM1*QC*1*AVILA*ROBERT*A***MI*522840480M~NM1*74*1***B***C*3UP6QW1DX68~NM1*82*1******XX*1447291851~NM1*TT*2*COLORADO DEPT OF HEALTH-MEDICAID*****PI*70037~MOA***MA01*MA07*N793~REF*EA*E9ED34F62682499F9C91695696DCE21B~DTM*050*20191115~SVC*HC:99214*134*87.32**1~DTM*472*20191111~CAS*CO*45*22.62**253*1.78~CAS*PR*2*22.28~REF*LU*11~REF*6R*CPDP930VCGZG~AMT*B6*111.38~CLP*000100025122*19*90*50.71*12.94*MB*0219319376780*11*1~NM1*QC*1*COOK*DAVID*T***MI*6ED1FE4MH27~NM1*82*1******XX*1164974580~NM1*TT*2*COLORADO DEPT OF HEALTH-MEDICAID*****PI*70037~MOA***MA01*MA07*N793~REF*EA*0AE5A2FECC28453D886F197D71B1E60E~DTM*050*20191115~SVC*HC:99213*90*50.71**1~DTM*472*20191113~CAS*CO*45*25.31**253*1.04~CAS*PR*2*12.94~REF*LU*11~REF*6R*CPDP2X8DVPOR~AMT*B6*64.69~CLP*000100025130*19*134*74.23*18.93*MB*0219319376760*11*1~NM1*QC*1*ENCINA*MARTHA****MI*6WG4ED4KE07~NM1*82*1******XX*1366419582~NM1*TT*2*COLORADO DEPT OF HEALTH-MEDICAID*****PI*70037~MOA***MA01*MA07*N793~REF*EA*AFF0661A3C8F43FE9B0F81A32ED12953~DTM*050*20191115~SVC*HC:99214*134*74.23**1~DTM*472*20191113~CAS*CO*45*39.33**253*1.51~CAS*PR*2*18.93~REF*LU*11~REF*6R*CPDPUF5H6KAS~AMT*B6*94.67~CLP*000100025137*19*157*104.04*15.22*MB*0219319376740*11*1~NM1*QC*1*MAJOR*MARION****MI*527710448A~NM1*74*1******C*9DH3A30JM84~NM1*82*1******XX*1447291851~NM1*TT*2*COLORADO DEPT OF HEALTH-MEDICAID*****PI*70037~MOA***MA01*MA07*N793~REF*EA*606C7235C7F14C21B7F25EB4F2CB0085~DTM*050*20191115~SVC*HC:99213:25*90*59.67**1~DTM*472*20191113~CAS*CO*45*13.89**253*1.22~CAS*PR*2*15.22~REF*LU*11~REF*6R*CPDPLOSLHLFD~AMT*B6*76.11~SVC*HC:G0008*32*16.8**1~DTM*472*20191113~CAS*CO*45*14.86**253*0.34~REF*LU*11~REF*6R*CPDPF1HFV26S~AMT*B6*17.14~SVC*HC:90674*35*27.57**1~DTM*472*20191113~CAS*CO*45*6.87**253*0.56~REF*LU*11~REF*6R*CPDP5D1L7FKD~AMT*B6*28.13~CLP*000100025159*1*265*152.2*34.88*MB*0219319376750*11*1~NM1*QC*1*MATTHEWS*VALERIE****MI*521068425A~NM1*74*1***J***C*1UR4YH0JA82~NM1*82*1******XX*1164974580~MOA***MA01*N793~REF*EA*D6799E47363D4BF1A0C2C45FB88BC36B~DTM*050*20191115~SVC*HC:99204:25*205*112.27**1~DTM*472*20191113~CAS*CO*45*61.8**253*2.29~CAS*PR*2*28.64~REF*LU*11~REF*6R*CPDP8HZ999A3~AMT*B6*143.2~SVC*HC:G0444*20*15.49**1~DTM*472*20191113~CAS*CO*45*4.19**253*0.32~REF*LU*11~REF*6R*CPDPO92RD3EH~AMT*B6*15.81~SVC*HC:G0396*40*24.44**1~DTM*472*20191113~CAS*CO*45*8.82**253*0.5~CAS*PR*2*6.24~REF*LU*11~REF*6R*CPDP8OI9CAJM~AMT*B6*31.18~CLP*000100024990*19*134*87.32*22.28*MB*0219319376820*11*1~NM1*QC*1*ORTIZ*DEBORAH*M***MI*467375441A~NM1*74*1******C*1FV3J92UM14~NM1*82*1******XX*1447291851~NM1*TT*2*COLORADO DEPT OF HEALTH-MEDICAID*****PI*70037~MOA***MA01*MA07*N793~REF*EA*BD6493B5E3584B2C99EAE7C06D021378~DTM*050*20191115~SVC*HC:99214*134*87.32**1~DTM*472*20191111~CAS*CO*45*22.62**253*1.78~CAS*PR*2*22.28~REF*LU*11~REF*6R*CPDPG6GYTBZ4~AMT*B6*111.38~CLP*000100025165*1*157*104.04*15.22*MB*0219319376770*11*1~NM1*QC*1*SNOOK*DEBBIE****MI*524484631D~NM1*74*1******C*2MQ9GQ7WD23~NM1*82*1******XX*1447291851~MOA***MA01*N793~REF*EA*8D526642C0CE4D9CA8B661A18F555F87~DTM*050*20191115~SVC*HC:99213:25*90*59.67**1~DTM*472*20191113~CAS*CO*45*13.89**253*1.22~CAS*PR*2*15.22~REF*LU*11~REF*6R*CPDPPJY8HWGV~AMT*B6*76.11~SVC*HC:G0008*32*16.8**1~DTM*472*20191113~CAS*CO*45*14.86**253*0.34~REF*LU*11~REF*6R*CPDPYVU46YDL~AMT*B6*17.14~SVC*HC:90674*35*27.57**1~DTM*472*20191113~CAS*CO*45*6.87**253*0.56~REF*LU*11~REF*6R*CPDPQQ24RFK6~AMT*B6*28.13~CLP*000100025154*19*332*196.57*34.88*MB*0219319376800*11*1~NM1*QC*1*VIGIL*JERRY****MI*523113081TA~NM1*74*1***L***C*7J26KC1FJ88~NM1*82*1******XX*1366419582~NM1*TT*2*COLORADO DEPT OF HEALTH-MEDICAID*****PI*70037~MOA***MA01*MA07*N793~REF*EA*0DB1FF399E13471BBA9D2DBEFFA5FA00~DTM*050*20191115~SVC*HC:99204:25*205*112.27**1~DTM*472*20191113~CAS*CO*45*61.8**253*2.29~CAS*PR*2*28.64~REF*LU*11~REF*6R*CPDPZDZNPHAA~AMT*B6*143.2~SVC*HC:G0008*32*16.8**1~DTM*472*20191113~CAS*CO*45*14.86**253*0.34~REF*LU*11~REF*6R*CPDPFIGQE3Y6~AMT*B6*17.14~SVC*HC:90674*35*27.57**1~DTM*472*20191113~CAS*CO*45*6.87**253*0.56~REF*LU*11~REF*6R*CPDP5VTC7JOX~AMT*B6*28.13~SVC*HC:G0444*20*15.49**1~DTM*472*20191113~CAS*CO*45*4.19**253*0.32~REF*LU*11~REF*6R*CPDPK0FHQDFK~AMT*B6*15.81~SVC*HC:G0396*40*24.44**1~DTM*472*20191113~CAS*CO*45*8.82**253*0.5~CAS*PR*2*6.24~REF*LU*11~REF*6R*CPDPMAFA704N~AMT*B6*31.18~CLP*000100025178*1*145*117.06**MB*0219319376810*11*1~NM1*QC*1*WELSH*JAMES****MI*364729963A~NM1*74*1***L***C*3KP7CT9WQ52~NM1*82*1******XX*1447291851~MOA***MA01*N793~REF*EA*A46E4C844A164E36B748608347BA99A8~DTM*050*20191115~SVC*HC:G0439*145*117.06**1~DTM*472*20191113~CAS*CO*45*25.55**253*2.39~REF*LU*11~REF*6R*CPDP1LP7XKLB~AMT*B6*119.45~SE*208*000000001~GE*1*166~IEA*1*933100166~