ISA*00*          *00*          *ZZ*04112          *29*E13833         *200109*2359*^*00501*000900151*0*P*:~GS*HP*04112*E13833*20200109*2359*151*X*005010X221A1~ST*835*000000002~BPR*I*1111.3*C*ACH*CCP*01*081517693*DA*152302017586*1205296137**01*102000076*DA*2838835219*20200110~TRN*1*890113455*1205296137~REF*EV*E13833~DTM*405*20200109~N1*PR*NOVITAS SOLUTIONS, INC.~N3*PO BOX 3109~N4*MECHANICSBURG*PA*170551825~REF*2U*04112~PER*CX**TE*8552528782~PER*BL*NOVITAS SOLUTIONS, INC. EDI SERVICES*TE*8552528782*EX*1*EM*WEBSITEEDI@NOVITAS-SOLUTIONS.COM~PER*IC**UR*WWW.NOVITAS-SOLUTIONS.COM~N1*PE*SPANISH PEAKS NEW ALTERNATIV*XX*1508250911~N3*ATTN  BILLING*41 MONTEBELLO ROAD STE 116~N4*PUEBLO*CO*810011366~REF*TJ*841158933~LX*1~CLP*000100026800*19*134*87.32*22.28*MB*0219361027150*11*1~NM1*QC*1*AVILA*ROBERT*A***MI*3UP6QW1DX68~NM1*82*1******XX*1447291851~NM1*TT*2*COLORADO DEPT OF HEALTH-MEDICAID*****PI*70037~MOA***MA01*MA07~REF*EA*769107135D114847869175FEED470146~DTM*050*20191227~SVC*HC:99214*134*87.32**1~DTM*472*20191216~CAS*CO*45*22.62**253*1.78~CAS*PR*2*22.28~REF*LU*11~REF*6R*CPOHEWL2Z6U2~AMT*B6*111.38~CLP*000100025971*1*145*99.5**MB*0219361027160*11*1~NM1*QC*1*BACA*FLORA*J***MI*2EK9AG1AD58~NM1*82*1******XX*1659521045~MOA***MA01~REF*EA*C5957DDA427A4F6D8F5177AC1B2F0E7E~DTM*050*20191227~SVC*HC:G0439*145*99.5**1~DTM*472*20191202~CAS*CO*45*43.47**253*2.03~REF*LU*11~REF*6R*CPOH6GEYH2D0~AMT*B6*101.53~CLP*000100026818*19*35*17.27*4.4*MB*0219361027100*11*1~NM1*QC*1*BERKSTRESSER*MELINDA*J***MI*571681776A~NM1*82*1******XX*1447291851~NM1*TT*2*COLORADO DEPT OF HEALTH-MEDICAID*****PI*70037~MOA***MA01*MA07~REF*EA*44C1ED72D8FC450CA28C56B5BB57D699~DTM*050*20191227~SVC*HC:69209:50*35*17.27**1~DTM*472*20191216~CAS*CO*45*12.98**253*0.35~CAS*PR*2*4.4~REF*LU*11~REF*6R*CPOHWA7R6XO8~AMT*B6*22.02~LQ*HE*N782~CLP*000100026792*19*194*94.05*45.69*MB*0219361027050*11*1~NM1*QC*1*HOBBS*LESLYE*M***MI*6UA7CJ9NJ36~NM1*82*1******XX*1659521045~NM1*TT*2*COLORADO DEPT OF HEALTH-MEDICAID*****PI*70037~MOA***MA01*MA07~REF*EA*5BE6200BF99E45AC996E54E26EF8BC03~DTM*050*20191227~SVC*HC:99214:25*134*54.12**1~DTM*472*20191216~CAS*CO*45*39.33**253*1.1~CAS*PR*1*25.64**2*13.81~REF*LU*11~REF*6R*CPOHFPR3QIVS~AMT*B6*94.67~SVC*HC:G0444*20*15.49**1~DTM*472*20191216~CAS*CO*45*4.19**253*0.32~REF*LU*11~REF*6R*CPOHFK99EPMT~AMT*B6*15.81~SVC*HC:G0396*40*24.44**1~DTM*472*20191216~CAS*CO*45*8.82**253*0.5~CAS*PR*2*6.24~REF*LU*11~REF*6R*CPOH70EQX3O6~AMT*B6*31.18~CLP*000100022776*19*195*15.49*97.77*MB*0219361027140*11*1~NM1*QC*1*IRWIN*MARK****MI*5CW2D51PY25~NM1*82*1******XX*1396971230~NM1*TT*2*COLORADO DEPT OF HEALTH-MEDICAID*****PI*70037~MOA***MA01*MA07~REF*EA*FDE17E5CC32941F3A8C3B997A9580C06~DTM*050*20191227~SVC*HC:99202:25*135*0**1~DTM*472*20190925~CAS*CO*45*68.41~CAS*PR*1*66.59~REF*LU*11~REF*6R*CPOHGCRUGQMN~AMT*B6*66.59~LQ*HE*N781~SVC*HC:G0444*20*15.49**1~DTM*472*20190925~CAS*CO*45*4.19**253*0.32~REF*LU*11~REF*6R*CPOHDJ0LC2UP~AMT*B6*15.81~SVC*HC:G0396*40*0**1~DTM*472*20190925~CAS*CO*45*8.82~CAS*PR*1*31.18~REF*LU*11~REF*6R*CPOHIFDGDCLX~AMT*B6*31.18~LQ*HE*N781~CLP*000100026808*19*134*87.32*22.28*MB*0219361027090*11*1~NM1*QC*1*LANDIS*NORMA*J***MI*7TE3DE2RU17~NM1*82*1******XX*1447291851~NM1*TT*2*CHAMPVA-VA HEALTH ADMIN CTR*****PI*80214~MOA***MA01*MA18~REF*EA*EFC8D4D5094C4B1A84C943A2C814561F~DTM*050*20191227~SVC*HC:99214*134*87.32**1~DTM*472*20191216~CAS*CO*45*22.62**253*1.78~CAS*PR*2*22.28~REF*LU*11~REF*6R*CPOHS9YWH4OG~AMT*B6*111.38~CLP*000100026739*19*209*107.27*25.17*MB*0219361027030*11*1~NM1*QC*1*MARTINEZ*VANESSA*M***MI*523160329C3~NM1*82*1******XX*1215134705~NM1*TT*2*COLORADO DEPT OF HEALTH-MEDICAID*****PI*70037~MOA***MA01*MA07~REF*EA*65AD2706BDBF414DB46B37B9B1F28305~DTM*050*20191227~SVC*HC:99214:25*134*74.35**1~DTM*472*20191213~CAS*CO*45*39.33**253*1.52**144*-0.13~CAS*PR*2*18.93~REF*LU*11~REF*6R*CPOHQFPBPBIB~AMT*B6*94.67~LQ*HE*N807~LQ*HE*N782~SVC*HC:G0396*40*24.48**1~DTM*472*20191213~CAS*CO*45*8.82**253*0.5**144*-0.04~CAS*PR*2*6.24~REF*LU*11~REF*6R*CPOH6HSH2G9W~AMT*B6*31.18~LQ*HE*N807~LQ*HE*N782~SVC*HC:G0444*20*0****1~DTM*472*20191213~CAS*CO*119*20~REF*LU*11~REF*6R*CPOHUND1KTAD~REF*0K*210.9~LQ*HE*M25~LQ*HE*N362~SVC*HC:81025*15*8.44**1~DTM*472*20191213~CAS*CO*45*6.39**253*0.17~REF*LU*11~REF*6R*CPOHP2GCULLH~AMT*B6*8.61~CLP*000100026672*19*237.15*186.35*3.5*MB*0219361027060*11*1~NM1*QC*1*MURPHY*JAMES*P***MI*9DH1U42AP36~NM1*82*1******XX*1447291851~NM1*TT*2*COLORADO DEPT OF HEALTH-MEDICAID*****PI*70037~MOA***MA01*MA07~REF*EA*2BA28657E54E48A0964D99F82ED13E28~DTM*050*20191227~SVC*HC:G0438*214*172.61**1~DTM*472*20191212~CAS*CO*45*37.87**253*3.52~REF*LU*11~REF*6R*CPOH4VFK27BQ~AMT*B6*176.13~SVC*HC:93000*23.15*13.74**1~DTM*472*20191212~CAS*CO*45*5.63**253*0.28~CAS*PR*2*3.5~REF*LU*11~REF*6R*CPOHJTDIEY60~AMT*B6*17.52~LQ*HE*N782~CLP*000100026595*19*265*152.2*34.88*MB*0219361027120*11*1~NM1*QC*1*PEREY*LOUIS****MI*3TW2NV7YJ13~NM1*82*1******XX*1396971230~NM1*TT*2*COLORADO DEPT OF HEALTH-MEDICAID*****PI*70037~MOA***MA01*MA07~REF*EA*BFEB6FC6DF844AA29CBFE176BD07730D~DTM*050*20191227~SVC*HC:99204:25*205*112.27**1~DTM*472*20191211~CAS*CO*45*61.8**253*2.29~CAS*PR*2*28.64~REF*LU*11~REF*6R*CPOHGV1M6WH5~AMT*B6*143.2~SVC*HC:G0444*20*15.49**1~DTM*472*20191211~CAS*CO*45*4.19**253*0.32~REF*LU*11~REF*6R*CPOHXV1GVFR3~AMT*B6*15.81~SVC*HC:G0396*40*24.44**1~DTM*472*20191211~CAS*CO*45*8.82**253*0.5~CAS*PR*2*6.24~REF*LU*11~REF*6R*CPOHY97SZI5E~AMT*B6*31.18~CLP*000100027028*19*194*116.07*29.62*MB*0219361027070*11*1~NM1*QC*1*SANCHEZ*JOSEPH*A***MI*524083275A~NM1*82*1******XX*1447291851~NM1*TT*2*COLORADO DEPT OF HEALTH-MEDICAID*****PI*70037~MOA***MA01*MA07~REF*EA*F40BD10261B94485BB4470B384FD0E62~DTM*050*20191227~SVC*HC:99214:25*134*87.32**1~DTM*472*20191219~CAS*CO*45*22.62**253*1.78~CAS*PR*2*22.28~REF*LU*11~REF*6R*CPOHX8PMLDUW~AMT*B6*111.38~SVC*HC:G0444*20*0****1~DTM*472*20191219~CAS*CO*119*20~REF*LU*11~REF*6R*CPOHPBKW8Y50~REF*0K*210.9~LQ*HE*M25~LQ*HE*N362~SVC*HC:G0396*40*28.75**1~DTM*472*20191219~CAS*CO*45*3.32**253*0.59~CAS*PR*2*7.34~REF*LU*11~REF*6R*CPOHDCBFDB22~AMT*B6*36.68~CLP*000100026819*19*134*74.23*18.93*MB*0219361027110*11*1~NM1*QC*1*SHARP*LLOYD*R***MI*508601977A~NM1*82*1******XX*1659521045~NM1*TT*2*MUTUAL OF OMAHA INSURANCE COMP*****PI*30090~MOA***MA01*MA18~REF*EA*D3AE78543223420FB0678728A1601141~DTM*050*20191227~SVC*HC:99214*134*74.23**1~DTM*472*20191216~CAS*CO*45*39.33**253*1.51~CAS*PR*2*18.93~REF*LU*11~REF*6R*CPOHHPRSBBNZ~AMT*B6*94.67~CLP*000100026741*19*134*74.23*18.93*MB*0219361027080*11*1~NM1*QC*1*SHEPARDSON*JULIA****MI*1DK8N73VU32~NM1*82*1******XX*1366419582~NM1*TT*2*PEHP*****PI*00501~MOA***MA01*MA18~REF*EA*CF0CA6D22A9E495F9F161864B30E086F~DTM*050*20191227~SVC*HC:99214*134*74.23**1~DTM*472*20191213~CAS*CO*45*39.33**253*1.51~CAS*PR*2*18.93~REF*LU*11~REF*6R*CPOHJ2D4T83S~AMT*B6*94.67~SE*273*000000002~GE*1*151~IEA*1*000900151~