ISA*00*          *00*          *ZZ*04112          *29*E13833         *200121*2359*^*00501*002100164*0*P*:~GS*HP*04112*E13833*20200121*2359*164*X*005010X221A1~ST*835*000000002~BPR*I*687.55*C*ACH*CCP*01*081517693*DA*152302017586*1205296137**01*102000076*DA*2838835219*20200122~TRN*1*890135552*1205296137~REF*EV*E13833~DTM*405*20200121~N1*PR*NOVITAS SOLUTIONS, INC.~N3*PO BOX 3109~N4*MECHANICSBURG*PA*170551825~REF*2U*04112~PER*CX**TE*8552528782~PER*BL*NOVITAS SOLUTIONS, INC. EDI SERVICES*TE*8552528782*EX*1*EM*WEBSITEEDI@NOVITAS-SOLUTIONS.COM~N1*PE*SPANISH PEAKS NEW ALTERNATIV*XX*1508250911~N3*ATTN  BILLING*41 MONTEBELLO ROAD STE 116~N4*PUEBLO*CO*810011366~REF*TJ*841158933~LX*1~CLP*000100027299*1*90*50.71*12.94*MB*0220008220370*11*1~NM1*QC*1*AMORIN*RUTH****MI*9A87JN9PW54~NM1*82*1******XX*1164974580~MOA***MA01~REF*EA*3F3811DEBB1A4351BF86B67ED78CA767~DTM*050*20200108~SVC*HC:99213*90*50.71**1~DTM*472*20191227~CAS*CO*45*25.31**253*1.04~CAS*PR*2*12.94~REF*LU*11~REF*6R*CPK2Q6BWTZ16~AMT*B6*64.69~CLP*000100027267*19*134*74.23*18.93*MB*0220008220350*11*1~NM1*QC*1*ENCINA*MARTHA****MI*6WG4ED4KE07~NM1*82*1******XX*1366419582~NM1*TT*2*COLORADO DEPT OF HEALTH-MEDICAID*****PI*70037~MOA***MA01*MA07~REF*EA*AFC1BCE4469D414D9645F248A36AAB2B~DTM*050*20200108~SVC*HC:99214*134*74.23**1~DTM*472*20191227~CAS*CO*45*39.33**253*1.51~CAS*PR*2*18.93~REF*LU*11~REF*6R*CPK2F2D8V7TM~AMT*B6*94.67~CLP*000100027306*19*54*30.87*7.87*MB*0220008220380*11*1~NM1*QC*1*FENWICK*SUSAN*A***MI*2R81VF1PJ24~NM1*82*1******XX*1396971230~NM1*TT*2*COLORADO DEPT OF HEALTH-MEDICAID*****PI*70037~MOA***MA01*MA07~REF*EA*17CC38C890404BECBB5F7A58136887B7~DTM*050*20200108~SVC*HC:99212*54*30.87**1~DTM*472*20191227~CAS*CO*45*14.63**253*0.63~CAS*PR*2*7.87~REF*LU*11~REF*6R*CPK2Y06GAV26~AMT*B6*39.37~LQ*HE*N782~CLP*000100027229*1*134*74.35*18.93*MB*0220008220310*11*1~NM1*QC*1*FISHER*RONNI*J***MI*2YR4YT6HV78~NM1*82*1******XX*1215134705~MOA***MA01~REF*EA*37D052E57C354E9DBADC2AE5DA7FC85C~DTM*050*20200108~SVC*HC:99214*134*74.35**1~DTM*472*20191226~CAS*CO*45*39.33**253*1.52**144*-0.13~CAS*PR*2*18.93~REF*LU*11~REF*6R*CPK2JIQVC9T4~AMT*B6*94.67~LQ*HE*N807~CLP*000100027225*19*90*50.71*12.94*MB*0220008220390*11*1~NM1*QC*1*GALLEGOS*PHILLIP*A***MI*5UT1H34YC34~NM1*82*1******XX*1164974580~NM1*TT*2*COLORADO DEPT OF HEALTH-MEDICAID*****PI*70037~MOA***MA01*MA07~REF*EA*7FE559C74C494E85930F386606053F2D~DTM*050*20200108~SVC*HC:99213*90*50.71**1~DTM*472*20191226~CAS*CO*45*25.31**253*1.04~CAS*PR*2*12.94~REF*LU*11~REF*6R*CPK2JNWTYV7R~AMT*B6*64.69~LQ*HE*N782~CLP*000100027062*19*145*117.06**MB*0220008220320*11*1~NM1*QC*1*HOSE*AHMED*B***MI*3DE1FR0CU17~NM1*82*1******XX*1447291851~NM1*TT*2*LOYAL AMERICAN LIFE INSURANCE CO*****PI*30054~MOA***MA01*MA18~REF*EA*4040313420024F3182C519DE15BA94AE~DTM*050*20200108~SVC*HC:G0439*145*117.06**1~DTM*472*20191219~CAS*CO*45*25.55**253*2.39~REF*LU*11~REF*6R*CPK2Y1CYGJVV~AMT*B6*119.45~CLP*000100027318*1*134*74.23*18.93*MB*0220008220400*11*1~NM1*QC*1*JANUARY*KEVIN****MI*7J01R50RK17~NM1*82*1******XX*1366419582~MOA***MA01~REF*EA*03DE3B2005594AFD98EECB830884D7A6~DTM*050*20200108~SVC*HC:99214*134*74.23**1~DTM*472*20191227~CAS*CO*45*39.33**253*1.51~CAS*PR*2*18.93~REF*LU*11~REF*6R*CPK2UOW9A1I0~AMT*B6*94.67~CLP*000100027070*19*90*50.71*12.94*MB*0220008220330*11*1~NM1*QC*1*LOPEZ*JOSE****MI*4A42N15AA93~NM1*82*1******XX*1164974580~NM1*TT*2*COLORADO DEPT OF HEALTH-MEDICAID*****PI*70037~MOA***MA01*MA07~REF*EA*CB0A4E82E8D0402581D123416BB5EBDB~DTM*050*20200108~SVC*HC:99213*90*50.71**1~DTM*472*20191219~CAS*CO*45*25.31**253*1.04~CAS*PR*2*12.94~REF*LU*11~REF*6R*CPK2GC69TTEF~AMT*B6*64.69~LQ*HE*N782~CLP*000100026888*1*205*113.97*25.13*MB*0220008220340*11*1~NM1*QC*1*MOYA*DERIK*S***MI*3FY9EG6TG53~NM1*82*1******XX*1396971230~MOA***MA01~REF*EA*B1B61F6E3F6C48C686F6EAC01FB757BE~DTM*050*20200108~SVC*HC:99203:25*145*74.04**1~DTM*472*20191217~CAS*CO*45*50.56**253*1.51~CAS*PR*2*18.89~REF*LU*11~REF*6R*CPK2PLI5PQ0K~AMT*B6*94.44~SVC*HC:G0444*20*15.49**1~DTM*472*20191217~CAS*CO*45*4.19**253*0.32~REF*LU*11~REF*6R*CPK23MVYZBB7~AMT*B6*15.81~SVC*HC:G0396*40*24.44**1~DTM*472*20191217~CAS*CO*45*8.82**253*0.5~CAS*PR*2*6.24~REF*LU*11~REF*6R*CPK2KPBZ38B3~AMT*B6*31.18~CLP*000100027224*19*90*50.71*12.94*MB*0220008220360*11*1~NM1*QC*1*RUDNIK*DOROTHY*L***MI*4TT1VV0YN13~NM1*82*1******XX*1164974580~NM1*TT*2*COLONIAL PENN LIFE INSURANCE CO*****PI*30326~MOA***MA01*MA18~REF*EA*45A31B09FC974C00AC37CE406A44AB1E~DTM*050*20200108~SVC*HC:99213*90*50.71**1~DTM*472*20191226~CAS*CO*45*25.31**253*1.04~CAS*PR*2*12.94~REF*LU*11~REF*6R*CPK2RQ3TEICB~AMT*B6*64.69~SE*169*000000002~GE*1*164~IEA*1*002100164~