ISA*00*          *00*          *ZZ*04112          *29*E13833         *200129*2359*^*00501*002900162*0*P*:~GS*HP*04112*E13833*20200129*2359*162*X*005010X221A1~ST*835*000000002~BPR*I*31.24*C*ACH*CCP*01*081517693*DA*152302017586*1205296137**01*102000076*DA*2838835219*20200130~TRN*1*890155520*1205296137~REF*EV*E13833~DTM*405*20200129~N1*PR*NOVITAS SOLUTIONS, INC.~N3*PO BOX 3109~N4*MECHANICSBURG*PA*170551825~REF*2U*04112~PER*CX**TE*8552528782~PER*BL*NOVITAS SOLUTIONS, INC. EDI SERVICES*TE*8552528782*EX*1*EM*WEBSITEEDI@NOVITAS-SOLUTIONS.COM~N1*PE*SPANISH PEAKS NEW ALTERNATIV*XX*1508250911~N3*ATTN  BILLING*41 MONTEBELLO ROAD STE 116~N4*PUEBLO*CO*810011366~REF*TJ*841158933~LX*1~CLP*000100027568*19*195*15.62*97.99*MB*0220016024500*11*1~NM1*QC*1*GRIEGO*ALYSIA****MI*5H04YE6YY60~NM1*82*1******XX*1396971230~NM1*TT*2*COLORADO DEPT OF HEALTH-MEDICAID*****PI*70037~MOA***MA01*MA07~REF*EA*FB1D4CE512474EDF82EC417999615DA2~DTM*050*20200116~SVC*HC:99202:25*135*0**1~DTM*472*20200103~CAS*CO*45*68.48~CAS*PR*1*66.52~REF*LU*11~REF*6R*CPLQPAB56TE4~AMT*B6*66.52~SVC*HC:G0444*20*15.62**1~DTM*472*20200103~CAS*CO*45*4.06**253*0.32~REF*LU*11~REF*6R*CPLQD2A3DIBO~AMT*B6*15.94~SVC*HC:G0396*40*0**1~DTM*472*20200103~CAS*CO*45*8.53~CAS*PR*1*31.47~REF*LU*11~REF*6R*CPLQ296TS9Z7~AMT*B6*31.47~CLP*000100027656*1*194*15.62*126.48*MB*0220016024520*11*1~NM1*QC*1*POWELL*CHRISTINE*L***MI*3X25KY0RE93~NM1*82*1******XX*1659521045~MOA***MA01~REF*EA*1FD0B8A67D88425EA95299C66D3B81D2~DTM*050*20200116~SVC*HC:99214:25*134*0**1~DTM*472*20200106~CAS*CO*45*38.99~CAS*PR*1*95.01~REF*LU*11~REF*6R*CPLQ37GF26YC~AMT*B6*95.01~SVC*HC:G0444*20*15.62**1~DTM*472*20200106~CAS*CO*45*4.06**253*0.32~REF*LU*11~REF*6R*CPLQXJRB9Z9M~AMT*B6*15.94~SVC*HC:G0396*40*0**1~DTM*472*20200106~CAS*CO*45*8.53~CAS*PR*1*31.47~REF*LU*11~REF*6R*CPLQPINU6KG3~AMT*B6*31.47~SE*70*000000002~GE*1*162~IEA*1*002900162~