ISA*00*          *00*          *ZZ*04112          *29*E13833         *200127*2359*^*00501*002700163*0*P*:~GS*HP*04112*E13833*20200127*2359*163*X*005010X221A1~ST*835*000000002~BPR*I*50.71*C*ACH*CCP*01*081517693*DA*152302017586*1205296137**01*102000076*DA*2838835219*20200128~TRN*1*890147741*1205296137~REF*EV*E13833~DTM*405*20200127~N1*PR*NOVITAS SOLUTIONS, INC.~N3*PO BOX 3109~N4*MECHANICSBURG*PA*170551825~REF*2U*04112~PER*CX**TE*8552528782~PER*BL*NOVITAS SOLUTIONS, INC. EDI SERVICES*TE*8552528782*EX*1*EM*WEBSITEEDI@NOVITAS-SOLUTIONS.COM~N1*PE*SPANISH PEAKS NEW ALTERNATIV*XX*1508250911~N3*ATTN  BILLING*41 MONTEBELLO ROAD STE 116~N4*PUEBLO*CO*810011366~REF*TJ*841158933~LX*1~CLP*000100027364*19*90*50.71*12.94*MB*0220014002210*11*1~NM1*QC*1*LANDIS*NORMA*J***MI*7TE3DE2RU17~NM1*82*1******XX*1366419582~NM1*TT*2*CHAMPVA-VA HEALTH ADMIN CTR*****PI*80214~MOA***MA01*MA18~REF*EA*2CB14FA0776949D78131FF628A98FF57~DTM*050*20200114~SVC*HC:99213*90*50.71**1~DTM*472*20191230~CAS*CO*45*25.31**253*1.04~CAS*PR*2*12.94~REF*LU*11~REF*6R*CPL6O8N76FLC~AMT*B6*64.69~SE*31*000000002~GE*1*163~IEA*1*002700163~