ISA*00*          *00*          *ZZ*04112          *29*E13833         *200204*2359*^*00501*003500149*0*P*:~GS*HP*04112*E13833*20200204*2359*149*X*005010X221A1~ST*835*000000002~BPR*I*268.93*C*ACH*CCP*01*081517693*DA*152302017586*1205296137**01*102000076*DA*2838835219*20200205~TRN*1*890172273*1205296137~REF*EV*E13833~DTM*405*20200204~N1*PR*NOVITAS SOLUTIONS, INC.~N3*PO BOX 3109~N4*MECHANICSBURG*PA*170551825~REF*2U*04112~PER*CX**TE*8552528782~PER*BL*NOVITAS SOLUTIONS, INC. EDI SERVICES*TE*8552528782*EX*1*EM*WEBSITEEDI@NOVITAS-SOLUTIONS.COM~N1*PE*SPANISH PEAKS NEW ALTERNATIV*XX*1508250911~N3*ATTN  BILLING*41 MONTEBELLO ROAD STE 116~N4*PUEBLO*CO*810011366~REF*TJ*841158933~LX*1~CLP*000100023040*19*90*50.71*12.94*MB*0220022006080*11*1~NM1*QC*1*CANNON*RICHARD****MI*1CR9DG5JV00~NM1*82*1******XX*1659521045~NM1*TT*2*COLORADO DEPT OF HEALTH-MEDICAID*****PI*70037~MOA***MA01*MA07~REF*EA*918E4C8005B84FACA03BA9A324ECCB6A~DTM*050*20200122~SVC*HC:99213*90*50.71**1~DTM*472*20191001~CAS*CO*45*25.31**253*1.04~CAS*PR*2*12.94~REF*LU*11~REF*6R*CPMM7PGU6HNR~AMT*B6*64.69~LQ*HE*N782~CLP*000100024195*1*212*143.87**MB*0220022006090*11*1~NM1*QC*1*CANNON*RICHARD****MI*1CR9DG5JV00~NM1*82*1******XX*1659521045~MOA***MA01~REF*EA*0F949D82D0C0486F9480B8D954402FFE~DTM*050*20200122~SVC*HC:G0439*145*99.5**1~DTM*472*20191024~CAS*CO*45*43.47**253*2.03~REF*LU*11~REF*6R*CPMMYYH737N6~AMT*B6*101.53~SVC*HC:G0008*32*16.8**1~DTM*472*20191024~CAS*CO*45*14.86**253*0.34~REF*LU*11~REF*6R*CPMMZVBKKL72~AMT*B6*17.14~SVC*HC:90674*35*27.57**1~DTM*472*20191024~CAS*CO*45*6.87**253*0.56~REF*LU*11~REF*6R*CPMMMM42QRD2~AMT*B6*28.13~CLP*000100023089*19*134*74.35*18.93*MB*0220022006060*11*1~NM1*QC*1*FISHER*RONNI*J***MI*2YR4YT6HV78~NM1*82*1******XX*1215134705~NM1*TT*2*COLORADO DEPT OF HEALTH-MEDICAID*****PI*70037~MOA***MA01*MA07~REF*EA*407A8FFB745041D5B9B3BE68291EDABF~DTM*050*20200122~SVC*HC:99214*134*74.35**1~DTM*472*20191002~CAS*CO*45*39.33**253*1.52**144*-0.13~CAS*PR*2*18.93~REF*LU*11~REF*6R*CPMMNATB0HLN~AMT*B6*94.67~LQ*HE*N807~SE*71*000000002~GE*1*149~IEA*1*003500149~