ISA*00*          *00*          *ZZ*04112          *29*E13833         *200102*2359*^*00501*000200148*0*P*:~GS*HP*04112*E13833*20200102*2359*148*X*005010X221A1~ST*835*000000001~BPR*I*677.48*C*ACH*CCP*01*081517693*DA*152302017586*1205296137**01*102000076*DA*2838835219*20200103~TRN*1*890100885*1205296137~REF*EV*E13833~DTM*405*20200102~N1*PR*NOVITAS SOLUTIONS, INC.~N3*PO BOX 3109~N4*MECHANICSBURG*PA*170551825~REF*2U*04112~PER*CX**TE*8552528782~PER*BL*NOVITAS SOLUTIONS, INC. EDI SERVICES*TE*8552528782*EX*1*EM*WEBSITEEDI@NOVITAS-SOLUTIONS.COM~N1*PE*SPANISH PEAKS NEW ALTERNATIV*XX*1508250911~N3*ATTN  BILLING*41 MONTEBELLO ROAD STE 116~N4*PUEBLO*CO*810011366~REF*TJ*841158933~LX*1~CLP*000100025916*19*205*134.08*29.56*MB*0219354400510*11*1~NM1*QC*1*BARRETT*MICHAEL****MI*8CH8QW6EF58~NM1*82*1******XX*1447291851~NM1*TT*2*ANTHEM FEP COLORADO*****PI*80034~MOA***MA01*MA18~REF*EA*965E23464E9048968882011B2AE203F1~DTM*050*20191220~SVC*HC:99203:25*145*87.1**1~DTM*472*20191127~CAS*CO*45*33.9**253*1.78~CAS*PR*2*22.22~REF*LU*11~REF*6R*CPOTPDGNGOLU~AMT*B6*111.1~SVC*HC:G0444*20*18.23**1~DTM*472*20191127~CAS*CO*45*1.4**253*0.37~REF*LU*11~REF*6R*CPOTP57QVV1B~AMT*B6*18.6~SVC*HC:G0396*40*28.75**1~DTM*472*20191127~CAS*CO*45*3.32**253*0.59~CAS*PR*2*7.34~REF*LU*11~REF*6R*CPOTC8U98T2D~AMT*B6*36.68~CLP*000100026657*1*134*87.32*22.28*MB*0219354400570*11*1~NM1*QC*1*BOTELHO*DAWN*M***MI*5VV7XF2AE38~NM1*82*1******XX*1447291851~MOA***MA01~REF*EA*7989851325E24BDABA7BE0C11770D494~DTM*050*20191220~SVC*HC:99214*134*87.32**1~DTM*472*20191212~CAS*CO*45*22.62**253*1.78~CAS*PR*2*22.28~REF*LU*11~REF*6R*CPOTBMIXHUQB~AMT*B6*111.38~CLP*000100026616*1*90*50.71*12.94*MB*0219354400550*11*1~NM1*QC*1*CLEVELAND*TOM*W***MI*428945885A~NM1*82*1******XX*1164974580~MOA***MA01~REF*EA*DC6D34BCA18A4543A98F6C4E82FB003E~DTM*050*20191220~SVC*HC:99213*90*50.71**1~DTM*472*20191211~CAS*CO*45*25.31**253*1.04~CAS*PR*2*12.94~REF*LU*11~REF*6R*CPOTAVTW7QY4~AMT*B6*64.69~CLP*000100026610*19*54*30.87*7.87*MB*0219354400530*11*1~NM1*QC*1*DOYLE*JAMES****MI*5AJ9WW5XU21~NM1*82*1******XX*1164974580~NM1*TT*2*LOUISIANA MEDICAID*****PI*70034~MOA***MA01*MA07~REF*EA*E392AA60CE9D482CB3FF16A0CCDAC6BE~DTM*050*20191220~SVC*HC:99212*54*30.87**1~DTM*472*20191211~CAS*CO*45*14.63**253*0.63~CAS*PR*2*7.87~REF*LU*11~REF*6R*CPOT8UL5E7B7~AMT*B6*39.37~LQ*HE*N782~CLP*000100026698*19*54*36.32*9.26*MB*0219354400520*11*1~NM1*QC*1*FELLNER*CYNTHIA*D***MI*325725714A~NM1*82*1******XX*1447291851~NM1*TT*2*COLORADO DEPT OF HEALTH-MEDICAID*****PI*70037~MOA***MA01*MA07~REF*EA*7A478EF802E54694AF03B6E5AF66952A~DTM*050*20191220~SVC*HC:99212*54*36.32**1~DTM*472*20191212~CAS*CO*45*7.68**253*0.74~CAS*PR*2*9.26~REF*LU*11~REF*6R*CPOTMA0Q0K63~AMT*B6*46.32~CLP*000100026623*19*90*50.71*12.94*MB*0219354400540*11*1~NM1*QC*1*GARCIA*LONNIE****MI*522178994A~NM1*82*1******XX*1164974580~NM1*TT*2*COLORADO DEPT OF HEALTH-MEDICAID*****PI*70037~MOA***MA01*MA07~REF*EA*FB611DD056814056B0400D06AE3A9757~DTM*050*20191220~SVC*HC:99213*90*50.71**1~DTM*472*20191211~CAS*CO*45*25.31**253*1.04~CAS*PR*2*12.94~REF*LU*11~REF*6R*CPOTRP442ZES~AMT*B6*64.69~CLP*000100026681*19*134*74.23*18.93*MB*0219354400580*11*1~NM1*QC*1*KHALER*ALVIN*J***MI*3R78KQ0MD40~NM1*82*1******XX*1659521045~NM1*TT*2*COLORADO DEPT OF HEALTH-MEDICAID*****PI*70037~MOA***MA01*MA07~REF*EA*7944CA35EF594E58A29776C4DFD40539~DTM*050*20191220~SVC*HC:99214*134*74.23**1~DTM*472*20191212~CAS*CO*45*39.33**253*1.51~CAS*PR*2*18.93~REF*LU*11~REF*6R*CPOTBMW1IPLN~AMT*B6*94.67~CLP*000100026591*19*195*108.02*25.36*MB*0219354400490*11*1~NM1*QC*1*VALDEZ MARTIN*SONIA****MI*523024071A~NM1*82*1******XX*1215134705~NM1*TT*2*COLORADO DEPT OF HEALTH-MEDICAID*****PI*70037~MOA***MA01*MA07~REF*EA*BDC64089DCA54B3F9C62D86C2D33ADAE~DTM*050*20191220~SVC*HC:99215:25*180*99.58**1~DTM*472*20191211~CAS*CO*45*53.2**253*2.03**144*-0.17~CAS*PR*2*25.36~REF*LU*11~REF*6R*CPOT5W3KLB5Q~AMT*B6*126.8~LQ*HE*N807~SVC*HC:81025*15*8.44**1~DTM*472*20191211~CAS*CO*45*6.39**253*0.17~REF*LU*11~REF*6R*CPOT58H4FPL9~AMT*B6*8.61~CLP*000100026643*19*134*74.35*18.93*MB*0219354400500*11*1~NM1*QC*1*VALDEZ MARTIN*SONIA****MI*523024071A~NM1*82*1******XX*1215134705~NM1*TT*2*COLORADO DEPT OF HEALTH-MEDICAID*****PI*70037~MOA***MA01*MA07~REF*EA*D3788EB3F35B413E9308DC797CBA45D9~DTM*050*20191220~SVC*HC:99214*134*74.35**1~DTM*472*20191212~CAS*CO*45*39.33**253*1.52**144*-0.13~CAS*PR*2*18.93~REF*LU*11~REF*6R*CPOTTQ0FVRI2~AMT*B6*94.67~LQ*HE*N807~CLP*000100026646*19*54*30.87*7.87*MB*0219354400560*11*1~NM1*QC*1*WITHAAR*CHARLES*D***MI*476044188A~NM1*82*1******XX*1164974580~NM1*TT*2*COLORADO DEPT OF HEALTH-MEDICAID*****PI*70037~MOA***MA01*MA07~REF*EA*104C37FBCC154ED58EA359B79B7CDC1B~DTM*050*20191220~SVC*HC:99212*54*30.87**1~DTM*472*20191212~CAS*CO*45*14.63**253*0.63~CAS*PR*2*7.87~REF*LU*11~REF*6R*CPOTQIG8WG31~AMT*B6*39.37~SE*177*000000001~GE*1*148~IEA*1*000200148~