ISA*00*          *00*          *ZZ*04112          *29*E13833         *200213*2359*^*00501*004400153*0*P*:~GS*HP*04112*E13833*20200213*2359*153*X*005010X221A1~ST*835*000000002~BPR*I*212.95*C*ACH*CCP*01*081517693*DA*152302017586*1205296137**01*102000076*DA*2838835219*20200214~TRN*1*890198539*1205296137~REF*EV*E13833~DTM*405*20200213~N1*PR*NOVITAS SOLUTIONS, INC.~N3*PO BOX 3109~N4*MECHANICSBURG*PA*170551825~REF*2U*04112~PER*CX**TE*8552528782~PER*BL*NOVITAS SOLUTIONS, INC. EDI SERVICES*TE*8552528782*EX*1*EM*WEBSITEEDI@NOVITAS-SOLUTIONS.COM~N1*PE*SPANISH PEAKS NEW ALTERNATIV*XX*1508250911~N3*ATTN  BILLING*41 MONTEBELLO ROAD STE 116~N4*PUEBLO*CO*810011366~REF*TJ*841158933~LX*1~CLP*000100023078*1*315*212.95*49.68*MB*0220031006700*11*1~NM1*QC*1*SMITHLING*TIMOTHY****MI*6M08W43QN59~NM1*82*1******XX*1447291851~MOA***MA01~REF*EA*46BA83E79E3E44C9B77FECDC58BC01E7~DTM*050*20200131~SVC*HC:99205:25*255*165.97**1~DTM*472*20191002~CAS*CO*45*43.3**253*3.39~CAS*PR*2*42.34~REF*LU*11~REF*6R*CP2X98VS3Q6I~AMT*B6*211.7~SVC*HC:G0444*20*18.23**1~DTM*472*20191002~CAS*CO*45*1.4**253*0.37~REF*LU*11~REF*6R*CP2X4VNYNS0Y~AMT*B6*18.6~SVC*HC:G0396*40*28.75**1~DTM*472*20191002~CAS*CO*45*3.32**253*0.59~CAS*PR*2*7.34~REF*LU*11~REF*6R*CP2X69HA5TYM~AMT*B6*36.68~SE*43*000000002~GE*1*153~IEA*1*004400153~