ISA*00*          *00*          *ZZ*04112          *29*E13833         *200123*2359*^*00501*002300152*0*P*:~GS*HP*04112*E13833*20200123*2359*152*X*005010X221A1~ST*835*000000003~BPR*I*181.01*C*ACH*CCP*01*081517693*DA*152302017586*1205296137**01*102000076*DA*2838835219*20200124~TRN*1*890141199*1205296137~REF*EV*E13833~DTM*405*20200123~N1*PR*NOVITAS SOLUTIONS, INC.~N3*PO BOX 3109~N4*MECHANICSBURG*PA*170551825~REF*2U*04112~PER*CX**TE*8552528782~PER*BL*NOVITAS SOLUTIONS, INC. EDI SERVICES*TE*8552528782*EX*1*EM*WEBSITEEDI@NOVITAS-SOLUTIONS.COM~N1*PE*SPANISH PEAKS NEW ALTERNATIV*XX*1508250911~N3*ATTN  BILLING*41 MONTEBELLO ROAD STE 116~N4*PUEBLO*CO*810011366~REF*TJ*841158933~LX*1~CLP*000100027268*19*315*181.01*42.23*MB*0220010001890*11*1~NM1*QC*1*ZAMORA*KATHERINE****MI*1XA0DN2TU44~NM1*82*1******XX*1366419582~NM1*TT*2*COLORADO DEPT OF HEALTH-MEDICAID*****PI*70037~MOA***MA01*MA07~REF*EA*4908258757C241E6905E9FA7AB0708C5~DTM*050*20200110~SVC*HC:99205:25*255*141.08**1~DTM*472*20191227~CAS*CO*45*75.05**253*2.88~CAS*PR*2*35.99~REF*LU*11~REF*6R*CPKUTKWVPNH8~AMT*B6*179.95~LQ*HE*N782~SVC*HC:G0444*20*15.49**1~DTM*472*20191227~CAS*CO*45*4.19**253*0.32~REF*LU*11~REF*6R*CPKUP211AZI8~AMT*B6*15.81~SVC*HC:G0396*40*24.44**1~DTM*472*20191227~CAS*CO*45*8.82**253*0.5~CAS*PR*2*6.24~REF*LU*11~REF*6R*CPKUBNN2WQ1H~AMT*B6*31.18~LQ*HE*N782~SE*46*000000003~GE*1*152~IEA*1*002300152~