ISA*00*          *00*          *ZZ*04112          *29*E13833         *200115*2359*^*00501*001500144*0*P*:~GS*HP*04112*E13833*20200115*2359*144*X*005010X221A1~ST*835*000000003~BPR*I*1467.27*C*ACH*CCP*01*081517693*DA*152302017586*1205296137**01*102000076*DA*2838835219*20200116~TRN*1*890125410*1205296137~REF*EV*E13833~DTM*405*20200115~N1*PR*NOVITAS SOLUTIONS, INC.~N3*PO BOX 3109~N4*MECHANICSBURG*PA*170551825~REF*2U*04112~PER*CX**TE*8552528782~PER*BL*NOVITAS SOLUTIONS, INC. EDI SERVICES*TE*8552528782*EX*1*EM*WEBSITEEDI@NOVITAS-SOLUTIONS.COM~N1*PE*SPANISH PEAKS NEW ALTERNATIV*XX*1508250911~N3*ATTN  BILLING*41 MONTEBELLO ROAD STE 116~N4*PUEBLO*CO*810011366~REF*TJ*841158933~LX*1~CLP*000100026938*19*134*74.23*18.93*MB*0220002150150*11*1~NM1*QC*1*ACOSTA*ROSALINA****MI*1R70JF8DM15~NM1*82*1******XX*1366419582~NM1*TT*2*COLORADO DEPT OF HEALTH-MEDICAID*****PI*70037~MOA***MA01*MA07~REF*EA*5513680983684CBCA1C57043E5735EEB~DTM*050*20200102~SVC*HC:99214*134*74.23**1~DTM*472*20191218~CAS*CO*45*39.33**253*1.51~CAS*PR*2*18.93~REF*LU*11~REF*6R*CPKMJGWT2GBD~AMT*B6*94.67~LQ*HE*N782~CLP*000100026916*1*270.15*175.06*33.34*MB*0220002150170*11*1~NM1*QC*1*BRYANT*LAURIE*D***MI*6U99DH7GE41~NM1*82*1******XX*1447291851~MOA***MA01~REF*EA*1CC34274EA444CB8B6C088E22E317B54~DTM*050*20200102~SVC*HC:99215:25*180*116.95**1~DTM*472*20191218~CAS*CO*45*30.82**253*2.39~CAS*PR*2*29.84~REF*LU*11~REF*6R*CPKMPOW2E0MK~AMT*B6*149.18~SVC*HC:93000*23.15*13.74**1~DTM*472*20191218~CAS*CO*45*5.63**253*0.28~CAS*PR*2*3.5~REF*LU*11~REF*6R*CPKMNSGCKP21~AMT*B6*17.52~SVC*HC:G0008*32*16.8**1~DTM*472*20191218~CAS*CO*45*14.86**253*0.34~REF*LU*11~REF*6R*CPKM5G6N9T1I~AMT*B6*17.14~SVC*HC:90674*35*27.57**1~DTM*472*20191218~CAS*CO*45*6.87**253*0.56~REF*LU*11~REF*6R*CPKMLZB0SXA2~AMT*B6*28.13~CLP*000100026878*19*194*114.16*25.17*MB*0220002150180*11*1~NM1*QC*1*BUSTAMANTE*STELLA****MI*3W15Q04MW97~NM1*82*1******XX*1659521045~NM1*TT*2*MUTUAL OF OMAHA INSURANCE COMP*****PI*30090~MOA***MA01*MA18~REF*EA*D6AC88D5BF0A438C9A54A2B01063AAEB~DTM*050*20200102~SVC*HC:99214:25*134*74.23**1~DTM*472*20191217~CAS*CO*45*39.33**253*1.51~CAS*PR*2*18.93~REF*LU*11~REF*6R*CPKM6MBOSX5Z~AMT*B6*94.67~SVC*HC:G0444*20*15.49**1~DTM*472*20191217~CAS*CO*45*4.19**253*0.32~REF*LU*11~REF*6R*CPKMIOECRRZG~AMT*B6*15.81~SVC*HC:G0396*40*24.44**1~DTM*472*20191217~CAS*CO*45*8.82**253*0.5~CAS*PR*2*6.24~REF*LU*11~REF*6R*CPKMRXCZJZ13~AMT*B6*31.18~CLP*000100027067*19*134*87.32*22.28*MB*0220002382750*11*1~NM1*QC*1*CAMP*KAREN*N***MI*6MT2U56KQ95~NM1*82*1******XX*1447291851~NM1*TT*2*BCBS OF KANSAS*****PI*30062~MOA***MA01*MA18~REF*EA*F1339EF5D75D4338B45210515543D914~DTM*050*20200102~SVC*HC:99214*134*87.32**1~DTM*472*20191219~CAS*CO*45*22.62**253*1.78~CAS*PR*2*22.28~REF*LU*11~REF*6R*CPKESRPGYQ4Y~AMT*B6*111.38~CLP*000100026944*1*134*74.23*18.93*MB*0220002150190*11*1~NM1*QC*1*JANUARY*KEVIN****MI*7J01R50RK17~NM1*82*1******XX*1366419582~MOA***MA01~REF*EA*E9CC711E9C404485BA7984276E116C33~DTM*050*20200102~SVC*HC:99214*134*74.23**1~DTM*472*20191218~CAS*CO*45*39.33**253*1.51~CAS*PR*2*18.93~REF*LU*11~REF*6R*CPKMM9JLAGRC~AMT*B6*94.67~CLP*000100027175*19*134*74.23*18.93*MB*0220002382710*11*1~NM1*QC*1*LANDIS*NORMA*J***MI*7TE3DE2RU17~NM1*82*1******XX*1366419582~NM1*TT*2*CHAMPVA-VA HEALTH ADMIN CTR*****PI*80214~MOA***MA01*MA18~REF*EA*197A0C4814A34C9C9D7B519CDA97C832~DTM*050*20200102~SVC*HC:99214*134*74.23**1~DTM*472*20191223~CAS*CO*45*39.33**253*1.51~CAS*PR*2*18.93~REF*LU*11~REF*6R*CPKEJD9V8GCJ~AMT*B6*94.67~CLP*000100026517*19*134*74.23*18.93*MB*0220002382730*11*1~NM1*QC*1*MARRUFO*JOSEFINA*A***MI*9T69Y04JR30~NM1*82*1******XX*1659521045~NM1*TT*2*AMERICAN CONTINENTAL INSU.*****PI*30074~MOA***MA01*MA18~REF*EA*948BD69761254FEDA7B86324D7FA9A4D~DTM*050*20200102~SVC*HC:99214*134*74.23**1~DTM*472*20191210~CAS*CO*45*39.33**253*1.51~CAS*PR*2*18.93~REF*LU*11~REF*6R*CPKEUJC7DWYV~AMT*B6*94.67~CLP*000100026972*19*315*181.01*42.23*MB*0220002382740*11*1~NM1*QC*1*PLEASANTS*DAVID****MI*4CR8XN3VY41~NM1*82*1******XX*1396971230~NM1*TT*2*COLORADO DEPT OF HEALTH-MEDICAID*****PI*70037~MOA***MA01*MA07~REF*EA*E6EF2FEEBCB14D658F2C26D7CEFD2F4B~DTM*050*20200102~SVC*HC:99205:25*255*141.08**1~DTM*472*20191218~CAS*CO*45*75.05**253*2.88~CAS*PR*2*35.99~REF*LU*11~REF*6R*CPKERQBP3U26~AMT*B6*179.95~SVC*HC:G0444*20*15.49**1~DTM*472*20191218~CAS*CO*45*4.19**253*0.32~REF*LU*11~REF*6R*CPKEJ1L2ISCJ~AMT*B6*15.81~SVC*HC:G0396*40*24.44**1~DTM*472*20191218~CAS*CO*45*8.82**253*0.5~CAS*PR*2*6.24~REF*LU*11~REF*6R*CPKEAMT2W1C9~AMT*B6*31.18~CLP*000100026702*19*339*226.69*53.18*MB*0220002150160*11*1~NM1*QC*1*RUDNIK*DOROTHY*L***MI*4TT1VV0YN13~NM1*82*1******XX*1447291851~NM1*TT*2*COLONIAL PENN LIFE INSURANCE CO*****PI*30326~MOA***MA01*MA18~REF*EA*238AA1B545044F4A820DEA2523D367C9~DTM*050*20200102~SVC*HC:99205:25*255*165.97**1~DTM*472*20191212~CAS*CO*45*43.3**253*3.39~CAS*PR*2*42.34~REF*LU*11~REF*6R*CPKM4WR03QIN~AMT*B6*211.7~SVC*HC:93000*24*13.74**1~DTM*472*20191212~CAS*CO*45*6.48**253*0.28~CAS*PR*2*3.5~REF*LU*11~REF*6R*CPKMVC1XBZZ8~AMT*B6*17.52~SVC*HC:G0444*20*18.23**1~DTM*472*20191212~CAS*CO*45*1.4**253*0.37~REF*LU*11~REF*6R*CPKM2UF85JMZ~AMT*B6*18.6~SVC*HC:G0396*40*28.75**1~DTM*472*20191212~CAS*CO*45*3.32**253*0.59~CAS*PR*2*7.34~REF*LU*11~REF*6R*CPKMWQ0U6L5S~AMT*B6*36.68~CLP*000100027043*19*157.15*101.06*25.78*MB*0220002382720*11*1~NM1*QC*1*RUDNIK*DOROTHY*L***MI*4TT1VV0YN13~NM1*82*1******XX*1447291851~NM1*TT*2*COLONIAL PENN LIFE INSURANCE CO*****PI*30326~MOA***MA01*MA18~REF*EA*173A20ABCBD2422C9FB3E3924976DE0E~DTM*050*20200102~SVC*HC:99214:25*134*87.32**1~DTM*472*20191219~CAS*CO*45*22.62**253*1.78~CAS*PR*2*22.28~REF*LU*11~REF*6R*CPKEKFRDW62E~AMT*B6*111.38~SVC*HC:93000*23.15*13.74**1~DTM*472*20191219~CAS*CO*45*5.63**253*0.28~CAS*PR*2*3.5~REF*LU*11~REF*6R*CPKEQY0X6E2C~AMT*B6*17.52~CLP*000100026886*1*315*181.01*42.23*MB*0220002150140*11*1~NM1*QC*1*TREVINO CRUZ*ELVA*A***MI*9FK7DX0QT51~NM1*82*1******XX*1366419582~MOA***MA01~REF*EA*7DF5068C77BD473B983B69F9035A5BD6~DTM*050*20200102~SVC*HC:99205:25*255*141.08**1~DTM*472*20191217~CAS*CO*45*75.05**253*2.88~CAS*PR*2*35.99~REF*LU*11~REF*6R*CPKM51WB8L7R~AMT*B6*179.95~SVC*HC:G0444*20*15.49**1~DTM*472*20191217~CAS*CO*45*4.19**253*0.32~REF*LU*11~REF*6R*CPKMH08FL0AY~AMT*B6*15.81~SVC*HC:G0396*40*24.44**1~DTM*472*20191217~CAS*CO*45*8.82**253*0.5~CAS*PR*2*6.24~REF*LU*11~REF*6R*CPKM54LARKW5~AMT*B6*31.18~CLP*000100026909*1*157*104.04*15.22*MB*0220002150130*11*1~NM1*QC*1*WHITNEY*CHARLOTTE****MI*4HR9F88HH28~NM1*82*1******XX*1447291851~MOA***MA01~REF*EA*CD073FDC9A7D44C3A54896BF4810183D~DTM*050*20200102~SVC*HC:99213:25*90*59.67**1~DTM*472*20191217~CAS*CO*45*13.89**253*1.22~CAS*PR*2*15.22~REF*LU*11~REF*6R*CPKMRRFB4XM6~AMT*B6*76.11~SVC*HC:G0008*32*16.8**1~DTM*472*20191217~CAS*CO*45*14.86**253*0.34~REF*LU*11~REF*6R*CPKMD3X39248~AMT*B6*17.14~SVC*HC:90674*35*27.57**1~DTM*472*20191217~CAS*CO*45*6.87**253*0.56~REF*LU*11~REF*6R*CPKMZNWNQAVQ~AMT*B6*28.13~SE*279*000000003~GE*1*144~IEA*1*001500144~