ISA*00*          *00*          *ZZ*04112          *29*E13833         *200205*2359*^*00501*003600160*0*P*:~GS*HP*04112*E13833*20200205*2359*160*X*005010X221A1~ST*835*000000003~BPR*I*598.55*C*ACH*CCP*01*081517693*DA*152302017586*1205296137**01*102000076*DA*2838835219*20200206~TRN*1*890176124*1205296137~REF*EV*E13833~DTM*405*20200205~N1*PR*NOVITAS SOLUTIONS, INC.~N3*PO BOX 3109~N4*MECHANICSBURG*PA*170551825~REF*2U*04112~PER*CX**TE*8552528782~PER*BL*NOVITAS SOLUTIONS, INC. EDI SERVICES*TE*8552528782*EX*1*EM*WEBSITEEDI@NOVITAS-SOLUTIONS.COM~N1*PE*SPANISH PEAKS NEW ALTERNATIV*XX*1508250911~N3*ATTN  BILLING*41 MONTEBELLO ROAD STE 116~N4*PUEBLO*CO*810011366~REF*TJ*841158933~LX*1~CLP*000100028107*19*134*74.49*19*MB*0220023372990*11*1~NM1*QC*1*ARNETT*ROBERTA*R***MI*9YM7E99HA48~NM1*82*1******XX*1659521045~NM1*TT*2*INDIVIDUAL ASSURANCE COMPANY*****PI*30360~MOA***MA01*MA18~REF*EA*83FD4209CBEE4457915D3DBD3564930E~DTM*050*20200123~SVC*HC:99214*134*74.49**1~DTM*472*20200113~CAS*CO*45*38.99**253*1.52~CAS*PR*2*19~REF*LU*11~REF*6R*CPM67PKTWHAV~AMT*B6*95.01~CLP*000100027690*19*205*114.72*31.47*MB*0220023372980*11*1~NM1*QC*1*BAILEY*JULIE*K***MI*1JA2D16GM88~NM1*82*1******XX*1659521045~NM1*TT*2*ANTHEM FEP COLORADO*****PI*80034~MOA***MA01*MA18~REF*EA*10B86EDDE0264136B448D0732BC8A762~DTM*050*20200123~SVC*HC:G0439*145*99.1**1~DTM*472*20200106~CAS*CO*45*43.88**253*2.02~REF*LU*11~REF*6R*CPM67CBBXMY3~AMT*B6*101.12~SVC*HC:G0396*40*0**1~DTM*472*20200106~CAS*CO*45*8.53~CAS*PR*1*31.47~REF*LU*11~REF*6R*CPM6KNW4D0KO~AMT*B6*31.47~SVC*HC:G0444*20*15.62**1~DTM*472*20200106~CAS*CO*45*4.06**253*0.32~REF*LU*11~REF*6R*CPM6LKMC4EBV~AMT*B6*15.94~CLP*000100028238*1*90*51.41*13.11*MB*0220023373040*11*1~NM1*QC*1*COOK*DAVID*T***MI*6ED1FE4MH27~NM1*82*1******XX*1164974580~MOA***MA01~REF*EA*92861DE72D0C4277BA044DC832D1F09F~DTM*050*20200123~SVC*HC:99213*90*51.41**1~DTM*472*20200115~CAS*CO*45*24.43**253*1.05~CAS*PR*2*13.11~REF*LU*11~REF*6R*CPM63UPSZUYO~AMT*B6*65.57~LQ*HE*N782~CLP*000100027767*1*145*99.1**MB*0220023373030*11*1~NM1*QC*1*DELEMARRE*KIRSTEN****MI*3UF9RH3PG47~NM1*82*1******XX*1396971230~MOA***MA01~REF*EA*1501D1A124AE438FBB6436EEDF01D828~DTM*050*20200123~SVC*HC:G0439*145*99.1**1~DTM*472*20200107~CAS*CO*45*43.88**253*2.02~REF*LU*11~REF*6R*CPM64XMXK9SC~AMT*B6*101.12~CLP*000100028063*19*90*26.21*50.4*MB*0220023373000*11*1~NM1*QC*1*LANDIS*NORMA*J***MI*7TE3DE2RU17~NM1*82*1******XX*1447291851~NM1*TT*2*CHAMPVA-VA HEALTH ADMIN CTR*****PI*80214~MOA***MA01*MA18~REF*EA*90BECA2B85054D2AAFB0DA2A4187553D~DTM*050*20200123~SVC*HC:99213*90*26.21**1~DTM*472*20200113~CAS*CO*45*12.86**253*0.53~CAS*PR*1*43.72**2*6.68~REF*LU*11~REF*6R*CPM6U9MIISFG~AMT*B6*77.14~CLP*000100028143*19*90*10.22*55.14*MB*0220023372920*11*1~NM1*QC*1*MARRONE*JOHN*H***MI*6QM7UN9QU53~NM1*82*1******XX*1366419582~NM1*TT*2*COLORADO DEPT OF HEALTH-MEDICAID*****PI*70037~MOA***MA01*MA07~REF*EA*24FA7ED2EAD14F3FBD45BE568A7992AB~DTM*050*20200123~SVC*HC:99213*90*10.22**1~DTM*472*20200114~CAS*CO*45*24.43**253*0.21~CAS*PR*1*52.53**2*2.61~REF*LU*11~REF*6R*CPM6LLEFFOW9~AMT*B6*65.57~LQ*HE*N782~LQ*HE*N781~CLP*000100028058*19*134*74.49*19*MB*0220023372940*11*1~NM1*QC*1*TAVAREZ*BALBINA*M***MI*2WQ6YP2RW60~NM1*82*1******XX*1659521045~NM1*TT*2*COLORADO DEPT OF HEALTH-MEDICAID*****PI*70037~MOA***MA01*MA07~REF*EA*F516A2A949234FE7BAC50D25D452CDDF~DTM*050*20200123~SVC*HC:99214*134*74.49**1~DTM*472*20200113~CAS*CO*45*38.99**253*1.52~CAS*PR*2*19~REF*LU*11~REF*6R*CPM6GYUFK21N~AMT*B6*95.01~CLP*000100027874*19*205*15.62*125.54*MB*0220023372960*11*1~NM1*QC*1*TRUJILLO*YVONNE****MI*3M48FD2UM32~NM1*82*1******XX*1396971230~NM1*TT*2*COLORADO DEPT OF HEALTH-MEDICAID*****PI*70037~MOA***MA01*MA07~REF*EA*FB6575053368430A8C9566310C896067~DTM*050*20200123~SVC*HC:99203:25*145*0**1~DTM*472*20200108~CAS*CO*45*50.93~CAS*PR*1*94.07~REF*LU*11~REF*6R*CPM6JIA3JZW5~AMT*B6*94.07~SVC*HC:G0444*20*15.62**1~DTM*472*20200108~CAS*CO*45*4.06**253*0.32~REF*LU*11~REF*6R*CPM6U4DWZ5YM~AMT*B6*15.94~SVC*HC:G0396*40*0**1~DTM*472*20200108~CAS*CO*45*8.53~CAS*PR*1*31.47~REF*LU*11~REF*6R*CPM6EFBAJUTS~AMT*B6*31.47~CLP*000100027983*19*134*74.49*19*MB*0220023372970*11*1~NM1*QC*1*WAGNER*DOROTHY*J***MI*1WH4X03VA65~NM1*82*1******XX*1164974580~NM1*TT*2*COLORADO DEPT OF HEALTH-MEDICAID*****PI*70037~MOA***MA01*MA07~REF*EA*DD59B81A4448475197303757459D42E0~DTM*050*20200123~SVC*HC:99214*134*74.49**1~DTM*472*20200110~CAS*CO*45*38.99**253*1.52~CAS*PR*2*19~REF*LU*11~REF*6R*CPM6RYFQ2NOK~AMT*B6*95.01~LQ*HE*N782~CLP*000100028196*19*134*57.8*36.03*MB*0220023373020*11*1~NM1*QC*1*ZAMORA*KATHERINE****MI*1XA0DN2TU44~NM1*82*1******XX*1366419582~NM1*TT*2*COLORADO DEPT OF HEALTH-MEDICAID*****PI*70037~MOA***MA01*MA07~REF*EA*BC7566E9510C431E89A1B76DB9A68E16~DTM*050*20200123~SVC*HC:99214*134*57.8**1~DTM*472*20200115~CAS*CO*45*38.99**253*1.18~CAS*PR*1*21.28**2*14.75~REF*LU*11~REF*6R*CPM6ZZBMPWSU~AMT*B6*95.01~LQ*HE*N782~LQ*HE*N781~SE*185*000000003~GE*1*160~IEA*1*003600160~