ISA*00*          *00*          *ZZ*04112          *29*E13833         *200130*2359*^*00501*003000162*0*P*:~GS*HP*04112*E13833*20200130*2359*162*X*005010X221A1~ST*835*000000002~BPR*I*1052.07*C*ACH*CCP*01*081517693*DA*152302017586*1205296137**01*102000076*DA*2838835219*20200131~TRN*1*890159768*1205296137~REF*EV*E13833~DTM*405*20200130~N1*PR*NOVITAS SOLUTIONS, INC.~N3*PO BOX 3109~N4*MECHANICSBURG*PA*170551825~REF*2U*04112~PER*CX**TE*8552528782~PER*BL*NOVITAS SOLUTIONS, INC. EDI SERVICES*TE*8552528782*EX*1*EM*WEBSITEEDI@NOVITAS-SOLUTIONS.COM~N1*PE*SPANISH PEAKS NEW ALTERNATIV*XX*1508250911~N3*ATTN  BILLING*41 MONTEBELLO ROAD STE 116~N4*PUEBLO*CO*810011366~REF*TJ*841158933~LX*1~CLP*000100027928*19*134*0.33*94.67*MB*0220017377730*11*1~NM1*QC*1*BURCH*ROSALIE*A***MI*1X15JH4KY89~NM1*82*1******XX*1659521045~NM1*TT*2*COLORADO DEPT OF HEALTH-MEDICAID*****PI*70037~MOA***MA01*MA07~REF*EA*712601B4BB46486580C138EF04D44F45~DTM*050*20200117~SVC*HC:99214*134*0.33**1~DTM*472*20200109~CAS*CO*45*38.99**253*0.01~CAS*PR*1*94.59**2*0.08~REF*LU*11~REF*6R*CPLAZPKFDUWN~AMT*B6*95.01~LQ*HE*N782~LQ*HE*N781~CLP*000100027538*19*134*74.49*19*MB*0220014002130*11*1~NM1*QC*1*DIAZ*CARL****MI*3CA5R58NJ75~NM1*82*1******XX*1366419582~NM1*TT*2*COLORADO DEPT OF HEALTH-MEDICAID*****PI*70037~MOA***MA01*MA07~REF*EA*9373D95041264ACD9FB7C662C00237EE~DTM*050*20200114~SVC*HC:99214*134*74.49**1~DTM*472*20200103~CAS*CO*45*38.99**253*1.52~CAS*PR*2*19~REF*LU*11~REF*6R*CPL6S85Y66RP~AMT*B6*95.01~CLP*000100027629*1*145*99.1**MB*0220017377690*11*1~NM1*QC*1*LASATER*MARVIN*R***MI*7C97P09UP49~NM1*82*1******XX*1659521045~MOA***MA01~REF*EA*52F6B99F1A82408DBFE57A0D3765A282~DTM*050*20200117~SVC*HC:G0439*145*99.1**1~DTM*472*20200106~CAS*CO*45*43.88**253*2.02~REF*LU*11~REF*6R*CPLAAQE6NPWO~AMT*B6*101.12~CLP*000100027455*1*1942*878.15*419.87*MB*0220017377740*11*1~NM1*QC*1*MOORE*HOLLY****MI*4MP0T57CX08~NM1*82*1******XX*1659521045~MOA***MA01~REF*EA*91AE948DA31C42F19D8F012EE81E48F2~DTM*050*20200117~SVC*HC:99213:25*90*0**1~DTM*472*20200102~CAS*CO*45*24.43~CAS*PR*1*65.57~REF*LU*11~REF*6R*CPLAB088VYBP~AMT*B6*65.57~LQ*HE*N781~SVC*HC:96372*32*0**1~DTM*472*20200102~CAS*CO*45*19.54~CAS*PR*1*12.46~REF*LU*11~REF*6R*CPLAD6XDQ1XT~AMT*B6*12.46~LQ*HE*N781~SVC*HC:J2315*1805*869.71**380~DTM*472*20200102~CAS*CO*45*575.7**253*17.75~CAS*PR*1*119.97**2*221.87~REF*LU*11~REF*6R*CPLAED41CD96~AMT*B6*1229.3~LQ*HE*N782~LQ*HE*N781~SVC*HC:81025*15*8.44**1~DTM*472*20200102~CAS*CO*45*6.39**253*0.17~REF*LU*11~REF*6R*CPLATFILZAPJ~AMT*B6*8.61~SE*96*000000002~GE*1*162~IEA*1*003000162~