ISA*00*          *00*          *ZZ*04112          *29*E13833         *200211*2359*^*00501*004200155*0*P*:~GS*HP*04112*E13833*20200211*2359*155*X*005010X221A1~ST*835*000000003~BPR*I*1867.2*C*ACH*CCP*01*081517693*DA*152302017586*1205296137**01*102000076*DA*2838835219*20200212~TRN*1*890191246*1205296137~REF*EV*E13833~DTM*405*20200211~N1*PR*NOVITAS SOLUTIONS, INC.~N3*PO BOX 3109~N4*MECHANICSBURG*PA*170551825~REF*2U*04112~PER*CX**TE*8552528782~PER*BL*NOVITAS SOLUTIONS, INC. EDI SERVICES*TE*8552528782*EX*1*EM*WEBSITEEDI@NOVITAS-SOLUTIONS.COM~N1*PE*SPANISH PEAKS NEW ALTERNATIV*XX*1508250911~N3*ATTN  BILLING*41 MONTEBELLO ROAD STE 116~N4*PUEBLO*CO*810011366~REF*TJ*841158933~LX*1~CLP*000100028332*19*1986*964.62*361.08*MB*0220029006000*11*1~NM1*QC*1*BARNELL*SHANNA****MI*9KW9DE2VG31~NM1*82*1******XX*1396971230~NM1*TT*2*COLORADO DEPT OF HEALTH-MEDICAID*****PI*70037~MOA***MA01*MA07~REF*EA*CF7C3BDC189E4C719CB438E968F4690A~DTM*050*20200129~SVC*HC:99214:25*134*0**1~DTM*472*20200116~CAS*CO*45*38.99~CAS*PR*1*95.01~REF*LU*11~REF*6R*CPM222M5H2GV~AMT*B6*95.01~LQ*HE*N781~SVC*HC:96372*32*0**1~DTM*472*20200116~CAS*CO*45*19.54~CAS*PR*1*12.46~REF*LU*11~REF*6R*CPM25AEFF2GH~AMT*B6*12.46~LQ*HE*N781~SVC*HC:J2315*1805*956.18**380~DTM*472*20200116~CAS*CO*45*575.7**253*19.51~CAS*PR*1*9.69**2*243.92~REF*LU*11~REF*6R*CPM2EO4JYXU1~AMT*B6*1229.3~LQ*HE*N782~LQ*HE*N781~SVC*HC:81025*15*8.44**1~DTM*472*20200116~CAS*CO*45*6.39**253*0.17~REF*LU*11~REF*6R*CPM2IHYLX02D~AMT*B6*8.61~CLP*000100028321*19*134*74.49*19*MB*0220029005930*11*1~NM1*QC*1*BUTTS*BETH****MI*8WU2TP5DX11~NM1*82*1******XX*1659521045~NM1*TT*2*MUTUAL OF OMAHA INSURANCE COMP*****PI*30090~MOA***MA01*MA18~REF*EA*E1D03E0743E44E5F9253760C5AE682D4~DTM*050*20200129~SVC*HC:99214*134*74.49**1~DTM*472*20200116~CAS*CO*45*38.99**253*1.52~CAS*PR*2*19~REF*LU*11~REF*6R*CPM27KE8OZMJ~AMT*B6*95.01~CLP*000100028275*19*205*114.05*25.1*MB*0220029006090*11*1~NM1*QC*1*DARBONNE*SYLVIA*L***MI*8RJ6JN3QY55~NM1*82*1******XX*1164974580~NM1*TT*2*CONNECTICUT GENERAL INSURANCE CO*****PI*00018~MOA***MA01*MA18~REF*EA*41675FFD0B0D45FFB69D60668C302843~DTM*050*20200129~SVC*HC:99203:25*145*73.75**1~DTM*472*20200115~CAS*CO*45*50.93**253*1.51~CAS*PR*2*18.81~REF*LU*11~REF*6R*CPM2M090MRXW~AMT*B6*94.07~SVC*HC:G0444*20*15.62**1~DTM*472*20200115~CAS*CO*45*4.06**253*0.32~REF*LU*11~REF*6R*CPM2KEPYC9ZZ~AMT*B6*15.94~SVC*HC:G0396*40*24.68**1~DTM*472*20200115~CAS*CO*45*8.53**253*0.5~CAS*PR*2*6.29~REF*LU*11~REF*6R*CPM2BNN5P9A2~AMT*B6*31.47~CLP*000100028224*19*265*152.73*34.97*MB*0220029006010*11*1~NM1*QC*1*ESQUIBEL*DELILAH****MI*2R73Q45PK74~NM1*82*1******XX*1366419582~NM1*TT*2*COLORADO DEPT OF HEALTH-MEDICAID*****PI*70037~MOA***MA01*MA07~REF*EA*ACCD4AB9E09D45C2BA20CF0C37CF48D7~DTM*050*20200129~SVC*HC:99204:25*205*112.43**1~DTM*472*20200115~CAS*CO*45*61.6**253*2.29~CAS*PR*2*28.68~REF*LU*11~REF*6R*CPM21C8305I1~AMT*B6*143.4~SVC*HC:G0444*20*15.62**1~DTM*472*20200115~CAS*CO*45*4.06**253*0.32~REF*LU*11~REF*6R*CPM2N6JF0TBS~AMT*B6*15.94~SVC*HC:G0396*40*24.68**1~DTM*472*20200115~CAS*CO*45*8.53**253*0.5~CAS*PR*2*6.29~REF*LU*11~REF*6R*CPM2VOFM8NOB~AMT*B6*31.47~CLP*000100028280*19*134*55.94*54.7*MB*0220029006190*11*1~NM1*QC*1*FORTUNE*CATHERINE*M***MI*5D91EH6MW35~NM1*82*1******XX*1447291851~NM1*TT*2*COLORADO DEPT OF HEALTH-MEDICAID*****PI*70037~MOA***MA01*MA07~REF*EA*4CFC92E8022F409E98508775080E6BDF~DTM*050*20200129~SVC*HC:99214*134*55.94**1~DTM*472*20200115~CAS*CO*45*22.22**253*1.14~CAS*PR*1*40.43**2*14.27~REF*LU*11~REF*6R*CPM22KMHB2K1~AMT*B6*111.78~CLP*000100028317*1*145*99.1**MB*0220029006170*11*1~NM1*QC*1*KHALER*ALVIN*J***MI*3R78KQ0MD40~NM1*82*1******XX*1659521045~MOA***MA01~REF*EA*7E16FC8C12BA488DBB3426549BBFCC0D~DTM*050*20200129~SVC*HC:G0439*145*99.1**1~DTM*472*20200116~CAS*CO*45*43.88**253*2.02~REF*LU*11~REF*6R*CPM2VVT6Z0TQ~AMT*B6*101.12~CLP*000100028565*19*199*95.87*19.59*MB*0220029005900*11*1~NM1*QC*1*LATONA*LORI*L***MI*6D37TU7HA42~NM1*82*1******XX*1396971230~NM1*TT*2*AZ MEDICAID-MERCY CARE RBHA*****PI*77122~MOA***MA01*MA07~REF*EA*69C58CA143A449CABFE614E84EBDE2CC~DTM*050*20200129~SVC*HC:99202:25*135*52.16**1~DTM*472*20200121~CAS*CO*45*68.48**253*1.06~CAS*PR*2*13.3~REF*LU*11~REF*6R*CPM2ZK0IAGM2~AMT*B6*66.52~SVC*HC:G0444*20*15.62**1~DTM*472*20200121~CAS*CO*45*4.06**253*0.32~REF*LU*11~REF*6R*CPM2EJLDM297~AMT*B6*15.94~SVC*HC:G0396*40*24.68**1~DTM*472*20200121~CAS*CO*45*8.53**253*0.5~CAS*PR*2*6.29~REF*LU*11~REF*6R*CPM24J76WOTC~AMT*B6*31.47~SVC*HC:81002*4*3.41**1~DTM*472*20200121~CAS*CO*45*0.52**253*0.07~REF*LU*11~REF*6R*CPM2N0D707HN~AMT*B6*3.48~CLP*000100028329*19*261*59.99*126.48*MB*0220029005980*11*1~NM1*QC*1*MARTINEZ FOOS*CHRISTINA*M***MI*7N46FH3DX51~NM1*82*1******XX*1659521045~NM1*TT*2*COLORADO DEPT OF HEALTH-MEDICAID*****PI*70037~MOA***MA01*MA07~REF*EA*D0A0F656B2F14F6C96783871DF514BC3~DTM*050*20200129~SVC*HC:99214:25*134*0**1~DTM*472*20200116~CAS*CO*45*38.99~CAS*PR*1*95.01~REF*LU*11~REF*6R*CPM26V4BJ7YL~AMT*B6*95.01~LQ*HE*N781~SVC*HC:G0008*32*16.8**1~DTM*472*20200116~CAS*CO*45*14.86**253*0.34~REF*LU*11~REF*6R*CPM2L3T1VDQ6~AMT*B6*17.14~SVC*HC:90674*35*27.57**1~DTM*472*20200116~CAS*CO*45*6.87**253*0.56~REF*LU*11~REF*6R*CPM28083OTF0~AMT*B6*28.13~SVC*HC:G0444*20*15.62**1~DTM*472*20200116~CAS*CO*45*4.06**253*0.32~REF*LU*11~REF*6R*CPM2PAWAMVYM~AMT*B6*15.94~SVC*HC:G0396*40*0**1~DTM*472*20200116~CAS*CO*45*8.53~CAS*PR*1*31.47~REF*LU*11~REF*6R*CPM2CKY60EW0~AMT*B6*31.47~LQ*HE*N781~CLP*000100028533*19*134*74.49*19*MB*0220029006060*11*1~NM1*QC*1*MATTHEWS*MICHAEL****MI*3HT9V18NG30~NM1*82*1******XX*1164974580~NM1*TT*2*COLORADO DEPT OF HEALTH-MEDICAID*****PI*70037~MOA***MA01*MA07~REF*EA*0DC67B6139954BD5AD1A605E68975BF4~DTM*050*20200129~SVC*HC:99214*134*74.49**1~DTM*472*20200121~CAS*CO*45*38.99**253*1.52~CAS*PR*2*19~REF*LU*11~REF*6R*CPM2RMUO5IGY~AMT*B6*95.01~LQ*HE*N782~CLP*000100028323*19*158*101.43*25.88*MB*0220029005940*11*1~NM1*QC*1*MURPHY*JAMES*P***MI*9DH1U42AP36~NM1*82*1******XX*1447291851~NM1*TT*2*COLORADO DEPT OF HEALTH-MEDICAID*****PI*70037~MOA***MA01*MA07~REF*EA*CFD683A2888A43138A30DB2D59CACFAF~DTM*050*20200129~SVC*HC:99214:25*134*87.63**1~DTM*472*20200116~CAS*CO*45*22.22**253*1.79~CAS*PR*2*22.36~REF*LU*11~REF*6R*CPM2BLC8Y29G~AMT*B6*111.78~LQ*HE*N782~SVC*HC:93000*24*13.8**1~DTM*472*20200116~CAS*CO*45*6.4**253*0.28~CAS*PR*2*3.52~REF*LU*11~REF*6R*CPM2UMWXICFS~AMT*B6*17.6~LQ*HE*N782~CLP*000100028362*19*134*74.49*19*MB*0220029005950*11*1~NM1*QC*1*WAGNER*DOROTHY*J***MI*1WH4X03VA65~NM1*82*1******XX*1164974580~NM1*TT*2*COLORADO DEPT OF HEALTH-MEDICAID*****PI*70037~MOA***MA01*MA07~REF*EA*86B46D8840D748AD9A200727FC2FF361~DTM*050*20200129~SVC*HC:99214*134*74.49**1~DTM*472*20200116~CAS*CO*45*38.99**253*1.52~CAS*PR*2*19~REF*LU*11~REF*6R*CPM2JQ6RMEGL~AMT*B6*95.01~LQ*HE*N782~SE*276*000000003~GE*1*155~IEA*1*004200155~