ISA*00*          *00*          *ZZ*04112          *29*E13833         *200225*2359*^*00501*005600150*0*P*:~GS*HP*04112*E13833*20200225*2359*150*X*005010X221A1~ST*835*000000001~BPR*I*757.07*C*ACH*CCP*01*081517693*DA*152302017586*1205296137**01*102000076*DA*2838835219*20200226~TRN*1*890225048*1205296137~REF*EV*E13833~DTM*405*20200225~N1*PR*NOVITAS SOLUTIONS, INC.~N3*PO BOX 3109~N4*MECHANICSBURG*PA*170551825~REF*2U*04112~PER*CX**TE*8552528782~PER*BL*NOVITAS SOLUTIONS, INC. EDI SERVICES*TE*8552528782*EX*1*EM*WEBSITEEDI@NOVITAS-SOLUTIONS.COM~N1*PE*SPANISH PEAKS NEW ALTERNATIV*XX*1508250911~N3*ATTN  BILLING*41 MONTEBELLO ROAD STE 116~N4*PUEBLO*CO*810011366~REF*TJ*841158933~LX*1~CLP*000100029020*19*90*51.41*13.11*MB*0220043323740*11*1~NM1*QC*1*AVILA*ROBERT*A***MI*3UP6QW1DX68~NM1*82*1******XX*1164974580~NM1*TT*2*COLORADO DEPT OF HEALTH-MEDICAID*****PI*70037~MOA***MA01*MA07~REF*EA*84E47484DB544A498A4D75C039C60398~DTM*050*20200212~SVC*HC:99213*90*51.41**1~DTM*472*20200129~CAS*CO*45*24.43**253*1.05~CAS*PR*2*13.11~REF*LU*11~REF*6R*CPVEFZTNQ7JQ~AMT*B6*65.57~CLP*000100029132*19*194*15.62*126.48*MB*0220043323710*11*1~NM1*QC*1*CANNON*RICHARD****MI*1CR9DG5JV00~NM1*82*1******XX*1659521045~NM1*TT*2*COLORADO DEPT OF HEALTH-MEDICAID*****PI*70037~MOA***MA01*MA07~REF*EA*AC734605A05A42A9BF1DE1119D5D3892~DTM*050*20200212~SVC*HC:99214:25*134*0**1~DTM*472*20200130~CAS*CO*45*38.99~CAS*PR*1*95.01~REF*LU*11~REF*6R*CPVEIFY1BGSO~AMT*B6*95.01~LQ*HE*N781~SVC*HC:G0444*20*15.62**1~DTM*472*20200130~CAS*CO*45*4.06**253*0.32~REF*LU*11~REF*6R*CPVEDV6ZWFM9~AMT*B6*15.94~SVC*HC:G0396*40*0**1~DTM*472*20200130~CAS*CO*45*8.53~CAS*PR*1*31.47~REF*LU*11~REF*6R*CPVEOB3TEYC2~AMT*B6*31.47~LQ*HE*N781~CLP*000100028959*19*90*51.41*13.11*MB*0220043323730*11*1~NM1*QC*1*DARBONNE*SYLVIA*L***MI*8RJ6JN3QY55~NM1*82*1******XX*1164974580~NM1*TT*2*CONNECTICUT GENERAL INSURANCE CO*****PI*00018~MOA***MA01*MA18~REF*EA*262FFDE16A0F4FC9B781D7406B788687~DTM*050*20200212~SVC*HC:99213*90*51.41**1~DTM*472*20200128~CAS*CO*45*24.43**253*1.05~CAS*PR*2*13.11~REF*LU*11~REF*6R*CPVEWTVAS7MD~AMT*B6*65.57~CLP*000100029122*19*134*87.63*22.36*MB*0220043323770*11*1~NM1*QC*1*FORTUNE*CATHERINE*M***MI*5D91EH6MW35~NM1*82*1******XX*1447291851~NM1*TT*2*COLORADO DEPT OF HEALTH-MEDICAID*****PI*70037~MOA***MA01*MA07~REF*EA*996CC7484DC24F4DB6E49C5B6929CE5F~DTM*050*20200212~SVC*HC:99214*134*87.63**1~DTM*472*20200130~CAS*CO*45*22.22**253*1.79~CAS*PR*2*22.36~REF*LU*11~REF*6R*CPVE0BDKE4D3~AMT*B6*111.78~CLP*000100029016*19*169*130.38*3.52*MB*0220043323700*11*1~NM1*QC*1*GATES*DORIS*R***MI*9EV6N45TR50~NM1*82*1******XX*1447291851~NM1*TT*2*ANTHEM FEP COLORADO*****PI*80034~MOA***MA01*MA18~REF*EA*AF87CCE28D9B488387E3F6EE8A177C64~DTM*050*20200212~SVC*HC:G0439:25*145*116.58**1~DTM*472*20200129~CAS*CO*45*26.04**253*2.38~REF*LU*11~REF*6R*CPVEM8BJ93Z9~AMT*B6*118.96~SVC*HC:93000*24*13.8**1~DTM*472*20200129~CAS*CO*45*6.4**253*0.28~CAS*PR*2*3.52~REF*LU*11~REF*6R*CPVE0ZOEZJTC~AMT*B6*17.6~CLP*000100029000*19*54*31.26*7.98*MB*0220043323620*11*1~NM1*QC*1*LATONA*LORI*L***MI*6D37TU7HA42~NM1*82*1******XX*1396971230~NM1*TT*2*AZ MEDICAID-MERCY CARE RBHA*****PI*77122~MOA***MA01*MA07~REF*EA*C407A0192FDD43A4A99483EF3DA01204~DTM*050*20200212~SVC*HC:99212*54*31.26**1~DTM*472*20200128~CAS*CO*45*14.12**253*0.64~CAS*PR*2*7.98~REF*LU*11~REF*6R*CPVETH55LS3R~AMT*B6*39.88~CLP*000100028184*1*205*15.62*125.54*MB*0220043323760*11*1~NM1*QC*1*PHILLIPS*HENRY****MI*2T22TQ2MD93~NM1*82*1******XX*1164974580~MOA***MA01~REF*EA*3AE495E9E23643CF98D35FC7BCA77E2E~DTM*050*20200212~SVC*HC:99203:25*145*0**1~DTM*472*20200114~CAS*CO*45*50.93~CAS*PR*1*94.07~REF*LU*11~REF*6R*CPVEXD6RNGUB~AMT*B6*94.07~SVC*HC:G0444*20*15.62**1~DTM*472*20200114~CAS*CO*45*4.06**253*0.32~REF*LU*11~REF*6R*CPVEHBHP9VMY~AMT*B6*15.94~SVC*HC:G0396*40*0**1~DTM*472*20200114~CAS*CO*45*8.53~CAS*PR*1*31.47~REF*LU*11~REF*6R*CPVEFCRHL5ZA~AMT*B6*31.47~CLP*000100022369*19*205*113.97*25.13*MB*0220043323690*11*1~NM1*QC*1*SMITH*CAROL****MI*3NG1K01TU10~NM1*82*1******XX*1366419582~NM1*TT*2*UNITEDHEALTH GROUP*****PI*30002~MOA***MA01*MA18~REF*EA*7F89A222516A4B1595F8DCAE4D9DD56E~DTM*050*20200212~SVC*HC:99203:25*145*74.04**1~DTM*472*20190913~CAS*CO*45*50.56**253*1.51~CAS*PR*2*18.89~REF*LU*11~REF*6R*CPVE470VW4ER~AMT*B6*94.44~SVC*HC:G0444*20*15.49**1~DTM*472*20190913~CAS*CO*45*4.19**253*0.32~REF*LU*11~REF*6R*CPVE1AN5BYM0~AMT*B6*15.81~SVC*HC:G0396*40*24.44**1~DTM*472*20190913~CAS*CO*45*8.82**253*0.5~CAS*PR*2*6.24~REF*LU*11~REF*6R*CPVE8WYMA87Z~AMT*B6*31.18~CLP*000100029281*19*134*74.49*19*MB*0220043323640*11*1~NM1*QC*1*SWETKY*VICTOR****MI*8GT0EP6PV20~NM1*82*1******XX*1659521045~NM1*TT*2*COLORADO DEPT OF HEALTH-MEDICAID*****PI*70037~MOA***MA01*MA07~REF*EA*A563DCCB66E641359F952E1DF8F5B870~DTM*050*20200212~SVC*HC:99214*134*74.49**1~DTM*472*20200203~CAS*CO*45*38.99**253*1.52~CAS*PR*2*19~REF*LU*11~REF*6R*CPVEJQDRTF5L~AMT*B6*95.01~CLP*000100029296*19*134*74.49*19*MB*0220043323630*11*1~NM1*QC*1*TAVAREZ*BALBINA*M***MI*2WQ6YP2RW60~NM1*82*1******XX*1659521045~NM1*TT*2*COLORADO DEPT OF HEALTH-MEDICAID*****PI*70037~MOA***MA01*MA07~REF*EA*1AE3D9F559414AE19279150136B02245~DTM*050*20200212~SVC*HC:99214*134*74.49**1~DTM*472*20200203~CAS*CO*45*38.99**253*1.52~CAS*PR*2*19~REF*LU*11~REF*6R*CPVE8YTHNL6S~AMT*B6*95.01~CLP*000100029246*19*134*74.49*19*MB*0220043323650*11*1~NM1*QC*1*TRUJILLO*YVONNE****MI*3M48FD2UM32~NM1*82*1******XX*1396971230~NM1*TT*2*COLORADO DEPT OF HEALTH-MEDICAID*****PI*70037~MOA***MA01*MA07~REF*EA*B09E03A89E0844379E37A275EAF52D40~DTM*050*20200212~SVC*HC:99214*134*74.49**1~DTM*472*20200131~CAS*CO*45*38.99**253*1.52~CAS*PR*2*19~REF*LU*11~REF*6R*CPVEY08SNXY9~AMT*B6*95.01~CLP*000100028814*19*158*29.41*79.96*MB*0220043323680*11*1~NM1*QC*1*TUTTLE*CHRISTOPH*D***MI*5AT4YP8CD65~NM1*82*1******XX*1164974580~NM1*TT*2*COLORADO DEPT OF HEALTH-MEDICAID*****PI*70037~MOA***MA01*MA07~REF*EA*5156FE15018047C3B2628A426F3601DA~DTM*050*20200212~SVC*HC:99214:25*134*17.68**1~DTM*472*20200124~CAS*CO*45*38.99**253*0.36~CAS*PR*1*72.46**2*4.51~REF*LU*11~REF*6R*CPVE1BOSKVOH~AMT*B6*95.01~LQ*HE*N782~LQ*HE*N781~SVC*HC:93000*24*11.73**1~DTM*472*20200124~CAS*CO*45*9.04**253*0.24~CAS*PR*2*2.99~REF*LU*11~REF*6R*CPVE3DB5DCOE~AMT*B6*14.96~LQ*HE*N782~CLP*000100029155*19*134*6.89*104.75*MB*0220043323720*11*1~NM1*QC*1*WEYMOUTH JR*ROBERT*H***MI*4W09N34VU54~NM1*82*1******XX*1447291851~NM1*TT*2*GOVT EMPLOYEES HEALTH ASSN*****PI*80054~MOA***MA01*MA18~REF*EA*38300495368A4773A4B16D9CE4E59512~DTM*050*20200212~SVC*HC:99214*134*6.89**1~DTM*472*20200130~CAS*CO*45*22.22**253*0.14~CAS*PR*1*102.99**2*1.76~REF*LU*11~REF*6R*CPVE4AES4L6J~AMT*B6*111.78~SE*255*000000001~GE*1*150~IEA*1*005600150~