ISA*00*          *00*          *ZZ*04112          *29*E13833         *200219*2359*^*00501*005000151*0*P*:~GS*HP*04112*E13833*20200219*2359*151*X*005010X221A1~ST*835*000000002~BPR*I*142.13*C*ACH*CCP*01*081517693*DA*152302017586*1205296137**01*102000076*DA*2838835219*20200220~TRN*1*890210656*1205296137~REF*EV*E13833~DTM*405*20200219~N1*PR*NOVITAS SOLUTIONS, INC.~N3*PO BOX 3109~N4*MECHANICSBURG*PA*170551825~REF*2U*04112~PER*CX**TE*8552528782~PER*BL*NOVITAS SOLUTIONS, INC. EDI SERVICES*TE*8552528782*EX*1*EM*WEBSITEEDI@NOVITAS-SOLUTIONS.COM~N1*PE*SPANISH PEAKS NEW ALTERNATIV*XX*1508250911~N3*ATTN  BILLING*41 MONTEBELLO ROAD STE 116~N4*PUEBLO*CO*810011366~REF*TJ*841158933~LX*1~CLP*000100023428*22*-190*0**MB*8320021040010*11*1~NM1*QC*1*COX*NANCY*L***MI*2EN8CT1WV55~NM1*82*1******XX*1164974580~REF*EA*BA798EB1A25E4ECEAE2F420C5C3E1570~REF*F8*910219288502510~DTM*050*20200121~SVC*HC:G0402*-190*0***HC:G0438*1~DTM*472*20191009~CAS*CO*B15*-190~REF*LU*11~REF*6R*CP3XWTEAJG3B~LQ*HE*M80~CLP*000100023428*1*190*142.13**MB*8320041252760*11*1~NM1*QC*1*COX*NANCY*L***MI*2EN8CT1WV55~NM1*82*1******XX*1164974580~MOA***MA01*MA67~REF*EA*BA798EB1A25E4ECEAE2F420C5C3E1570~REF*F8*918320021040010~DTM*050*20200210~SVC*HC:G0402:25*190*142.13**1*HC:G0438~DTM*472*20191009~CAS*CO*45*44.97**253*2.9~REF*LU*11~REF*6R*CP3XWTEAJG3B~AMT*B6*145.03~SE*42*000000002~GE*1*151~IEA*1*005000151~