ISA*00*          *00*          *ZZ*04112          *29*E13833         *200323*2359*^*00501*008300142*0*P*:~GS*HP*04112*E13833*20200323*2359*142*X*005010X221A1~ST*835*000000001~BPR*I*2843.68*C*ACH*CCP*01*081517693*DA*152302017586*1205296137**01*102000076*DA*2838835219*20200324~TRN*1*890292887*1205296137~REF*EV*E13833~DTM*405*20200323~N1*PR*NOVITAS SOLUTIONS, INC.~N3*PO BOX 3109~N4*MECHANICSBURG*PA*170551825~REF*2U*04112~PER*CX**TE*8552528782~PER*BL*NOVITAS SOLUTIONS, INC. EDI SERVICES*TE*8552528782*EX*1*EM*WEBSITEEDI@NOVITAS-SOLUTIONS.COM~N1*PE*SPANISH PEAKS NEW ALTERNATIV*XX*1508250911~N3*ATTN  BILLING*41 MONTEBELLO ROAD STE 116~N4*PUEBLO*CO*810011366~REF*TJ*841158933~LX*1~CLP*000100030387*19*90*60.48*15.43*MB*0220070002590*11*1~NM1*QC*1*AVILA*ROBERT*A***MI*3UP6QW1DX68~NM1*82*1******XX*1447291851~NM1*TT*2*COLORADO DEPT OF HEALTH-MEDICAID*****PI*70037~MOA***MA01*MA07~REF*EA*D0DB78FD11944844832532D1F248C490~DTM*050*20200310~SVC*HC:99213*90*60.48**1~DTM*472*20200224~CAS*CO*45*12.86**253*1.23~CAS*PR*2*15.43~REF*LU*11~REF*6R*CP4U182E0AS5~AMT*B6*77.14~CLP*000100027092*19*1971*1053.01*268.61*MB*0220070002320*11*1~NM1*QC*1*BARNELL*SHANNA****MI*9KW9DE2VG31~NM1*82*1******XX*1396971230~NM1*TT*2*COLORADO DEPT OF HEALTH-MEDICAID*****PI*70037~MOA***MA01*MA07~REF*EA*BE3D125FA8C24788A114EEBB46758452~DTM*050*20200310~SVC*HC:99214:25*134*74.23**1~DTM*472*20191220~CAS*CO*45*39.33**253*1.51~CAS*PR*2*18.93~REF*LU*11~REF*6R*CP4YB6GTYTVJ~AMT*B6*94.67~LQ*HE*N782~SVC*HC:96372*32*11.43**1~DTM*472*20191220~CAS*CO*45*17.43**253*0.23~CAS*PR*2*2.91~REF*LU*11~REF*6R*CP4YC5YJVISG~AMT*B6*14.57~LQ*HE*N782~SVC*HC:J2315*1805*967.35**380~DTM*472*20191220~CAS*CO*45*571.14**253*19.74~CAS*PR*2*246.77~REF*LU*11~REF*6R*CP4YJ6GSG3O3~AMT*B6*1233.86~LQ*HE*N782~CLP*000100030426*19*134*74.49*19*MB*0220070002550*11*1~NM1*QC*1*DARBONNE*SYLVIA*L***MI*8RJ6JN3QY55~NM1*82*1******XX*1164974580~NM1*TT*2*CONNECTICUT GENERAL INSURANCE CO*****PI*00018~MOA***MA01*MA18~REF*EA*D380BC024D2548B1B48BF26EBA4A0445~DTM*050*20200310~SVC*HC:99214*134*74.49**1~DTM*472*20200225~CAS*CO*45*38.99**253*1.52~CAS*PR*2*19~REF*LU*11~REF*6R*CP4U015L1T8H~AMT*B6*95.01~LQ*HE*N782~CLP*000100029645*19*276*160.95*54.62*MB*0220070002370*11*1~NM1*QC*1*DEFOE*MARCELLA****MI*5PT9NR8EY52~NM1*82*1******XX*1447291851~NM1*TT*2*UNITEDHEALTH GROUP*****PI*30002~MOA***MA01*MA18~REF*EA*B6495FD3CB6945ACB5D8673543615892~DTM*050*20200310~SVC*HC:G0439:25*145*116.58**1~DTM*472*20200210~CAS*CO*45*26.04**253*2.38~REF*LU*11~REF*6R*CP4UWMCW1HFD~AMT*B6*118.96~SVC*HC:93000*24*0**1~DTM*472*20200210~CAS*CO*45*6.4~CAS*PR*1*17.6~REF*LU*11~REF*6R*CP4UALXD2TY0~AMT*B6*17.6~SVC*HC:G0008*32*16.8**1~DTM*472*20200210~CAS*CO*45*14.86**253*0.34~REF*LU*11~REF*6R*CP4UPRCHA8VT~AMT*B6*17.14~SVC*HC:90674*35*27.57**1~DTM*472*20200210~CAS*CO*45*6.87**253*0.56~REF*LU*11~REF*6R*CP4UZ2Q69UW6~AMT*B6*28.13~SVC*HC:G0396*40*0**1~DTM*472*20200210~CAS*CO*45*2.98~CAS*PR*1*37.02~REF*LU*11~REF*6R*CP4U4M4E0UCG~AMT*B6*37.02~CLP*000100030225*1*134*74.49*19*MB*0220070002460*11*1~NM1*QC*1*FISHER*RONNI*J***MI*2YR4YT6HV78~NM1*82*1******XX*1396971230~MOA***MA01~REF*EA*554E8730DCBE4942AE28A3EEE2464D25~DTM*050*20200310~SVC*HC:99214*134*74.49**1~DTM*472*20200220~CAS*CO*45*38.99**253*1.52~CAS*PR*2*19~REF*LU*11~REF*6R*CP4UWC4B8PET~AMT*B6*95.01~CLP*000100030498*19*169*130.38*3.52*MB*0220070002630*11*1~NM1*QC*1*FORTUNE*CATHERINE*M***MI*5D91EH6MW35~NM1*82*1******XX*1447291851~NM1*TT*2*COLORADO DEPT OF HEALTH-MEDICAID*****PI*70037~MOA***MA01*MA07~REF*EA*FBC402602D7A4F56AFADED826F5A1763~DTM*050*20200310~SVC*HC:G0439:25*145*116.58**1~DTM*472*20200225~CAS*CO*45*26.04**253*2.38~REF*LU*11~REF*6R*CP4UZKORJFG5~AMT*B6*118.96~SVC*HC:93000*24*13.8**1~DTM*472*20200225~CAS*CO*45*6.4**253*0.28~CAS*PR*2*3.52~REF*LU*11~REF*6R*CP4UIY585KP5~AMT*B6*17.6~CLP*000100030275*19*134*74.49*19*MB*0220070002210*11*1~NM1*QC*1*LANDIS*NORMA*J***MI*7TE3DE2RU17~NM1*82*1******XX*1396971230~NM1*TT*2*CHAMPVA-VA HEALTH ADMIN CTR*****PI*80214~MOA***MA01*MA18~REF*EA*E14E4990AEBA4887BA6E585A0F37C87F~DTM*050*20200310~SVC*HC:99214*134*74.49**1~DTM*472*20200221~CAS*CO*45*38.99**253*1.52~CAS*PR*2*19~REF*LU*11~REF*6R*CP4UCX6PLJ37~AMT*B6*95.01~CLP*000100030396*19*134*87.63*22.36*MB*0220070002260*11*1~NM1*QC*1*LANDIS*NORMA*J***MI*7TE3DE2RU17~NM1*82*1******XX*1447291851~NM1*TT*2*CHAMPVA-VA HEALTH ADMIN CTR*****PI*80214~MOA***MA01*MA18~REF*EA*29A7622792A1448281C82D447C630A9D~DTM*050*20200310~SVC*HC:99214*134*87.63**1~DTM*472*20200224~CAS*CO*45*22.22**253*1.79~CAS*PR*2*22.36~REF*LU*11~REF*6R*CP4UGC5C78HH~AMT*B6*111.78~CLP*000100030229*19*134*74.49*19*MB*0220070002410*11*1~NM1*QC*1*MAVIR*VAUGHAN*H***MI*2H97W03MT32~NM1*82*1******XX*1659521045~NM1*TT*2*UNITEDHEALTH GROUP*****PI*30002~MOA***MA01*MA18~REF*EA*915D5D06747345908725DBB26427F16E~DTM*050*20200310~SVC*HC:99214*134*74.49**1~DTM*472*20200220~CAS*CO*45*38.99**253*1.52~CAS*PR*2*19~REF*LU*11~REF*6R*CP4UX7OZJE23~AMT*B6*95.01~CLP*000100026200*1*1837*978.78*249.68*MB*0220070002500*11*1~NM1*QC*1*MOORE*HOLLY****MI*4MP0T57CX08~NM1*82*1******XX*1659521045~MOA***MA01~REF*EA*D8DF363A4C424E848F8CAA1229DD4F6A~DTM*050*20200310~SVC*HC:96372*32*11.43**1~DTM*472*20191204~CAS*CO*45*17.43**253*0.23~CAS*PR*2*2.91~REF*LU*11~REF*6R*CP4U57NUWCDX~AMT*B6*14.57~LQ*HE*N782~SVC*HC:J2315*1805*967.35**380~DTM*472*20191204~CAS*CO*45*571.14**253*19.74~CAS*PR*2*246.77~REF*LU*11~REF*6R*CP4UE5K21YDI~AMT*B6*1233.86~LQ*HE*N782~CLP*000100030358*19*134*74.49*19*MB*0220070002080*11*1~NM1*QC*1*SWETKY*VICTOR****MI*8GT0EP6PV20~NM1*82*1******XX*1659521045~NM1*TT*2*COLORADO DEPT OF HEALTH-MEDICAID*****PI*70037~MOA***MA01*MA07~REF*EA*3E9BD6DA03D944C79F6AAE059FF8FDDB~DTM*050*20200310~SVC*HC:99214*134*74.49**1~DTM*472*20200224~CAS*CO*45*38.99**253*1.52~CAS*PR*2*19~REF*LU*11~REF*6R*CP4UEJUE8LQF~AMT*B6*95.01~SE*227*000000001~GE*1*142~IEA*1*008300142~