ISA*00*          *00*          *ZZ*04112          *29*E13833         *200218*2359*^*00501*004900152*0*P*:~GS*HP*04112*E13833*20200218*2359*152*X*005010X221A1~ST*835*000000003~BPR*I*602.43*C*ACH*CCP*01*081517693*DA*152302017586*1205296137**01*102000076*DA*2838835219*20200219~TRN*1*890207146*1205296137~REF*EV*E13833~DTM*405*20200218~N1*PR*NOVITAS SOLUTIONS, INC.~N3*PO BOX 3109~N4*MECHANICSBURG*PA*170551825~REF*2U*04112~PER*CX**TE*8552528782~PER*BL*NOVITAS SOLUTIONS, INC. EDI SERVICES*TE*8552528782*EX*1*EM*WEBSITEEDI@NOVITAS-SOLUTIONS.COM~N1*PE*SPANISH PEAKS NEW ALTERNATIV*XX*1508250911~N3*ATTN  BILLING*41 MONTEBELLO ROAD STE 116~N4*PUEBLO*CO*810011366~REF*TJ*841158933~LX*1~CLP*000100028459*19*134*74.49*19*MB*0220036021640*11*1~NM1*QC*1*ANDERSON*KATHLEEN****MI*5RP7KT4CT34~NM1*82*1******XX*1659521045~NM1*TT*2*COLORADO DEPT OF HEALTH-MEDICAID*****PI*70037~MOA***MA01*MA07~REF*EA*A5254416FF8448269F814342CD4D804B~DTM*050*20200205~SVC*HC:99214*134*74.49**1~DTM*472*20200120~CAS*CO*45*38.99**253*1.52~CAS*PR*2*19~REF*LU*11~REF*6R*CPUY7MAEF4B4~AMT*B6*95.01~CLP*000100028271*19*180*56.62*69.74*MB*0220036021690*11*1~NM1*QC*1*AVILA*ROBERT*A***MI*3UP6QW1DX68~NM1*82*1******XX*1164974580~NM1*TT*2*COLORADO DEPT OF HEALTH-MEDICAID*****PI*70037~MOA***MA01*MA07~REF*EA*8C2A12BC859742EBA3FC512526FF04CF~DTM*050*20200205~SVC*HC:99215*180*56.62**1~DTM*472*20200115~CAS*CO*45*52.48**253*1.16~CAS*PR*1*55.29**2*14.45~REF*LU*11~REF*6R*CPUYI8Z4QGQS~AMT*B6*127.52~CLP*000100028542*19*134*74.49*19*MB*0220036021590*11*1~NM1*QC*1*DIAZ*CARL****MI*3CA5R58NJ75~NM1*82*1******XX*1366419582~NM1*TT*2*COLORADO DEPT OF HEALTH-MEDICAID*****PI*70037~MOA***MA01*MA07~REF*EA*E1F9BB98E41440C79B0A397C947B5C01~DTM*050*20200205~SVC*HC:99214*134*74.49**1~DTM*472*20200121~CAS*CO*45*38.99**253*1.52~CAS*PR*2*19~REF*LU*11~REF*6R*CPUYJMUCMFYT~AMT*B6*95.01~CLP*000100028758*1*95*34.34**MB*0220036021630*11*1~NM1*QC*1*ESQUIBEL*DELILAH****MI*2R73Q45PK74~NM1*82*1******XX*1366419582~MOA***MA01~REF*EA*03544DFB953D4390BCC27CF15A4B779A~DTM*050*20200205~SVC*HC:G0101*95*34.34**1~DTM*472*20200124~CAS*CO*45*59.96**253*0.7~REF*LU*11~REF*6R*CPUYM9S00IAR~AMT*B6*35.04~CLP*000100028919*19*90*60.48*15.43*MB*0220036021660*11*1~NM1*QC*1*FINTO*TRINA****MI*7WE5HN2CJ89~NM1*82*1******XX*1447291851~NM1*TT*2*COLORADO DEPT OF HEALTH-MEDICAID*****PI*70037~MOA***MA01*MA07~REF*EA*08109F51635A4F88AE293E7A1E36E7E2~DTM*050*20200205~SVC*HC:99213*90*60.48**1~DTM*472*20200127~CAS*CO*45*12.86**253*1.23~CAS*PR*2*15.43~REF*LU*11~REF*6R*CPUYZD7JQLE4~AMT*B6*77.14~CLP*000100028724*19*90*51.41*13.11*MB*0220036021610*11*1~NM1*QC*1*GARCIA*LONNIE****MI*5X88WA0MD39~NM1*82*1******XX*1164974580~NM1*TT*2*COLORADO DEPT OF HEALTH-MEDICAID*****PI*70037~MOA***MA01*MA07~REF*EA*75B45A0E76EC42FEAE6A1D094DBFDC42~DTM*050*20200205~SVC*HC:99213*90*51.41**1~DTM*472*20200123~CAS*CO*45*24.43**253*1.05~CAS*PR*2*13.11~REF*LU*11~REF*6R*CPUY55WKV1VQ~AMT*B6*65.57~CLP*000100028764*1*134*47.61*46.43*MB*0220036021710*11*1~NM1*QC*1*JANUARY*KEVIN****MI*7J01R50RK17~NM1*82*1******XX*1366419582~MOA***MA01~REF*EA*2659D66946A44F178CCA2943CD78C60B~DTM*050*20200205~SVC*HC:99214*134*47.61**1~DTM*472*20200124~CAS*CO*45*38.99**253*0.97~CAS*PR*1*34.28**2*12.15~REF*LU*11~REF*6R*CPUYT5NL8KH1~AMT*B6*95.01~CLP*000100028680*1*145*99.1**MB*0220036021650*11*1~NM1*QC*1*MAVIR*VAUGHAN*H***MI*2H97W03MT32~NM1*82*1******XX*1659521045~MOA***MA01~REF*EA*C036EE56D56E4D3CA7535A4708DEF4EE~DTM*050*20200205~SVC*HC:G0439*145*99.1**1~DTM*472*20200123~CAS*CO*45*43.88**253*2.02~REF*LU*11~REF*6R*CPUYPTJ6RORH~AMT*B6*101.12~CLP*000100028594*19*205*15.62*125.54*MB*0220036021580*11*1~NM1*QC*1*TUTTLE*CHRISTOPH*D***MI*5AT4YP8CD65~NM1*82*1******XX*1164974580~NM1*TT*2*COLORADO DEPT OF HEALTH-MEDICAID*****PI*70037~MOA***MA01*MA07~REF*EA*1BC55033DB2B431EA4940109C5DE199D~DTM*050*20200205~SVC*HC:99203:25*145*0**1~DTM*472*20200122~CAS*CO*45*50.93~CAS*PR*1*94.07~REF*LU*11~REF*6R*CPUYZL07YFNX~AMT*B6*94.07~LQ*HE*N781~SVC*HC:G0444*20*15.62**1~DTM*472*20200122~CAS*CO*45*4.06**253*0.32~REF*LU*11~REF*6R*CPUYL8OPII28~AMT*B6*15.94~SVC*HC:G0396*40*0**1~DTM*472*20200122~CAS*CO*45*8.53~CAS*PR*1*31.47~REF*LU*11~REF*6R*CPUY051VEJMW~AMT*B6*31.47~LQ*HE*N781~CLP*000100028470*19*134*6.89*87.98*MB*0220036021670*11*1~NM1*QC*1*VIGIL*CHRISTOPH****MI*5J60YF7TR47~NM1*82*1******XX*1659521045~NM1*TT*2*COLORADO DEPT OF HEALTH-MEDICAID*****PI*70037~MOA***MA01*MA07~REF*EA*E687A18D74A14A3A93A658243B21D693~DTM*050*20200205~SVC*HC:99214*134*6.89**1~DTM*472*20200120~CAS*CO*45*38.99**253*0.14~CAS*PR*1*86.22**2*1.76~REF*LU*11~REF*6R*CPUYL3JS68PA~AMT*B6*95.01~LQ*HE*N782~LQ*HE*N781~CLP*000100028687*19*134*74.49*19*MB*0220036021560*11*1~NM1*QC*1*WAGNER*DOROTHY*J***MI*1WH4X03VA65~NM1*82*1******XX*1164974580~NM1*TT*2*COLORADO DEPT OF HEALTH-MEDICAID*****PI*70037~MOA***MA01*MA07~REF*EA*4F2F1E1311EF49B1BFFDA2F4E1C0BECC~DTM*050*20200205~SVC*HC:99214*134*74.49**1~DTM*472*20200123~CAS*CO*45*38.99**253*1.52~CAS*PR*2*19~REF*LU*11~REF*6R*CPUYWL7TSPAH~AMT*B6*95.01~LQ*HE*N782~CLP*000100028771*1*134*6.89*87.98*MB*0220036021700*11*1~NM1*QC*1*WELSH*JAMES****MI*3KP7CT9WQ52~NM1*82*1******XX*1366419582~MOA***MA01~REF*EA*DFD15BE76B23479794A14242AB58F340~DTM*050*20200205~SVC*HC:99214*134*6.89**1~DTM*472*20200124~CAS*CO*45*38.99**253*0.14~CAS*PR*1*86.22**2*1.76~REF*LU*11~REF*6R*CPUY16C2LEK5~AMT*B6*95.01~SE*197*000000003~GE*1*152~IEA*1*004900152~