ISA*00*          *00*          *ZZ*04112          *29*E13833         *200227*2359*^*00501*005800147*0*P*:~GS*HP*04112*E13833*20200227*2359*147*X*005010X221A1~ST*835*000000003~BPR*I*500.38*C*ACH*CCP*01*081517693*DA*152302017586*1205296137**01*102000076*DA*2838835219*20200228~TRN*1*890232193*1205296137~REF*EV*E13833~DTM*405*20200227~N1*PR*NOVITAS SOLUTIONS, INC.~N3*PO BOX 3109~N4*MECHANICSBURG*PA*170551825~REF*2U*04112~PER*CX**TE*8552528782~PER*BL*NOVITAS SOLUTIONS, INC. EDI SERVICES*TE*8552528782*EX*1*EM*WEBSITEEDI@NOVITAS-SOLUTIONS.COM~N1*PE*SPANISH PEAKS NEW ALTERNATIV*XX*1508250911~N3*ATTN  BILLING*41 MONTEBELLO ROAD STE 116~N4*PUEBLO*CO*810011366~REF*TJ*841158933~LX*1~CLP*000100028986*19*90*60.48*15.43*MB*0220045405100*11*1~NM1*QC*1*AVILA*ROBERT*A***MI*3UP6QW1DX68~NM1*82*1******XX*1447291851~NM1*TT*2*COLORADO DEPT OF HEALTH-MEDICAID*****PI*70037~MOA***MA01*MA07~REF*EA*225C845DB86A4EB587B00E5BCE8C98D2~DTM*050*20200214~SVC*HC:99213*90*60.48**1~DTM*472*20200128~CAS*CO*45*12.86**253*1.23~CAS*PR*2*15.43~REF*LU*11~REF*6R*CPVYBWITYJRV~AMT*B6*77.14~CLP*000100028948*19*134*87.63*22.36*MB*0220045405060*11*1~NM1*QC*1*LANDIS*NORMA*J***MI*7TE3DE2RU17~NM1*82*1******XX*1447291851~NM1*TT*2*CHAMPVA-VA HEALTH ADMIN CTR*****PI*80214~MOA***MA01*MA18~REF*EA*C2BD47FBA8A54C7CB3353638875B72FB~DTM*050*20200214~SVC*HC:99214*134*87.63**1~DTM*472*20200128~CAS*CO*45*22.22**253*1.79~CAS*PR*2*22.36~REF*LU*11~REF*6R*CPVYXVBB7OI0~AMT*B6*111.78~CLP*000100028947*19*169*128.8*5.13*MB*0220045405070*11*1~NM1*QC*1*LOPEZ*CORINNE*A***MI*6VY9VF8XJ25~NM1*82*1******XX*1447291851~NM1*TT*2*UNITEDHEALTH GROUP*****PI*30002~MOA***MA01*MA18~REF*EA*A9FDC930F1344686906D240373954E4C~DTM*050*20200214~SVC*HC:G0439:25*145*116.58**1~DTM*472*20200128~CAS*CO*45*26.04**253*2.38~REF*LU*11~REF*6R*CPVYS5AGSALB~AMT*B6*118.96~SVC*HC:93000*24*12.22**1~DTM*472*20200128~CAS*CO*45*6.4**253*0.25~CAS*PR*1*2.01**2*3.12~REF*LU*11~REF*6R*CPVY0BNS27TZ~AMT*B6*17.6~CLP*000100029352*19*134*74.49*19*MB*0220045405050*11*1~NM1*QC*1*MARRONE*JOHN*H***MI*6QM7UN9QU53~NM1*82*1******XX*1366419582~NM1*TT*2*COLORADO DEPT OF HEALTH-MEDICAID*****PI*70037~MOA***MA01*MA07~REF*EA*87ED215A0750491A90AB871B37E7156C~DTM*050*20200214~SVC*HC:99214*134*74.49**1~DTM*472*20200204~CAS*CO*45*38.99**253*1.52~CAS*PR*2*19~REF*LU*11~REF*6R*CPVYTTEU491I~AMT*B6*95.01~LQ*HE*N782~CLP*000100029015*1*134*74.49*19*MB*0220045405090*11*1~NM1*QC*1*MOORE*HOLLY****MI*4MP0T57CX08~NM1*82*1******XX*1659521045~MOA***MA01~REF*EA*AAF1114E53004FFFA987354E08412BFD~DTM*050*20200214~SVC*HC:99214*134*74.49**1~DTM*472*20200129~CAS*CO*45*38.99**253*1.52~CAS*PR*2*19~REF*LU*11~REF*6R*CPVY5NQDXK3D~AMT*B6*95.01~LQ*HE*N782~CLP*000100029291*1*134*74.49*19*MB*0220045405110*11*1~NM1*QC*1*POWELL*CHRISTINE*L***MI*3X25KY0RE93~NM1*82*1******XX*1659521045~MOA***MA01~REF*EA*D2F4705C60CD447BA00A3EA312801027~DTM*050*20200214~SVC*HC:99214*134*74.49**1~DTM*472*20200203~CAS*CO*45*38.99**253*1.52~CAS*PR*2*19~REF*LU*11~REF*6R*CPVYJ452V2QL~AMT*B6*95.01~SE*107*000000003~GE*1*147~IEA*1*005800147~