ISA*00*          *00*          *ZZ*04112          *29*E13833         *200317*2359*^*00501*007700147*0*P*:~GS*HP*04112*E13833*20200317*2359*147*X*005010X221A1~ST*835*000000001~BPR*I*749.65*C*ACH*CCP*01*081517693*DA*152302017586*1205296137**01*102000076*DA*2838835219*20200318~TRN*1*890277920*1205296137~REF*EV*E13833~DTM*405*20200317~N1*PR*NOVITAS SOLUTIONS, INC.~N3*PO BOX 3109~N4*MECHANICSBURG*PA*170551825~REF*2U*04112~PER*CX**TE*8552528782~PER*BL*NOVITAS SOLUTIONS, INC. EDI SERVICES*TE*8552528782*EX*1*EM*WEBSITEEDI@NOVITAS-SOLUTIONS.COM~N1*PE*SPANISH PEAKS NEW ALTERNATIV*XX*1508250911~N3*ATTN  BILLING*41 MONTEBELLO ROAD STE 116~N4*PUEBLO*CO*810011366~REF*TJ*841158933~LX*1~CLP*000100027174*19*134*74.23*18.93*MB*0220064001700*11*1~NM1*QC*1*ARNETT*ROBERTA*R***MI*9YM7E99HA48~NM1*82*1******XX*1659521045~NM1*TT*2*INDIVIDUAL ASSURANCE COMPANY*****PI*30360~MOA***MA01*MA18~REF*EA*CEE99EF965944C50A60B057F2B98A20A~DTM*050*20200304~SVC*HC:99214*134*74.23**1~DTM*472*20191223~CAS*CO*45*39.33**253*1.51~CAS*PR*2*18.93~REF*LU*11~REF*6R*CP4EXGII7Q19~AMT*B6*94.67~CLP*000100024076*19*121*44.37*54*MB*0220064001770*11*1~NM1*QC*1*COLLIER*COLE*T***MI*5QJ1J98PV32~NM1*82*1******XX*1164974580~NM1*TT*2*COLORADO DEPT OF HEALTH-MEDICAID*****PI*70037~MOA***MA01*MA07~REF*EA*1C1DE14021C64B0D8E62A038875CBCB8~DTM*050*20200304~SVC*HC:99212:25*54*0****1~DTM*472*20191023~CAS*PR*96*54~REF*LU*11~REF*6R*CP46K51MGY1U~LQ*HE*N425~SVC*HC:G0008*32*16.8**1~DTM*472*20191023~CAS*CO*45*14.86**253*0.34~REF*LU*11~REF*6R*CP46TZRLF5QM~AMT*B6*17.14~SVC*HC:90674*35*27.57**1~DTM*472*20191023~CAS*CO*45*6.87**253*0.56~REF*LU*11~REF*6R*CP46O5O26RBH~AMT*B6*28.13~CLP*000100030137*1*145*99.1**MB*0220064001800*11*1~NM1*QC*1*COOK*DAVID*T***MI*6ED1FE4MH27~NM1*82*1******XX*1164974580~MOA***MA01~REF*EA*C10E92DFE05B40EE91FDDADBD0FEFF76~DTM*050*20200304~SVC*HC:G0439*145*99.1**1~DTM*472*20200219~CAS*CO*45*43.88**253*2.02~REF*LU*11~REF*6R*CP46D35GX17V~AMT*B6*101.12~CLP*000100030193*19*90*6.29*59.15*MB*0220064001730*11*1~NM1*QC*1*DALTON*JASON****MI*4DA9Q86PX37~NM1*82*1******XX*1659521045~NM1*TT*2*COLORADO DEPT OF HEALTH-MEDICAID*****PI*70037~MOA***MA01*MA07~REF*EA*591A5A924FA04275B9DB29A981510F5A~DTM*050*20200304~SVC*HC:99213*90*6.29**1~DTM*472*20200219~CAS*CO*45*24.43**253*0.13~CAS*PR*1*57.54**2*1.61~REF*LU*11~REF*6R*CP46MKIBHHIB~AMT*B6*65.57~LQ*HE*N782~LQ*HE*N781~CLP*000100030303*19*54*31.26*7.98*MB*0220064001620*11*1~NM1*QC*1*DEWEY*THERESE*R***MI*8HN1AG0YR21~NM1*82*1******XX*1164974580~NM1*TT*2*UNITEDHEALTH GROUP*****PI*30002~MOA***MA01*MA18~REF*EA*DD5D5F00B1674282A122CACF626A5DCD~DTM*050*20200304~SVC*HC:99212*54*31.26**1~DTM*472*20200221~CAS*CO*45*14.12**253*0.64~CAS*PR*2*7.98~REF*LU*11~REF*6R*CP4687Q2CFP3~AMT*B6*39.88~CLP*000100030077*19*134*45.15*48.94*MB*0220064001810*11*1~NM1*QC*1*FENWICK*SUSAN*A***MI*2R81VF1PJ24~NM1*82*1******XX*1396971230~NM1*TT*2*COLORADO DEPT OF HEALTH-MEDICAID*****PI*70037~MOA***MA01*MA07~REF*EA*9D84209B17B8442DAFA1C1A05000488F~DTM*050*20200304~SVC*HC:99214*134*45.15**1~DTM*472*20200218~CAS*CO*45*38.99**253*0.92~CAS*PR*1*37.42**2*11.52~REF*LU*11~REF*6R*CP46887AVX25~AMT*B6*95.01~LQ*HE*N782~LQ*HE*N781~CLP*000100030227*19*134*51.54*42.42*MB*0220064001790*11*1~NM1*QC*1*HUBBARD*LORI****MI*7MY9GW3XV24~NM1*82*1******XX*1659521045~NM1*TT*2*COLORADO DEPT OF HEALTH-MEDICAID*****PI*70037~MOA***MA01*MA07~REF*EA*D03AB792CEB7454588FFBBB10CD165A4~DTM*050*20200304~SVC*HC:99214*134*51.54**1~DTM*472*20200220~CAS*CO*45*38.99**253*1.05~CAS*PR*1*29.27**2*13.15~REF*LU*11~REF*6R*CP46DIH68N9R~AMT*B6*95.01~LQ*HE*N782~LQ*HE*N781~CLP*000100030055*19*54*31.26*7.98*MB*0220064001680*11*1~NM1*QC*1*KLIPFEL*SHARON*L***MI*7DK8P22VU22~NM1*82*1******XX*1164974580~NM1*TT*2*COLORADO DEPT OF HEALTH-MEDICAID*****PI*70037~MOA***MA01*MA07~REF*EA*9EFB96A0784649889DB3E4B718F43A58~DTM*050*20200304~SVC*HC:99212*54*31.26**1~DTM*472*20200218~CAS*CO*45*14.12**253*0.64~CAS*PR*2*7.98~REF*LU*11~REF*6R*CP46VIHMN9Y1~AMT*B6*39.88~CLP*000100029722*19*134*87.63*22.36*MB*0220064001760*11*1~NM1*QC*1*LANDIS*NORMA*J***MI*7TE3DE2RU17~NM1*82*1******XX*1447291851~NM1*TT*2*CHAMPVA-VA HEALTH ADMIN CTR*****PI*80214~MOA***MA01*MA18~REF*EA*AB29463A27BA4EB9B14E09B8EE142B39~DTM*050*20200304~SVC*HC:99214*134*87.63**1~DTM*472*20200211~CAS*CO*45*22.22**253*1.79~CAS*PR*2*22.36~REF*LU*11~REF*6R*CP462KLT1KZK~AMT*B6*111.78~CLP*000100029930*19*158*101.43*25.88*MB*0220064001650*11*1~NM1*QC*1*MURPHY*JAMES*P***MI*9DH1U42AP36~NM1*82*1******XX*1447291851~NM1*TT*2*COLORADO DEPT OF HEALTH-MEDICAID*****PI*70037~MOA***MA01*MA07~REF*EA*7A1C39EA62A543699A8BA98C463F6253~DTM*050*20200304~SVC*HC:99214:25*134*87.63**1~DTM*472*20200213~CAS*CO*45*22.22**253*1.79~CAS*PR*2*22.36~REF*LU*11~REF*6R*CP46XWP06752~AMT*B6*111.78~LQ*HE*N782~SVC*HC:93000*24*13.8**1~DTM*472*20200213~CAS*CO*45*6.4**253*0.28~CAS*PR*2*3.52~REF*LU*11~REF*6R*CP462EO5DDVC~AMT*B6*17.6~LQ*HE*N782~CLP*000100030290*19*138*71.64*25.39*MB*0220064001720*11*1~NM1*QC*1*TREVINO CRUZ*ELVA*A***MI*9FK7DX0QT51~NM1*82*1******XX*1366419582~NM1*TT*2*COLORADO DEPT OF HEALTH-MEDICAID*****PI*70037~MOA***MA01*MA07~REF*EA*7962EA51FC5B4997981008EAD8C2F707~DTM*050*20200304~SVC*HC:99214:25*134*68.23**1~DTM*472*20200221~CAS*CO*45*38.99**253*1.39~CAS*PR*1*7.98**2*17.41~REF*LU*11~REF*6R*CP46Y8USV2TO~AMT*B6*95.01~LQ*HE*N782~LQ*HE*N781~SVC*HC:81002*4*3.41**1~DTM*472*20200221~CAS*CO*45*0.52**253*0.07~REF*LU*11~REF*6R*CP46I3NI8EH0~AMT*B6*3.48~CLP*000100029994*19*134*74.49*19*MB*0220064001630*11*1~NM1*QC*1*TRUJILLO*YVONNE****MI*3M48FD2UM32~NM1*82*1******XX*1396971230~NM1*TT*2*COLORADO DEPT OF HEALTH-MEDICAID*****PI*70037~MOA***MA01*MA07~REF*EA*172994C755DB4AC2B8A273C6B1FD69EF~DTM*050*20200304~SVC*HC:99214*134*74.49**1~DTM*472*20200214~CAS*CO*45*38.99**253*1.52~CAS*PR*2*19~REF*LU*11~REF*6R*CP46A561ZTT9~AMT*B6*95.01~CLP*000100030208*19*54*31.26*7.98*MB*0220064001660*11*1~NM1*QC*1*WAGNER*DOROTHY*J***MI*1WH4X03VA65~NM1*82*1******XX*1164974580~NM1*TT*2*COLORADO DEPT OF HEALTH-MEDICAID*****PI*70037~MOA***MA01*MA07~REF*EA*B0F85EFEDC1A40DA9C598CBFD5CFD4F4~DTM*050*20200304~SVC*HC:99212*54*31.26**1~DTM*472*20200220~CAS*CO*45*14.12**253*0.64~CAS*PR*2*7.98~REF*LU*11~REF*6R*CP46TSM4UJHC~AMT*B6*39.88~LQ*HE*N782~SE*232*000000001~GE*1*147~IEA*1*007700147~