ISA*00*          *00*          *ZZ*04112          *29*E13833         *200331*2359*^*00501*009100145*0*P*:~GS*HP*04112*E13833*20200331*2359*145*X*005010X221A1~ST*835*000000002~BPR*I*160.95*C*ACH*CCP*01*081517693*DA*152302017586*1205296137**01*102000076*DA*2838835219*20200401~TRN*1*890314786*1205296137~REF*EV*E13833~DTM*405*20200331~N1*PR*NOVITAS SOLUTIONS, INC.~N3*PO BOX 3109~N4*MECHANICSBURG*PA*170551825~REF*2U*04112~PER*CX**TE*8552528782~PER*BL*NOVITAS SOLUTIONS, INC. EDI SERVICES*TE*8552528782*EX*1*EM*WEBSITEEDI@NOVITAS-SOLUTIONS.COM~N1*PE*SPANISH PEAKS NEW ALTERNATIV*XX*1508250911~N3*ATTN  BILLING*41 MONTEBELLO ROAD STE 116~N4*PUEBLO*CO*810011366~REF*TJ*841158933~LX*1~CLP*000100026940*19*281*44.37*214*MB*0220078031550*11*1~NM1*QC*1*KLIPFEL*SHARON*L***MI*7DK8P22VU22~NM1*82*1******XX*1164974580~NM1*TT*2*COLORADO DEPT OF HEALTH-MEDICAID*****PI*70037~MOA***MA01*MA07~REF*EA*B7ACDE6F4FE24404BB19AC1CFF282180~DTM*050*20200318~SVC*HC:G0438*214*0****1~DTM*472*20191218~CAS*PR*26*214~REF*LU*11~REF*6R*CP5AHMCZPNFW~LQ*HE*N130~SVC*HC:G0008*32*16.8**1~DTM*472*20191218~CAS*CO*45*14.86**253*0.34~REF*LU*11~REF*6R*CP5A423UHTW3~AMT*B6*17.14~SVC*HC:90674*35*27.57**1~DTM*472*20191218~CAS*CO*45*6.87**253*0.56~REF*LU*11~REF*6R*CP5ALCH6LQRZ~AMT*B6*28.13~CLP*000100028181*19*209*116.58*61.02*MB*0220078031570*11*1~NM1*QC*1*PRUTCH*JOSEPH*C***MI*5TY5MX5NH64~NM1*82*1******XX*1447291851~NM1*TT*2*MUTUAL OF OMAHA INSURANCE COMP*****PI*30090~MOA***MA01*MA18~REF*EA*B9BD417C220146D897C052E94EEBBAC7~DTM*050*20200318~SVC*HC:G0439:25*145*116.58**1~DTM*472*20200114~CAS*CO*45*26.04**253*2.38~REF*LU*11~REF*6R*CP5A1I48VTQD~AMT*B6*118.96~SVC*HC:93000*24*0****1~DTM*472*20200114~CAS*PR*49*24~REF*LU*11~REF*6R*CP5AAWQ0XYI9~SVC*HC:G0396*40*0**1~DTM*472*20200114~CAS*CO*45*2.98~CAS*PR*1*37.02~REF*LU*11~REF*6R*CP5AK4LRQSIH~AMT*B6*37.02~SE*67*000000002~GE*1*145~IEA*1*009100145~