ISA*00*          *00*          *ZZ*04112          *29*E13833         *200407*2359*^*00501*009800139*0*P*:~GS*HP*04112*E13833*20200407*2359*139*X*005010X221A1~ST*835*000000003~BPR*I*531.8*C*ACH*CCP*01*081517693*DA*152302017586*1205296137**01*102000076*DA*2838835219*20200408~TRN*1*890331831*1205296137~REF*EV*E13833~DTM*405*20200407~N1*PR*NOVITAS SOLUTIONS, INC.~N3*PO BOX 3109~N4*MECHANICSBURG*PA*170551825~REF*2U*04112~PER*CX**TE*8552528782~PER*BL*NOVITAS SOLUTIONS, INC. EDI SERVICES*TE*8552528782*EX*1*EM*WEBSITEEDI@NOVITAS-SOLUTIONS.COM~N1*PE*SPANISH PEAKS NEW ALTERNATIV*XX*1508250911~N3*ATTN  BILLING*41 MONTEBELLO ROAD STE 116~N4*PUEBLO*CO*810011366~REF*TJ*841158933~LX*1~CLP*000100030771*19*194*20.03*121.98*MB*0220085019650*11*1~NM1*QC*1*BURNS*VELDA*J***MI*2GU3E63VR97~NM1*82*1******XX*1659521045~NM1*TT*2*CIGNA HEALTH & LIFE INS. CO.*****PI*30380~MOA***MA01*MA18~REF*EA*B8ACA9E208E9432F8D8BC02F979E02AA~DTM*050*20200325~SVC*HC:99214:25*134*0**1~DTM*472*20200302~CAS*CO*45*38.99~CAS*PR*1*95.01~REF*LU*11~REF*6R*CP6YHK90BE35~AMT*B6*95.01~SVC*HC:G0444*20*15.62**1~DTM*472*20200302~CAS*CO*45*4.06**253*0.32~REF*LU*11~REF*6R*CP6YSXDMLYWR~AMT*B6*15.94~SVC*HC:G0396*40*4.41**1~DTM*472*20200302~CAS*CO*45*8.53**253*0.09~CAS*PR*1*25.85**2*1.12~REF*LU*11~REF*6R*CP6YHSX19FOA~AMT*B6*31.47~CLP*000100031012*19*150*54.31*77.49*MB*0220085019610*11*1~NM1*QC*1*HEASMAN*STUART*G***MI*2A93WG7UA18~NM1*82*1******XX*1447291851~NM1*TT*2*COLORADO DEPT OF HEALTH-MEDICAID*****PI*70037~MOA***MA01*MA07~REF*EA*7D8415F90C4D4EAE8A57910D0EA9E08D~DTM*050*20200325~SVC*HC:99213:25*90*6.91**1~DTM*472*20200305~CAS*CO*45*12.86**253*0.14~CAS*PR*1*68.33**2*1.76~REF*LU*11~REF*6R*CP6YHT8OB0QF~AMT*B6*77.14~SVC*HC:G0444*20*18.37**1~DTM*472*20200305~CAS*CO*45*1.25**253*0.38~REF*LU*11~REF*6R*CP6Y9LRB11GR~AMT*B6*18.75~SVC*HC:G0396*40*29.03**1~DTM*472*20200305~CAS*CO*45*2.98**253*0.59~CAS*PR*2*7.4~REF*LU*11~REF*6R*CP6YKYC2L5CN~AMT*B6*37.02~CLP*000100031243*19*90*20.48*44.67*MB*0220085019620*11*1~NM1*QC*1*JAMESON*REGINA*R***MI*2N14CQ4TD72~NM1*82*1******XX*1164974580~NM1*TT*2*STANDARD LIFE AND ACCIDENT INS*****PI*30051~MOA***MA01*MA18~REF*EA*4B84C1F8477742DDAB303DA7270545BB~DTM*050*20200325~SVC*HC:99213*90*20.48**1~DTM*472*20200310~CAS*CO*45*24.43**253*0.42~CAS*PR*1*39.44**2*5.23~REF*LU*11~REF*6R*CP6YNWRJ3CBQ~AMT*B6*65.57~CLP*000100031028*19*179*108.83*19*MB*0220085019640*11*1~NM1*QC*1*KLEPPERICH*MICHAELA****MI*9NG5T31TN83~NM1*82*1******XX*1659521045~NM1*TT*2*COLORADO DEPT OF HEALTH-MEDICAID*****PI*70037~MOA***MA01*MA07~REF*EA*0A8D20349CDF4DF68658C9C20EB028E6~DTM*050*20200325~SVC*HC:99214:25*134*74.49**1~DTM*472*20200305~CAS*CO*45*38.99**253*1.52~CAS*PR*2*19~REF*LU*11~REF*6R*CP6YV4I0NP3G~AMT*B6*95.01~SVC*HC:G0101*45*34.34**1~DTM*472*20200305~CAS*CO*45*9.96**253*0.7~REF*LU*11~REF*6R*CP6YLU1S1IGC~AMT*B6*35.04~CLP*000100031258*19*134*74.49*19*MB*0220085019580*11*1~NM1*QC*1*MAJOR*MARION*J***MI*9DH3A30JM84~NM1*82*1******XX*1164974580~NM1*TT*2*COLORADO DEPT OF HEALTH-MEDICAID*****PI*70037~MOA***MA01*MA07~REF*EA*7277666D2D334DC2B60D4F00024B352D~DTM*050*20200325~SVC*HC:99214*134*74.49**1~DTM*472*20200310~CAS*CO*45*38.99**253*1.52~CAS*PR*2*19~REF*LU*11~REF*6R*CP6Y36WFUYLD~AMT*B6*95.01~CLP*000100031345*19*134*87.63*22.36*MB*0220085019590*11*1~NM1*QC*1*MURPHY*JAMES*P***MI*9DH1U42AP36~NM1*82*1******XX*1447291851~NM1*TT*2*COLORADO DEPT OF HEALTH-MEDICAID*****PI*70037~MOA***MA01*MA07~REF*EA*1073C35BD5864126AA4A74FF3D0575CD~DTM*050*20200325~SVC*HC:99214*134*87.63**1~DTM*472*20200311~CAS*CO*45*22.22**253*1.79~CAS*PR*2*22.36~REF*LU*11~REF*6R*CP6YHGAE5TTK~AMT*B6*111.78~LQ*HE*N782~CLP*000100031221*19*134*87.63*22.36*MB*0220085019600*11*1~NM1*QC*1*SISNEROS*GLORIA*E***MI*9YA0TF3DG34~NM1*82*1******XX*1447291851~NM1*TT*2*COLORADO DEPT OF HEALTH-MEDICAID*****PI*70037~MOA***MA01*MA07~REF*EA*4605F37AE51B4BE2A25F410B26F5DFBA~DTM*050*20200325~SVC*HC:99214*134*87.63**1~DTM*472*20200309~CAS*CO*45*22.22**253*1.79~CAS*PR*2*22.36~REF*LU*11~REF*6R*CP6YFJ7BAZCR~AMT*B6*111.78~CLP*000100031149*19*134*74.49*19*MB*0220085019630*11*1~NM1*QC*1*TREVINO CRUZ*ELVA*A***MI*9FK7DX0QT51~NM1*82*1******XX*1366419582~NM1*TT*2*COLORADO DEPT OF HEALTH-MEDICAID*****PI*70037~MOA***MA01*MA07~REF*EA*B4EA1B1689A54D58829AABE292792FD7~DTM*050*20200325~SVC*HC:99214*134*74.49**1~DTM*472*20200306~CAS*CO*45*38.99**253*1.52~CAS*PR*2*19~REF*LU*11~REF*6R*CP6Y2PCE9LOX~AMT*B6*95.01~LQ*HE*N782~CLP*000100031148*1*90*3.91*61.58*MB*0220085019660*11*1~NM1*QC*1*WITHAAR*CHARLES*D***MI*1MQ4E18CW88~NM1*82*1******XX*1164974580~MOA***MA01~REF*EA*0CDE6AAECA854B349277D63FC3A3AFC5~DTM*050*20200325~SVC*HC:99213*90*3.91**1~DTM*472*20200306~CAS*CO*45*24.43**253*0.08~CAS*PR*1*60.58**2*1~REF*LU*11~REF*6R*CP6YFEDIN5TT~AMT*B6*65.57~SE*176*000000003~GE*1*139~IEA*1*009800139~