ISA*00*          *00*          *ZZ*04112          *29*E13833         *200406*2359*^*00501*009700124*0*P*:~GS*HP*04112*E13833*20200406*2359*124*X*005010X221A1~ST*835*000000001~BPR*I*1332.12*C*ACH*CCP*01*081517693*DA*152302017586*1205296137**01*102000076*DA*2838835219*20200407~TRN*1*890328611*1205296137~REF*EV*E13833~DTM*405*20200406~N1*PR*NOVITAS SOLUTIONS, INC.~N3*PO BOX 3109~N4*MECHANICSBURG*PA*170551825~REF*2U*04112~PER*CX**TE*8552528782~PER*BL*NOVITAS SOLUTIONS, INC. EDI SERVICES*TE*8552528782*EX*1*EM*WEBSITEEDI@NOVITAS-SOLUTIONS.COM~N1*PE*SPANISH PEAKS NEW ALTERNATIV*XX*1508250911~N3*ATTN  BILLING*41 MONTEBELLO ROAD STE 116~N4*PUEBLO*CO*810011366~REF*TJ*841158933~LX*1~CLP*000100031204*19*134*87.63*22.36*MB*0220084015700*11*1~NM1*QC*1*AVILA*ROBERT*A***MI*3UP6QW1DX68~NM1*82*1******XX*1447291851~NM1*TT*2*COLORADO DEPT OF HEALTH-MEDICAID*****PI*70037~MOA***MA01*MA07~REF*EA*4034EEB1D6024007B83EE39DB820FBBF~DTM*050*20200324~SVC*HC:99214*134*87.63**1~DTM*472*20200309~CAS*CO*45*22.22**253*1.79~CAS*PR*2*22.36~REF*LU*11~REF*6R*CP66TDUNDCC7~AMT*B6*111.78~CLP*000100030843*19*134*74.49*19*MB*0220084015670*11*1~NM1*QC*1*GALLEGOS*CARLOS*L***MI*4UD4RR8JD63~NM1*82*1******XX*1659521045~NM1*TT*2*COLORADO DEPT OF HEALTH-MEDICAID*****PI*70037~MOA***MA01*MA07~REF*EA*8DFC054ED53642E9AB22BA12F71A76EA~DTM*050*20200324~SVC*HC:99214*134*74.49**1~DTM*472*20200303~CAS*CO*45*38.99**253*1.52~CAS*PR*2*19~REF*LU*11~REF*6R*CP669MEBURRZ~AMT*B6*95.01~LQ*HE*N782~CLP*000100031268*19*90*60.48*15.43*MB*0220084015680*11*1~NM1*QC*1*LANDIS*NORMA*J***MI*7TE3DE2RU17~NM1*82*1******XX*1447291851~NM1*TT*2*CHAMPVA-VA HEALTH ADMIN CTR*****PI*80214~MOA***MA01*MA18~REF*EA*BFAADD63476C4C22BA6BDB1FD507E58A~DTM*050*20200324~SVC*HC:99213*90*60.48**1~DTM*472*20200310~CAS*CO*45*12.86**253*1.23~CAS*PR*2*15.43~REF*LU*11~REF*6R*CP66XIPEF5I9~AMT*B6*77.14~CLP*000100031032*19*90*61.49*15.43*MB*0220084015660*11*1~NM1*QC*1*MARRONE*JOHN*H***MI*6QM7UN9QU53~NM1*82*1******XX*1538435698~NM1*TT*2*COLORADO DEPT OF HEALTH-MEDICAID*****PI*70037~MOA***MA01*MA07~REF*EA*EB03100C0B734D99B82CB809DC351218~DTM*050*20200324~SVC*HC:99213*90*61.49**1~DTM*472*20200305~CAS*CO*45*12.86**253*1.26**144*-1.04~CAS*PR*2*15.43~REF*LU*11~REF*6R*CP66HZ6D4JUU~AMT*B6*77.14~LQ*HE*N807~LQ*HE*N782~CLP*000100031164*19*2161.98*1048.03*267.35*MB*0220084015690*11*1~NM1*QC*1*ROCCHIO*JAMES*J***MI*8K63C16EE18~NM1*82*1******XX*1366419582~NM1*TT*2*COLORADO DEPT OF HEALTH-MEDICAID*****PI*70037~MOA***MA01*MA07~REF*EA*58240BBB7214446B975EC2E3E235C15D~DTM*050*20200324~SVC*HC:99214:25*272.99*74.49**1~DTM*472*20200309~CAS*CO*45*177.98**253*1.52~CAS*PR*2*19~REF*LU*11~REF*6R*CP66XYBMFCOV~AMT*B6*95.01~LQ*HE*N782~SVC*HC:96372*83.99*9.77**1~DTM*472*20200309~CAS*CO*45*71.53**253*0.2~CAS*PR*2*2.49~REF*LU*11~REF*6R*CP666VCPEQLB~AMT*B6*12.46~LQ*HE*N782~SVC*HC:J2315*1805*963.77**380~DTM*472*20200309~CAS*CO*45*575.7**253*19.67~CAS*PR*2*245.86~REF*LU*11~REF*6R*CP66O4F016YV~AMT*B6*1229.3~LQ*HE*N782~SE*107*000000001~GE*1*124~IEA*1*009700124~