ISA*00*          *00*          *ZZ*04112          *29*E13833         *200428*2359*^*00501*011900136*0*P*:~GS*HP*04112*E13833*20200428*2359*136*X*005010X221A1~ST*835*000000002~BPR*I*144.51*C*ACH*CCP*01*081517693*DA*152302017586*1205296137**01*102000076*DA*2838835219*20200429~TRN*1*890378884*1205296137~REF*EV*E13833~DTM*405*20200428~N1*PR*NOVITAS SOLUTIONS, INC.~N3*PO BOX 3109~N4*MECHANICSBURG*PA*170551825~REF*2U*04112~PER*CX**TE*8552528782~PER*BL*NOVITAS SOLUTIONS, INC. EDI SERVICES*TE*8552528782*EX*1*EM*WEBSITEEDI@NOVITAS-SOLUTIONS.COM~N1*PE*SPANISH PEAKS NEW ALTERNATIV*XX*1508250911~N3*ATTN  BILLING*41 MONTEBELLO ROAD STE 116~N4*PUEBLO*CO*810011366~REF*TJ*841158933~LX*1~CLP*000100032502*19*178.3*35.01*8.93*MB*0220106014760*02*1~NM1*QC*1*COOK*DAVID*T***MI*6ED1FE4MH27~NM1*82*1******XX*1164974580~NM1*TT*2*COLORADO DEPT OF HEALTH-MEDICAID*****PI*70037~MOA***MA01*MA07~REF*EA*1A58E6E954F849E1AC005C4086EC7E7C~DTM*050*20200415~SVC*HC:99213*178.3*35.01**1~DTM*472*20200331~CAS*CO*45*133.65**253*0.71~CAS*PR*2*8.93~REF*LU*02~REF*6R*CPFYWBOOJQNF~AMT*B6*44.65~LQ*HE*N535~LQ*HE*N782~CLP*000100030444*19*134*74.49*19*MB*0220106014740*11*1~NM1*QC*1*GALLEGOS*CARLOS*L***MI*4UD4RR8JD63~NM1*82*1******XX*1659521045~NM1*TT*2*COLORADO DEPT OF HEALTH-MEDICAID*****PI*70037~MOA***MA01*MA07~REF*EA*13D6D5C135CB45F2AE4630CFBA88FE9F~DTM*050*20200415~SVC*HC:99214*134*74.49**1~DTM*472*20200225~CAS*CO*45*38.99**253*1.52~CAS*PR*2*19~REF*LU*11~REF*6R*CPFYMIZKUJ4U~AMT*B6*95.01~LQ*HE*N782~CLP*000100032830*19*178.3*35.01*8.93*MB*0220106014720*02*1~NM1*QC*1*NIOUS*LATEEFAH*S***MI*5K05AD5CJ56~NM1*82*1******XX*1659521045~NM1*TT*2*COLORADO DEPT OF HEALTH-MEDICAID*****PI*70037~MOA***MA01*MA07~REF*EA*E90FAB59E31947C7855E1DD1F37A27EC~DTM*050*20200415~SVC*HC:99213*178.3*35.01**1~DTM*472*20200407~CAS*CO*45*133.65**253*0.71~CAS*PR*2*8.93~REF*LU*02~REF*6R*CPFYTVGFROKA~AMT*B6*44.65~LQ*HE*N535~SE*63*000000002~GE*1*136~IEA*1*011900136~