ISA*00*          *00*          *ZZ*04112          *29*E13833         *200402*2359*^*00501*009300136*0*P*:~GS*HP*04112*E13833*20200402*2359*136*X*005010X221A1~ST*835*000000001~BPR*I*1464.81*C*ACH*CCP*01*081517693*DA*152302017586*1205296137**01*102000076*DA*2838835219*20200403~TRN*1*890321771*1205296137~REF*EV*E13833~DTM*405*20200402~N1*PR*NOVITAS SOLUTIONS, INC.~N3*PO BOX 3109~N4*MECHANICSBURG*PA*170551825~REF*2U*04112~PER*CX**TE*8552528782~PER*BL*NOVITAS SOLUTIONS, INC. EDI SERVICES*TE*8552528782*EX*1*EM*WEBSITEEDI@NOVITAS-SOLUTIONS.COM~N1*PE*SPANISH PEAKS NEW ALTERNATIV*XX*1508250911~N3*ATTN  BILLING*41 MONTEBELLO ROAD STE 116~N4*PUEBLO*CO*810011366~REF*TJ*841158933~LX*1~CLP*000100030761*19*134*87.63*22.36*MB*0220080252350*11*1~NM1*QC*1*AVILA*ROBERT*A***MI*3UP6QW1DX68~NM1*82*1******XX*1447291851~NM1*TT*2*COLORADO DEPT OF HEALTH-MEDICAID*****PI*70037~MOA***MA01*MA07~REF*EA*E3D310950BAA4956A2C340D644AFB1B5~DTM*050*20200320~SVC*HC:99214*134*87.63**1~DTM*472*20200302~CAS*CO*45*22.22**253*1.79~CAS*PR*2*22.36~REF*LU*11~REF*6R*CP6UEPDPU9Z0~AMT*B6*111.78~CLP*000100031041*19*145*116.58**MB*0220080252220*11*1~NM1*QC*1*BARRETT*MICHAEL****MI*8CH8QW6EF58~NM1*82*1******XX*1447291851~NM1*TT*2*ANTHEM FEP COLORADO*****PI*80034~MOA***MA01*MA18~REF*EA*DAE8217868EC481D9723CEE777BDB8D4~DTM*050*20200320~SVC*HC:G0439*145*116.58**1~DTM*472*20200305~CAS*CO*45*26.04**253*2.38~REF*LU*11~REF*6R*CP6U68IZP3PA~AMT*B6*118.96~CLP*000100030553*1*169*130.38*3.52*MB*0220080252340*11*1~NM1*QC*1*BOTELHO*DAWN*M***MI*5VV7XF2AE38~NM1*82*1******XX*1447291851~MOA***MA01~REF*EA*6858AA7C3EC14D329567CAEE73FA7EBB~DTM*050*20200320~SVC*HC:G0439:25*145*116.58**1~DTM*472*20200226~CAS*CO*45*26.04**253*2.38~REF*LU*11~REF*6R*CP6UW5DBLLYG~AMT*B6*118.96~SVC*HC:93000*24*13.8**1~DTM*472*20200226~CAS*CO*45*6.4**253*0.28~CAS*PR*2*3.52~REF*LU*11~REF*6R*CP6U06WPCLWN~AMT*B6*17.6~CLP*000100030942*19*90*51.41*13.11*MB*0220080252260*11*1~NM1*QC*1*CADDICK*TIA****MI*3C00VE5QW46~NM1*82*1******XX*1164974580~NM1*TT*2*COLORADO DEPT OF HEALTH-MEDICAID*****PI*70037~MOA***MA01*MA07~REF*EA*8A25C4FE87C54E1B8BA4664AEC11EF6F~DTM*050*20200320~SVC*HC:99213*90*51.41**1~DTM*472*20200304~CAS*CO*45*24.43**253*1.05~CAS*PR*2*13.11~REF*LU*11~REF*6R*CP6U9Q59X4NB~AMT*B6*65.57~LQ*HE*N782~CLP*000100030974*19*90*60.48*15.43*MB*0220080252380*11*1~NM1*QC*1*CAMP*KAREN*N***MI*6MT2U56KQ95~NM1*82*1******XX*1447291851~NM1*TT*2*BCBS OF KANSAS*****PI*30062~MOA***MA01*MA18~REF*EA*BC850E499D334883B2E43D187438A9C6~DTM*050*20200320~SVC*HC:99213*90*60.48**1~DTM*472*20200304~CAS*CO*45*12.86**253*1.23~CAS*PR*2*15.43~REF*LU*11~REF*6R*CP6UAKT8JZ0L~AMT*B6*77.14~CLP*000100030894*19*90*51.41*13.11*MB*0220080252330*11*1~NM1*QC*1*COX*NANCY*L***MI*2EN8CT1WV55~NM1*82*1******XX*1164974580~NM1*TT*2*UNITEDHEALTH GROUP*****PI*30002~MOA***MA01*MA18~REF*EA*5CE3FEE1E2A94D2EA6C9EBB1F12BCFD9~DTM*050*20200320~SVC*HC:99213*90*51.41**1~DTM*472*20200303~CAS*CO*45*24.43**253*1.05~CAS*PR*2*13.11~REF*LU*11~REF*6R*CP6UBMFOF8TL~AMT*B6*65.57~CLP*000100030826*19*90*51.41*13.11*MB*0220080252200*11*1~NM1*QC*1*DEWEY*THERESE*R***MI*8HN1AG0YR21~NM1*82*1******XX*1164974580~NM1*TT*2*UNITEDHEALTH GROUP*****PI*30002~MOA***MA01*MA18~REF*EA*8FAE093C4E2E430C9E6A5D4778CBEFFD~DTM*050*20200320~SVC*HC:99213*90*51.41**1~DTM*472*20200303~CAS*CO*45*24.43**253*1.05~CAS*PR*2*13.11~REF*LU*11~REF*6R*CP6UZ3AC5GP2~AMT*B6*65.57~CLP*000100030699*1*212*143.47**MB*0220080252370*11*1~NM1*QC*1*GALLEGOS*PHILLIP*A***MI*5UT1H34YC34~NM1*82*1******XX*1164974580~MOA***MA01~REF*EA*3588EC6CC7434AB5ABD9617EDC62BA70~DTM*050*20200320~SVC*HC:G0439:25*145*99.1**1~DTM*472*20200227~CAS*CO*45*43.88**253*2.02~REF*LU*11~REF*6R*CP6U55AZCL17~AMT*B6*101.12~SVC*HC:G0008*32*16.8**1~DTM*472*20200227~CAS*CO*45*14.86**253*0.34~REF*LU*11~REF*6R*CP6UBS4CPR9R~AMT*B6*17.14~SVC*HC:90674*35*27.57**1~DTM*472*20200227~CAS*CO*45*6.87**253*0.56~REF*LU*11~REF*6R*CP6UD8V2CSF6~AMT*B6*28.13~CLP*000100030836*19*150*91.71*19.4*MB*0220080252250*11*1~NM1*QC*1*KLIPFEL*SHARON*L***MI*7DK8P22VU22~NM1*82*1******XX*1164974580~NM1*TT*2*COLORADO DEPT OF HEALTH-MEDICAID*****PI*70037~MOA***MA01*MA07~REF*EA*E6FA11EB11854EFCBECD65B3FD9BFC69~DTM*050*20200320~SVC*HC:99213:25*90*51.41**1~DTM*472*20200303~CAS*CO*45*24.43**253*1.05~CAS*PR*2*13.11~REF*LU*11~REF*6R*CP6UKOFEDRFL~AMT*B6*65.57~SVC*HC:G0444*20*15.62**1~DTM*472*20200303~CAS*CO*45*4.06**253*0.32~REF*LU*11~REF*6R*CP6UNKELSUWY~AMT*B6*15.94~SVC*HC:G0396*40*24.68**1~DTM*472*20200303~CAS*CO*45*8.53**253*0.5~CAS*PR*2*6.29~REF*LU*11~REF*6R*CP6U4AUV5PGV~AMT*B6*31.47~CLP*000100030764*19*90*60.48*15.43*MB*0220080252280*11*1~NM1*QC*1*LANDIS*NORMA*J***MI*7TE3DE2RU17~NM1*82*1******XX*1447291851~NM1*TT*2*CHAMPVA-VA HEALTH ADMIN CTR*****PI*80214~MOA***MA01*MA18~REF*EA*C41B69695D2344049B25EF2F0AB10F0C~DTM*050*20200320~SVC*HC:99213*90*60.48**1~DTM*472*20200302~CAS*CO*45*12.86**253*1.23~CAS*PR*2*15.43~REF*LU*11~REF*6R*CP6U17WBN8BW~AMT*B6*77.14~CLP*000100030983*1*145*116.58**MB*0220080252270*11*1~NM1*QC*1*LATKA*CHARLES****MI*5VY1Y26YY97~NM1*82*1******XX*1447291851~MOA***MA01~REF*EA*EDC6058FBD154F579163A3A56A7F4577~DTM*050*20200320~SVC*HC:G0439*145*116.58**1~DTM*472*20200304~CAS*CO*45*26.04**253*2.38~REF*LU*11~REF*6R*CP6UGAG3O526~AMT*B6*118.96~CLP*000100030861*19*90*51.41*13.11*MB*0220080252310*11*1~NM1*QC*1*MATTHEWS*MICHAEL****MI*3HT9V18NG30~NM1*82*1******XX*1164974580~NM1*TT*2*COLORADO DEPT OF HEALTH-MEDICAID*****PI*70037~MOA***MA01*MA07~REF*EA*6451FA21A15A4F8EBB04CC11E4E78701~DTM*050*20200320~SVC*HC:99213*90*51.41**1~DTM*472*20200303~CAS*CO*45*24.43**253*1.05~CAS*PR*2*13.11~REF*LU*11~REF*6R*CP6U5G20JQJI~AMT*B6*65.57~LQ*HE*N782~CLP*000100030434*19*195*15.62*97.99*MB*0220080252320*11*1~NM1*QC*1*MATTSON*BERNANDET****MI*8YY4QH8HN88~NM1*82*1******XX*1396971230~NM1*TT*2*ANTHEM CO*****PI*00561~MOA***MA01*MA18~REF*EA*7A3CC6AD1CFE4241A18F5CEA4759CEF8~DTM*050*20200320~SVC*HC:99202:25*135*0**1~DTM*472*20200225~CAS*CO*45*68.48~CAS*PR*1*66.52~REF*LU*11~REF*6R*CP6UEM3WJKDM~AMT*B6*66.52~SVC*HC:G0444*20*15.62**1~DTM*472*20200225~CAS*CO*45*4.06**253*0.32~REF*LU*11~REF*6R*CP6UB7I3PPEA~AMT*B6*15.94~SVC*HC:G0396*40*0**1~DTM*472*20200225~CAS*CO*45*8.53~CAS*PR*1*31.47~REF*LU*11~REF*6R*CP6U75QVKKBT~AMT*B6*31.47~CLP*000100030565*1*90*51.41*13.11*MB*0220080252230*11*1~NM1*QC*1*MOYA*DERRIK*S***MI*3FY9EG6TG53~NM1*82*1******XX*1396971230~MOA***MA01~REF*EA*7390EAFABCE04CE1808325B552BE6BA3~DTM*050*20200320~SVC*HC:99213*90*51.41**1~DTM*472*20200226~CAS*CO*45*24.43**253*1.05~CAS*PR*2*13.11~REF*LU*11~REF*6R*CP6U5ZIMKUJU~AMT*B6*65.57~CLP*000100030914*1*90*51.41*13.11*MB*0220080252360*11*1~NM1*QC*1*PHILLIPS*HENRY****MI*2T22TQ2MD93~NM1*82*1******XX*1164974580~MOA***MA01~REF*EA*5B386416D41448899247D88DFBF039CC~DTM*050*20200320~SVC*HC:99213*90*51.41**1~DTM*472*20200304~CAS*CO*45*24.43**253*1.05~CAS*PR*2*13.11~REF*LU*11~REF*6R*CP6UDWYOQ0EU~AMT*B6*65.57~CLP*000100030932*1*90*51.41*13.11*MB*0220080252190*11*1~NM1*QC*1*TWITE II*DANNY*D***MI*4K74CM9TE99~NM1*82*1******XX*1164974580~MOA***MA01~REF*EA*90097230676744E886B3CCF1758AADF6~DTM*050*20200320~SVC*HC:99213*90*51.41**1~DTM*472*20200304~CAS*CO*45*24.43**253*1.05~CAS*PR*2*13.11~REF*LU*11~REF*6R*CP6UBGXQ4PN3~AMT*B6*65.57~CLP*000100030748*19*195*108.42*25.5*MB*0220080252290*11*1~NM1*QC*1*VALDEZ MARTIN*SONIA****MI*7RR8YE6TU37~NM1*82*1******XX*1366419582~NM1*TT*2*COLORADO DEPT OF HEALTH-MEDICAID*****PI*70037~MOA***MA01*MA07~REF*EA*060AF153D18143EBAA22615CE6BDF91E~DTM*050*20200320~SVC*HC:99215:25*180*99.98**1~DTM*472*20200302~CAS*CO*45*52.48**253*2.04~CAS*PR*2*25.5~REF*LU*11~REF*6R*CP6U7OD1SB7G~AMT*B6*127.52~LQ*HE*N782~SVC*HC:81025*15*8.44**1~DTM*472*20200302~CAS*CO*45*6.39**253*0.17~REF*LU*11~REF*6R*CP6UPJI82NVZ~AMT*B6*8.61~CLP*000100030828*19*134*74.49*19*MB*0220080252300*11*1~NM1*QC*1*VALDEZ MARTIN*SONIA****MI*7RR8YE6TU37~NM1*82*1******XX*1366419582~NM1*TT*2*COLORADO DEPT OF HEALTH-MEDICAID*****PI*70037~MOA***MA01*MA07~REF*EA*E5C0C50652AA4B90A854ED284B1F05C0~DTM*050*20200320~SVC*HC:99214*134*74.49**1~DTM*472*20200303~CAS*CO*45*38.99**253*1.52~CAS*PR*2*19~REF*LU*11~REF*6R*CP6U8OZEGY1I~AMT*B6*95.01~LQ*HE*N782~CLP*000100030864*1*145*99.1**MB*0220080252240*11*1~NM1*QC*1*WAGNER*DOROTHY*J***MI*1WH4X03VA65~NM1*82*1******XX*1164974580~MOA***MA01~REF*EA*E0D29979E7F8481486F4AC4596FB856D~DTM*050*20200320~SVC*HC:G0439*145*99.1**1~DTM*472*20200303~CAS*CO*45*43.88**253*2.02~REF*LU*11~REF*6R*CP6UPYA351FL~AMT*B6*101.12~SE*326*000000001~GE*1*136~IEA*1*009300136~