ISA*00*          *00*          *ZZ*04112          *29*E13833         *200424*2359*^*00501*011500139*0*P*:~GS*HP*04112*E13833*20200424*2359*139*X*005010X221A1~ST*835*000000001~BPR*I*377.02*C*ACH*CCP*01*081517693*DA*152302017586*1205296137**01*102000076*DA*2838835219*20200427~TRN*1*890372656*1205296137~REF*EV*E13833~DTM*405*20200424~N1*PR*NOVITAS SOLUTIONS, INC.~N3*PO BOX 3109~N4*MECHANICSBURG*PA*170551825~REF*2U*04112~PER*CX**TE*8552528782~PER*BL*NOVITAS SOLUTIONS, INC. EDI SERVICES*TE*8552528782*EX*1*EM*WEBSITEEDI@NOVITAS-SOLUTIONS.COM~N1*PE*SPANISH PEAKS NEW ALTERNATIV*XX*1508250911~N3*ATTN  BILLING*41 MONTEBELLO ROAD STE 116~N4*PUEBLO*CO*810011366~REF*TJ*841158933~LX*1~CLP*000100032598*19*272.99*63.38*16.17*MB*0220104211510*02*1~NM1*QC*1*BUTCHER*DOROTHY*B***MI*8N55UV9XD56~NM1*82*1******XX*1447291851~NM1*TT*2*UNITEDHEALTH GROUP*****PI*30002~MOA***MA01*MA18~REF*EA*20239A8BEEDC4CCE882D60AED64EAEAE~DTM*050*20200413~SVC*HC:99214*272.99*63.38**1~DTM*472*20200401~CAS*CO*45*192.15**253*1.29~CAS*PR*2*16.17~REF*LU*02~REF*6R*CPFUJ3WQ8CRO~AMT*B6*80.84~LQ*HE*N535~CLP*000100031649*19*178*51.41*101.11*MB*0220104211560*11*1~NM1*QC*1*CENTA*MARILYNN****MI*7FQ2KD6GF15~NM1*82*1******XX*1396971230~NM1*TT*2*ANTHEM CO*****PI*00561~MOA***MA01*MA18~REF*EA*6121323DB1FD4F0FBCE38B90E19BA1AF~DTM*050*20200413~SVC*HC:99213:25*90*51.41**1~DTM*472*20200317~CAS*CO*45*24.43**253*1.05~CAS*PR*2*13.11~REF*LU*11~REF*6R*CPFUWPQ0FJHX~AMT*B6*65.57~SVC*HC:90471*35*0****1~DTM*472*20200317~CAS*PR*96*35~REF*LU*11~REF*6R*CPFUKU9WYU7H~LQ*HE*N425~SVC*HC:90715*53*0****1~DTM*472*20200317~CAS*PR*96*53~REF*LU*11~REF*6R*CPFU8HI5WV6S~LQ*HE*N425~CLP*000100029568*19*134*74.49*19*MB*0220104211540*11*1~NM1*QC*1*DALTON*JASON****MI*4DA9Q86PX37~NM1*82*1******XX*1659521045~NM1*TT*2*COLORADO DEPT OF HEALTH-MEDICAID*****PI*70037~MOA***MA01*MA07~REF*EA*3CD05A1D152947BB932C240756A23844~DTM*050*20200413~SVC*HC:99214*134*74.49**1~DTM*472*20200206~CAS*CO*45*38.99**253*1.52~CAS*PR*2*19~REF*LU*11~REF*6R*CPE2LQ67LQIJ~AMT*B6*95.01~LQ*HE*N782~CLP*000100028340*19*265*152.73*34.97*MB*0220104211550*11*1~NM1*QC*1*DALTON*JASON****MI*4DA9Q86PX37~NM1*82*1******XX*1659521045~NM1*TT*2*COLORADO DEPT OF HEALTH-MEDICAID*****PI*70037~MOA***MA01*MA07~REF*EA*3FE99E71E2094D3484B0525A74D174C2~DTM*050*20200413~SVC*HC:99204:25*205*112.43**1~DTM*472*20200116~CAS*CO*45*61.6**253*2.29~CAS*PR*2*28.68~REF*LU*11~REF*6R*CPE2TSKP0NJ2~AMT*B6*143.4~LQ*HE*N782~SVC*HC:G0444*20*15.62**1~DTM*472*20200116~CAS*CO*45*4.06**253*0.32~REF*LU*11~REF*6R*CPE2JPHG381G~AMT*B6*15.94~SVC*HC:G0396*40*24.68**1~DTM*472*20200116~CAS*CO*45*8.53**253*0.5~CAS*PR*2*6.29~REF*LU*11~REF*6R*CPE2VSM3QXFU~AMT*B6*31.47~LQ*HE*N782~CLP*000100032868*19*178.3*35.01*8.93*MB*0220104211530*02*1~NM1*QC*1*GALLEGOS*CARLOS*L***MI*4UD4RR8JD63~NM1*82*1******XX*1659521045~NM1*TT*2*COLORADO DEPT OF HEALTH-MEDICAID*****PI*70037~MOA***MA01*MA07~REF*EA*FB2A01AC9DE94FA38F1A4B1D57348889~DTM*050*20200413~SVC*HC:99213*178.3*35.01**1~DTM*472*20200407~CAS*CO*45*133.65**253*0.71~CAS*PR*2*8.93~REF*LU*02~REF*6R*CPFURBXT04HO~AMT*B6*44.65~LQ*HE*N535~LQ*HE*N782~SE*118*000000001~GE*1*139~IEA*1*011500139~