ISA*00*          *00*          *ZZ*04112          *29*E13833         *200326*2359*^*00501*008600153*0*P*:~GS*HP*04112*E13833*20200326*2359*153*X*005010X221A1~ST*835*000000002~BPR*I*809.19*C*ACH*CCP*01*081517693*DA*152302017586*1205296137**01*102000076*DA*2838835219*20200327~TRN*1*890303905*1205296137~REF*EV*E13833~DTM*405*20200326~N1*PR*NOVITAS SOLUTIONS, INC.~N3*PO BOX 3109~N4*MECHANICSBURG*PA*170551825~REF*2U*04112~PER*CX**TE*8552528782~PER*BL*NOVITAS SOLUTIONS, INC. EDI SERVICES*TE*8552528782*EX*1*EM*WEBSITEEDI@NOVITAS-SOLUTIONS.COM~N1*PE*SPANISH PEAKS NEW ALTERNATIV*XX*1508250911~N3*ATTN  BILLING*41 MONTEBELLO ROAD STE 116~N4*PUEBLO*CO*810011366~REF*TJ*841158933~LX*1~CLP*000100027250*19*90*50.71*12.94*MB*0220073324850*11*1~NM1*QC*1*BEAN*LYNN*M***MI*6VP2JF4UR02~NM1*82*1******XX*1164974580~NM1*TT*2*COLORADO DEPT OF HEALTH-MEDICAID*****PI*70037~MOA***MA01*MA07~REF*EA*FC3B725B3A244B6B9099E97EF16BA5D8~DTM*050*20200313~SVC*HC:99213*90*50.71**1~DTM*472*20191226~CAS*CO*45*25.31**253*1.04~CAS*PR*2*12.94~REF*LU*11~REF*6R*CP5MSI5H8AR8~AMT*B6*64.69~LQ*HE*N782~CLP*000100030780*19*134*74.49*19*MB*0220073324900*11*1~NM1*QC*1*CENTA*MARILYNN****MI*7FQ2KD6GF15~NM1*82*1******XX*1659521045~NM1*TT*2*ANTHEM CO*****PI*00561~MOA***MA01*MA18~REF*EA*98D7F458BAE54A1993FB002180E6A894~DTM*050*20200313~SVC*HC:99214*134*74.49**1~DTM*472*20200302~CAS*CO*45*38.99**253*1.52~CAS*PR*2*19~REF*LU*11~REF*6R*CP56GNQWB7I1~AMT*B6*95.01~CLP*000100030624*19*94*63.89*15.43*MB*0220073324830*11*1~NM1*QC*1*DRAPER*RUBY*J***MI*9XJ4UJ7EM84~NM1*82*1******XX*1447291851~NM1*TT*2*CHAMPVA-VA HEALTH ADMIN CTR*****PI*80214~MOA***MA01*MA18~REF*EA*D0A64953901C4D4E8A2DD5D60C981763~DTM*050*20200313~SVC*HC:99213:25*90*60.48**1~DTM*472*20200226~CAS*CO*45*12.86**253*1.23~CAS*PR*2*15.43~REF*LU*11~REF*6R*CP5689URHVAD~AMT*B6*77.14~SVC*HC:81002*4*3.41**1~DTM*472*20200226~CAS*CO*45*0.52**253*0.07~REF*LU*11~REF*6R*CP56GW1CW5L6~AMT*B6*3.48~CLP*000100030585*19*134*74.49*19*MB*0220073324810*11*1~NM1*QC*1*GALLEGOS*CARLOS*L***MI*4UD4RR8JD63~NM1*82*1******XX*1366419582~NM1*TT*2*COLORADO DEPT OF HEALTH-MEDICAID*****PI*70037~MOA***MA01*MA07~REF*EA*375407586B054A3B909096F7B816D63B~DTM*050*20200313~SVC*HC:99214*134*74.49**1~DTM*472*20200226~CAS*CO*45*38.99**253*1.52~CAS*PR*2*19~REF*LU*11~REF*6R*CP56A36MDX1X~AMT*B6*95.01~LQ*HE*N782~CLP*000100030551*19*90*51.41*13.11*MB*0220073324910*11*1~NM1*QC*1*GRIEGO*ALYSIA****MI*5H04YE6YY60~NM1*82*1******XX*1396971230~NM1*TT*2*COLORADO DEPT OF HEALTH-MEDICAID*****PI*70037~MOA***MA01*MA07~REF*EA*2DEB1A3998774BC4A5886CB4A3E664A7~DTM*050*20200313~SVC*HC:99213*90*51.41**1~DTM*472*20200226~CAS*CO*45*24.43**253*1.05~CAS*PR*2*13.11~REF*LU*11~REF*6R*CP561IWDAOXK~AMT*B6*65.57~CLP*000100030549*19*134*87.63*22.36*MB*0220073324860*11*1~NM1*QC*1*LOPEZ*CORINNE*A***MI*6VY9VF8XJ25~NM1*82*1******XX*1447291851~NM1*TT*2*UNITEDHEALTH GROUP*****PI*30002~MOA***MA01*MA18~REF*EA*FDBBDE6245FF46629540532F8F7F5B52~DTM*050*20200313~SVC*HC:99214*134*87.63**1~DTM*472*20200226~CAS*CO*45*22.22**253*1.79~CAS*PR*2*22.36~REF*LU*11~REF*6R*CP56X7963WA6~AMT*B6*111.78~CLP*000100022609*19*134*74.23*18.93*MB*0220073324840*11*1~NM1*QC*1*PADILLA*PETE****MI*7WQ1N51YW18~NM1*82*1******XX*1366419582~NM1*TT*2*COLORADO DEPT OF HEALTH-MEDICAID*****PI*70037~MOA***MA01*MA07~REF*EA*CA03C99B709545EB96CBC444E1BB95FA~DTM*050*20200313~SVC*HC:99214*134*74.23**1~DTM*472*20190920~CAS*CO*45*39.33**253*1.51~CAS*PR*2*18.93~REF*LU*11~REF*6R*CP5MZH9WO5XZ~AMT*B6*94.67~CLP*000100030511*1*94*49.41*18.63*MB*0220073324930*11*1~NM1*QC*1*PHILLIPS*HENRY****MI*2T22TQ2MD93~NM1*82*1******XX*1164974580~MOA***MA01~REF*EA*5E7B52BD98A64FDC804E3D4B5FC3E912~DTM*050*20200313~SVC*HC:99213:25*90*46**1~DTM*472*20200226~CAS*CO*45*24.43**253*0.94~CAS*PR*1*6.89**2*11.74~REF*LU*11~REF*6R*CP56CQHEDDJR~AMT*B6*65.57~SVC*HC:81002*4*3.41**1~DTM*472*20200226~CAS*CO*45*0.52**253*0.07~REF*LU*11~REF*6R*CP56H72UH2KZ~AMT*B6*3.48~CLP*000100030616*1*134*74.49*19*MB*0220073324870*11*1~NM1*QC*1*ROMERO*MARTHA*H***MI*2AM7TY6MN30~NM1*82*1******XX*1659521045~MOA***MA01~REF*EA*361837F96D7142709526395602573A96~DTM*050*20200313~SVC*HC:99214*134*74.49**1~DTM*472*20200226~CAS*CO*45*38.99**253*1.52~CAS*PR*2*19~REF*LU*11~REF*6R*CP56SGJ3UG61~AMT*B6*95.01~LQ*HE*N782~CLP*000100030804*19*134*74.49*19*MB*0220073324920*11*1~NM1*QC*1*SANDOVAL*IRENE*E***MI*7XD5M29MX89~NM1*82*1******XX*1659521045~NM1*TT*2*COLORADO DEPT OF HEALTH-MEDICAID*****PI*70037~MOA***MA01*MA07~REF*EA*29143E9A23D74A889CE738E7D92E3A05~DTM*050*20200313~SVC*HC:99214*134*74.49**1~DTM*472*20200302~CAS*CO*45*38.99**253*1.52~CAS*PR*2*19~REF*LU*11~REF*6R*CP56W0CH7Y3X~AMT*B6*95.01~LQ*HE*N782~CLP*000100030567*1*134*74.49*19*MB*0220073324940*11*1~NM1*QC*1*SMITHLING*TIMOTHY****MI*6M08W43QN59~NM1*82*1******XX*1366419582~MOA***MA01~REF*EA*AB349AAFEB4F4D0880A0F562B57B79C4~DTM*050*20200313~SVC*HC:99214*134*74.49**1~DTM*472*20200226~CAS*CO*45*38.99**253*1.52~CAS*PR*2*19~REF*LU*11~REF*6R*CP569O6ZHSZ2~AMT*B6*95.01~CLP*000100030540*19*134*59.46*34.34*MB*0220073324820*11*1~NM1*QC*1*ZARATE*JOHN****MI*5XR3EQ4QH90~NM1*82*1******XX*1396971230~NM1*TT*2*COLORADO DEPT OF HEALTH-MEDICAID*****PI*70037~MOA***MA01*MA07~REF*EA*89388B0781204F5D80DBE2A9AF81A5D7~DTM*050*20200313~SVC*HC:99214*134*59.46**1~DTM*472*20200226~CAS*CO*45*38.99**253*1.21~CAS*PR*1*19.17**2*15.17~REF*LU*11~REF*6R*CP56NRX2PHI8~AMT*B6*95.01~SE*198*000000002~GE*1*153~IEA*1*008600153~