ISA*00*          *00*          *ZZ*04112          *29*E13833         *200410*2359*^*00501*010100148*0*P*:~GS*HP*04112*E13833*20200410*2359*148*X*005010X221A1~ST*835*000000002~BPR*I*1250.99*C*ACH*CCP*01*081517693*DA*152302017586*1205296137**01*102000076*DA*2838835219*20200413~TRN*1*890341546*1205296137~REF*EV*E13833~DTM*405*20200410~N1*PR*NOVITAS SOLUTIONS, INC.~N3*PO BOX 3109~N4*MECHANICSBURG*PA*170551825~REF*2U*04112~PER*CX**TE*8552528782~PER*BL*NOVITAS SOLUTIONS, INC. EDI SERVICES*TE*8552528782*EX*1*EM*WEBSITEEDI@NOVITAS-SOLUTIONS.COM~N1*PE*SPANISH PEAKS NEW ALTERNATIV*XX*1508250911~N3*ATTN  BILLING*41 MONTEBELLO ROAD STE 116~N4*PUEBLO*CO*810011366~REF*TJ*841158933~LX*1~CLP*000100031569*19*90*60.48*15.43*MB*0220090002410*11*1~NM1*QC*1*AVILA*ROBERT*A***MI*3UP6QW1DX68~NM1*82*1******XX*1447291851~NM1*TT*2*COLORADO DEPT OF HEALTH-MEDICAID*****PI*70037~MOA***MA01*MA07~REF*EA*A4AFB32B84FB4DF5B9661FFED4ED6E2B~DTM*050*20200330~SVC*HC:99213*90*60.48**1~DTM*472*20200316~CAS*CO*45*12.86**253*1.23~CAS*PR*2*15.43~REF*LU*11~REF*6R*CP6AUUF24LHB~AMT*B6*77.14~CLP*000100031440*19*1986*1056.47*267.35*MB*0220090002350*11*1~NM1*QC*1*BARNELL*SHANNA****MI*9KW9DE2VG31~NM1*82*1******XX*1396971230~NM1*TT*2*COLORADO DEPT OF HEALTH-MEDICAID*****PI*70037~MOA***MA01*MA07~REF*EA*C794C44CB99D494E8D9D10EC97700018~DTM*050*20200330~SVC*HC:99214:25*134*74.49**1~DTM*472*20200312~CAS*CO*45*38.99**253*1.52~CAS*PR*2*19~REF*LU*11~REF*6R*CP6ABRFULQN6~AMT*B6*95.01~LQ*HE*N782~SVC*HC:96372*32*9.77**1~DTM*472*20200312~CAS*CO*45*19.54**253*0.2~CAS*PR*2*2.49~REF*LU*11~REF*6R*CP6A4CR8KZ5S~AMT*B6*12.46~LQ*HE*N782~SVC*HC:J2315*1805*963.77**380~DTM*472*20200312~CAS*CO*45*575.7**253*19.67~CAS*PR*2*245.86~REF*LU*11~REF*6R*CP6ALKYALB6N~AMT*B6*1229.3~LQ*HE*N782~SVC*HC:81025*15*8.44**1~DTM*472*20200312~CAS*CO*45*6.39**253*0.17~REF*LU*11~REF*6R*CP6A6YIDN6UT~AMT*B6*8.61~CLP*000100031715*19*179*82.63*21.08*MB*0220090002290*11*1~NM1*QC*1*NIOUS*LATEEFAH*S***MI*5K05AD5CJ56~NM1*82*1******XX*1659521045~NM1*TT*2*COLORADO DEPT OF HEALTH-MEDICAID*****PI*70037~MOA***MA01*MA07~REF*EA*8BB622CB66D44DE59F812169345BFD79~DTM*050*20200330~SVC*HC:99214:25*134*74.49**1~DTM*472*20200318~CAS*CO*45*38.99**253*1.52~CAS*PR*2*19~REF*LU*11~REF*6R*CP6ACQ2TAC9K~AMT*B6*95.01~SVC*HC:99415*45*8.14**1~DTM*472*20200318~CAS*CO*45*34.61**253*0.17~CAS*PR*2*2.08~REF*LU*11~REF*6R*CP6AH98R1FM2~AMT*B6*10.39~CLP*000100031784*19*90*51.41*13.11*MB*0220090002320*11*1~NM1*QC*1*NIOUS*LATEEFAH*S***MI*5K05AD5CJ56~NM1*82*1******XX*1659521045~NM1*TT*2*COLORADO DEPT OF HEALTH-MEDICAID*****PI*70037~MOA***MA01*MA07~REF*EA*6E6A9E6B7C904F95A436C33DFE3AA848~DTM*050*20200330~SVC*HC:99213*90*51.41**1~DTM*472*20200319~CAS*CO*45*24.43**253*1.05~CAS*PR*2*13.11~REF*LU*11~REF*6R*CP6AGBA0QNL5~AMT*B6*65.57~SE*103*000000002~GE*1*148~IEA*1*010100148~