ISA*00*          *00*          *ZZ*04112          *29*E13833         *200327*2359*^*00501*008700155*0*P*:~GS*HP*04112*E13833*20200327*2359*155*X*005010X221A1~ST*835*000000002~BPR*I*209.31*C*ACH*CCP*01*081517693*DA*152302017586*1205296137**01*102000076*DA*2838835219*20200330~TRN*1*890307667*1205296137~REF*EV*E13833~DTM*405*20200327~N1*PR*NOVITAS SOLUTIONS, INC.~N3*PO BOX 3109~N4*MECHANICSBURG*PA*170551825~REF*2U*04112~PER*CX**TE*8552528782~PER*BL*NOVITAS SOLUTIONS, INC. EDI SERVICES*TE*8552528782*EX*1*EM*WEBSITEEDI@NOVITAS-SOLUTIONS.COM~N1*PE*SPANISH PEAKS NEW ALTERNATIV*XX*1508250911~N3*ATTN  BILLING*41 MONTEBELLO ROAD STE 116~N4*PUEBLO*CO*810011366~REF*TJ*841158933~LX*1~CLP*000100031073*19*150*107.88*22.83*MB*0220076487540*11*1~NM1*QC*1*BERKSTRESSER*MELINDA*J***MI*6P59VM1KT47~NM1*82*1******XX*1447291851~NM1*TT*2*COLORADO DEPT OF HEALTH-MEDICAID*****PI*70037~MOA***MA01*MA07~REF*EA*F0671BE1125545EAB36F18936FC7459D~DTM*050*20200316~SVC*HC:99213:25*90*60.48**1~DTM*472*20200305~CAS*CO*45*12.86**253*1.23~CAS*PR*2*15.43~REF*LU*11~REF*6R*CP5IWC5CP1LS~AMT*B6*77.14~LQ*HE*N782~SVC*HC:G0444*20*18.37**1~DTM*472*20200305~CAS*CO*45*1.25**253*0.38~REF*LU*11~REF*6R*CP5IOQFALJQD~AMT*B6*18.75~SVC*HC:G0396*40*29.03**1~DTM*472*20200305~CAS*CO*45*2.98**253*0.59~CAS*PR*2*7.4~REF*LU*11~REF*6R*CP5IXAKB5HCM~AMT*B6*37.02~LQ*HE*N782~CLP*000100030972*19*158*101.43*25.88*MB*0220076487530*11*1~NM1*QC*1*RUDNIK*DOROTHY*L***MI*4TT1VV0YN13~NM1*82*1******XX*1447291851~NM1*TT*2*COLONIAL PENN LIFE INSURANCE CO*****PI*30326~MOA***MA01*MA18~REF*EA*82C7E98C43844F6E9A483D5E7E7229E4~DTM*050*20200316~SVC*HC:99214:25*134*87.63**1~DTM*472*20200304~CAS*CO*45*22.22**253*1.79~CAS*PR*2*22.36~REF*LU*11~REF*6R*CP5IGB414RW5~AMT*B6*111.78~SVC*HC:93000*24*13.8**1~DTM*472*20200304~CAS*CO*45*6.4**253*0.28~CAS*PR*2*3.52~REF*LU*11~REF*6R*CP5IE0HKN37E~AMT*B6*17.6~SE*67*000000002~GE*1*155~IEA*1*008700155~