ISA*00*          *00*          *ZZ*04112          *29*E13833         *200408*2359*^*00501*009900139*0*P*:~GS*HP*04112*E13833*20200408*2359*139*X*005010X221A1~ST*835*000000003~BPR*I*586.27*C*ACH*CCP*01*081517693*DA*152302017586*1205296137**01*102000076*DA*2838835219*20200409~TRN*1*890334948*1205296137~REF*EV*E13833~DTM*405*20200408~N1*PR*NOVITAS SOLUTIONS, INC.~N3*PO BOX 3109~N4*MECHANICSBURG*PA*170551825~REF*2U*04112~PER*CX**TE*8552528782~PER*BL*NOVITAS SOLUTIONS, INC. EDI SERVICES*TE*8552528782*EX*1*EM*WEBSITEEDI@NOVITAS-SOLUTIONS.COM~N1*PE*SPANISH PEAKS NEW ALTERNATIV*XX*1508250911~N3*ATTN  BILLING*41 MONTEBELLO ROAD STE 116~N4*PUEBLO*CO*810011366~REF*TJ*841158933~LX*1~CLP*000100031435*19*134*74.49*19*MB*0220086340840*11*1~NM1*QC*1*BACA*FLORA*J***MI*2EK9AG1AD58~NM1*82*1******XX*1659521045~NM1*TT*2*COLORADO DEPT OF HEALTH-MEDICAID*****PI*70037~MOA***MA01*MA07~REF*EA*CE207A66A25741468A8B67D4988C5DBC~DTM*050*20200326~SVC*HC:99214*134*74.49**1~DTM*472*20200312~CAS*CO*45*38.99**253*1.52~CAS*PR*2*19~REF*LU*11~REF*6R*CP6IPMOUI05C~AMT*B6*95.01~LQ*HE*N782~CLP*000100030947*19*176*85.89*21.91*MB*0220086340800*11*1~NM1*QC*1*DIAZ*CARL****MI*3CA5R58NJ75~NM1*82*1******XX*1366419582~NM1*TT*2*COLORADO DEPT OF HEALTH-MEDICAID*****PI*70037~MOA***MA01*MA07~REF*EA*B8689B14A07C4584920A2613C938F2D0~DTM*050*20200326~SVC*HC:99214:25*134*74.49**1~DTM*472*20200304~CAS*CO*45*38.99**253*1.52~CAS*PR*2*19~REF*LU*11~REF*6R*CP6IAV2V2XV8~AMT*B6*95.01~SVC*HC:96372*32*9.77**1~DTM*472*20200304~CAS*CO*45*19.54**253*0.2~CAS*PR*2*2.49~REF*LU*11~REF*6R*CP6ITG991QQQ~AMT*B6*12.46~SVC*HC:J1885*10*1.63**4~DTM*472*20200304~CAS*CO*45*7.92**253*0.03~CAS*PR*2*0.42~REF*LU*11~REF*6R*CP6IGB6F4UQM~AMT*B6*2.08~CLP*000100031306*19*134*87.63*22.36*MB*0220086340850*11*1~NM1*QC*1*FORTUNE*CATHERINE*M***MI*5D91EH6MW35~NM1*82*1******XX*1447291851~NM1*TT*2*COLORADO DEPT OF HEALTH-MEDICAID*****PI*70037~MOA***MA01*MA07~REF*EA*F084C6AE895344D2861FD43642619771~DTM*050*20200326~SVC*HC:99214*134*87.63**1~DTM*472*20200310~CAS*CO*45*22.22**253*1.79~CAS*PR*2*22.36~REF*LU*11~REF*6R*CP6I34T0OHDZ~AMT*B6*111.78~CLP*000100031422*19*134*74.49*19*MB*0220086340790*11*1~NM1*QC*1*TAVAREZ*BALBINA*M***MI*2WQ6YP2RW60~NM1*82*1******XX*1659521045~NM1*TT*2*COLORADO DEPT OF HEALTH-MEDICAID*****PI*70037~MOA***MA01*MA07~REF*EA*0CC739078EB64521BFFAF2E8EE594B8B~DTM*050*20200326~SVC*HC:99214*134*74.49**1~DTM*472*20200312~CAS*CO*45*38.99**253*1.52~CAS*PR*2*19~REF*LU*11~REF*6R*CP6I6M9NOBEH~AMT*B6*95.01~CLP*000100031409*1*134*74.49*19*MB*0220086340810*11*1~NM1*QC*1*VIALPANDO*ANTHONY*R***MI*7JD4MM6YJ80~NM1*82*1******XX*1659521045~MOA***MA01~REF*EA*3699C9BCADFE414D82554C07354B2F00~DTM*050*20200326~SVC*HC:99214*134*74.49**1~DTM*472*20200312~CAS*CO*45*38.99**253*1.52~CAS*PR*2*19~REF*LU*11~REF*6R*CP6IIALZBUW3~AMT*B6*95.01~CLP*000100031441*19*194*114.79*25.29*MB*0220086340820*11*1~NM1*QC*1*VIGIL*MAGDALINE*P***MI*2XA0HX4AQ11~NM1*82*1******XX*1659521045~NM1*TT*2*CHAMPVA-VA HEALTH ADMIN CTR*****PI*80214~MOA***MA01*MA18~REF*EA*D9B2290ACD2846EF8D54674454BF574A~DTM*050*20200326~SVC*HC:99214:25*134*74.49**1~DTM*472*20200312~CAS*CO*45*38.99**253*1.52~CAS*PR*2*19~REF*LU*11~REF*6R*CP6IEIYVLMOA~AMT*B6*95.01~SVC*HC:G0444*20*15.62**1~DTM*472*20200312~CAS*CO*45*4.06**253*0.32~REF*LU*11~REF*6R*CP6IK81E6M2I~AMT*B6*15.94~SVC*HC:G0396*40*24.68**1~DTM*472*20200312~CAS*CO*45*8.53**253*0.5~CAS*PR*2*6.29~REF*LU*11~REF*6R*CP6I8BS9PIN1~AMT*B6*31.47~CLP*000100028379*19*134*74.49*19*MB*0220086340830*11*1~NM1*QC*1*VIGIL*MAGDALINE*P***MI*2XA0HX4AQ11~NM1*82*1******XX*1659521045~NM1*TT*2*CHAMPVA-VA HEALTH ADMIN CTR*****PI*80214~MOA***MA01*MA18~REF*EA*C33910B3024E46C1BF03DE361B92885A~DTM*050*20200326~SVC*HC:99214*134*74.49**1~DTM*472*20200116~CAS*CO*45*38.99**253*1.52~CAS*PR*2*19~REF*LU*11~REF*6R*CP6ILN6RELA9~AMT*B6*95.01~SE*142*000000003~GE*1*139~IEA*1*009900139~