ISA*00*          *00*          *ZZ*04112          *29*E13833         *200415*2359*^*00501*010600141*0*P*:~GS*HP*04112*E13833*20200415*2359*141*X*005010X221A1~ST*835*000000002~BPR*I*708.05*C*ACH*CCP*01*081517693*DA*152302017586*1205296137**01*102000076*DA*2838835219*20200416~TRN*1*890351627*1205296137~REF*EV*E13833~DTM*405*20200415~N1*PR*NOVITAS SOLUTIONS, INC.~N3*PO BOX 3109~N4*MECHANICSBURG*PA*170551825~REF*2U*04112~PER*CX**TE*8552528782~PER*BL*NOVITAS SOLUTIONS, INC. EDI SERVICES*TE*8552528782*EX*1*EM*WEBSITEEDI@NOVITAS-SOLUTIONS.COM~N1*PE*SPANISH PEAKS NEW ALTERNATIV*XX*1508250911~N3*ATTN  BILLING*41 MONTEBELLO ROAD STE 116~N4*PUEBLO*CO*810011366~REF*TJ*841158933~LX*1~CLP*000100027421*19*257*128.23*32.71*MB*0220093003720*11*1~NM1*QC*1*DICKERSON*RAUNITA****MI*4P14HM7YM09~NM1*82*1******XX*1659521045~NM1*TT*2*COLORADO DEPT OF HEALTH-MEDICAID*****PI*70037~MOA***MA01*MA07~REF*EA*BD12128A46DD4E7BB8CA95724AADF6EC~DTM*050*20200402~SVC*HC:99213:25:FP*90*50.71**1~DTM*472*20191230~CAS*CO*45*25.31**253*1.04~CAS*PR*2*12.94~REF*LU*11~REF*6R*CPEMV7DH3LLT~AMT*B6*64.69~SVC*HC:J1050:FP*135*66.09**150~DTM*472*20191230~CAS*CO*45*50.7**253*1.35~CAS*PR*2*16.86~REF*LU*11~REF*6R*CPEMBSAXP556~AMT*B6*84.3~SVC*HC:96372:FP*32*11.43**1~DTM*472*20191230~CAS*CO*45*17.43**253*0.23~CAS*PR*2*2.91~REF*LU*11~REF*6R*CPEMC3DJYWZE~AMT*B6*14.57~CLP*000100031628*19*134*74.49*19*MB*0220093003670*11*1~NM1*QC*1*GALLEGOS*CARLOS*L***MI*4UD4RR8JD63~NM1*82*1******XX*1659521045~NM1*TT*2*COLORADO DEPT OF HEALTH-MEDICAID*****PI*70037~MOA***MA01*MA07~REF*EA*4750182B6E1C4054A5574D6BBA4E3C45~DTM*050*20200402~SVC*HC:99214*134*74.49**1~DTM*472*20200317~CAS*CO*45*38.99**253*1.52~CAS*PR*2*19~REF*LU*11~REF*6R*CPEMOQ5LZY9R~AMT*B6*95.01~LQ*HE*N782~CLP*000100032016*19*272.99*74.49*19*MB*0220093003680*11*1~NM1*QC*1*GALLEGOS*CARLOS*L***MI*4UD4RR8JD63~NM1*82*1******XX*1659521045~NM1*TT*2*COLORADO DEPT OF HEALTH-MEDICAID*****PI*70037~MOA***MA01*MA07~REF*EA*5FEC578937884242AD57598659D83B0D~DTM*050*20200402~SVC*HC:99214*272.99*74.49**1~DTM*472*20200324~CAS*CO*45*177.98**253*1.52~CAS*PR*2*19~REF*LU*11~REF*6R*CPEMQUPFQSLD~AMT*B6*95.01~LQ*HE*N782~CLP*000100031256*19*134*74.49*19*MB*0220093003690*11*1~NM1*QC*1*GALLEGOS*CARLOS*L***MI*4UD4RR8JD63~NM1*82*1******XX*1659521045~NM1*TT*2*COLORADO DEPT OF HEALTH-MEDICAID*****PI*70037~MOA***MA01*MA07~REF*EA*E9D2444143BC48A881A5F1096778F691~DTM*050*20200402~SVC*HC:99214*134*74.49**1~DTM*472*20200310~CAS*CO*45*38.99**253*1.52~CAS*PR*2*19~REF*LU*11~REF*6R*CPEM6JJUWWL1~AMT*B6*95.01~LQ*HE*N782~CLP*000100030915*19*205*134.95**MB*0220093003710*11*1~NM1*QC*1*GATES*ERNEST*R***MI*7MP0WK6GY00~NM1*82*1******XX*1447291851~NM1*TT*2*ANTHEM FEP COLORADO*****PI*80034~MOA***MA01*MA18~REF*EA*1CCD29F734BF4227AE057632E21FA9B6~DTM*050*20200402~SVC*HC:G0439*145*116.58**1~DTM*472*20200304~CAS*CO*45*26.04**253*2.38~REF*LU*11~REF*6R*CPEMNUHGFO66~AMT*B6*118.96~SVC*HC:G0444*20*18.37**1~DTM*472*20200304~CAS*CO*45*1.25**253*0.38~REF*LU*11~REF*6R*CPEMGZK6ZO10~AMT*B6*18.75~SVC*HC:G0396*40*0****1~DTM*472*20200304~CAS*OA*18*40~REF*LU*11~REF*6R*CPEMU9PS3IK2~LQ*HE*N522~CLP*000100030455*19*209*135.51*9.28*MB*0220093003700*11*1~NM1*QC*1*JAMESON*REGINA*R***MI*2N14CQ4TD72~NM1*82*1******XX*1164974580~NM1*TT*2*STANDARD LIFE AND ACCIDENT INS*****PI*30051~MOA***MA01*MA18~REF*EA*A04759AEAAC147F8BAAD76BD8F25F479~DTM*050*20200402~SVC*HC:G0439:25*145*99.1**1~DTM*472*20200225~CAS*CO*45*43.88**253*2.02~REF*LU*11~REF*6R*CPEMHPZOR4SV~AMT*B6*101.12~SVC*HC:93000*24*11.73**1~DTM*472*20200225~CAS*CO*45*9.04**253*0.24~CAS*PR*2*2.99~REF*LU*11~REF*6R*CPEMYR4UE78L~AMT*B6*14.96~SVC*HC:G0396*40*24.68**1~DTM*472*20200225~CAS*CO*45*8.53**253*0.5~CAS*PR*2*6.29~REF*LU*11~REF*6R*CPEM6WUMWYP1~AMT*B6*31.47~CLP*000100030562*1*176*85.89*21.91*MB*0220093003740*11*1~NM1*QC*1*JANUARY*KEVIN****MI*7J01R50RK17~NM1*82*1******XX*1366419582~MOA***MA01~REF*EA*1DFBA86E9D504C5CB3039E4C83C43D26~DTM*050*20200402~SVC*HC:99214:25*134*74.49**1~DTM*472*20200226~CAS*CO*45*38.99**253*1.52~CAS*PR*2*19~REF*LU*11~REF*6R*CPEMLK3DU0B8~AMT*B6*95.01~SVC*HC:96372*32*9.77**1~DTM*472*20200226~CAS*CO*45*19.54**253*0.2~CAS*PR*2*2.49~REF*LU*11~REF*6R*CPEMWS9BDGUG~AMT*B6*12.46~SVC*HC:J1885*10*1.63**4~DTM*472*20200226~CAS*CO*45*7.92**253*0.03~CAS*PR*2*0.42~REF*LU*11~REF*6R*CPEM8J4JLQAJ~AMT*B6*2.08~SE*169*000000002~GE*1*141~IEA*1*010600141~