ISA*00*          *00*          *ZZ*04112          *29*E13833         *200413*2359*^*00501*010400140*0*P*:~GS*HP*04112*E13833*20200413*2359*140*X*005010X221A1~ST*835*000000002~BPR*I*223.47*C*ACH*CCP*01*081517693*DA*152302017586*1205296137**01*102000076*DA*2838835219*20200414~TRN*1*890345011*1205296137~REF*EV*E13833~DTM*405*20200413~N1*PR*NOVITAS SOLUTIONS, INC.~N3*PO BOX 3109~N4*MECHANICSBURG*PA*170551825~REF*2U*04112~PER*CX**TE*8552528782~PER*BL*NOVITAS SOLUTIONS, INC. EDI SERVICES*TE*8552528782*EX*1*EM*WEBSITEEDI@NOVITAS-SOLUTIONS.COM~N1*PE*SPANISH PEAKS NEW ALTERNATIV*XX*1508250911~N3*ATTN  BILLING*41 MONTEBELLO ROAD STE 116~N4*PUEBLO*CO*810011366~REF*TJ*841158933~LX*1~CLP*000100031502*19*134*74.49*19*MB*0220091187660*11*1~NM1*QC*1*GALLEGOS*CARLOS*L***MI*4UD4RR8JD63~NM1*82*1******XX*1366419582~NM1*TT*2*COLORADO DEPT OF HEALTH-MEDICAID*****PI*70037~MOA***MA01*MA07~REF*EA*115324ABADEE4133B81842470185D597~DTM*050*20200331~SVC*HC:99214*134*74.49**1~DTM*472*20200313~CAS*CO*45*38.99**253*1.52~CAS*PR*2*19~REF*LU*11~REF*6R*CP7UXXL0A3FP~AMT*B6*95.01~LQ*HE*N782~CLP*000100031548*19*134*74.49*19*MB*0220091187680*11*1~NM1*QC*1*MAVIR*VAUGHAN*H***MI*2H97W03MT32~NM1*82*1******XX*1659521045~NM1*TT*2*UNITEDHEALTH GROUP*****PI*30002~MOA***MA01*MA18~REF*EA*F850A48B721F4903B2590AB5079E9185~DTM*050*20200331~SVC*HC:99214*134*74.49**1~DTM*472*20200316~CAS*CO*45*38.99**253*1.52~CAS*PR*2*19~REF*LU*11~REF*6R*CP7U1WDQHB74~AMT*B6*95.01~CLP*000100031623*19*134*74.49*19*MB*0220091187670*11*1~NM1*QC*1*YOUNG*LORITA*A***MI*8J87U15KC60~NM1*82*1******XX*1396971230~NM1*TT*2*COLORADO DEPT OF HEALTH-MEDICAID*****PI*70037~MOA***MA01*MA07~REF*EA*ACAD17E76FEA42DFB4D0F2E80A668B7B~DTM*050*20200331~SVC*HC:99214*134*74.49**1~DTM*472*20200317~CAS*CO*45*38.99**253*1.52~CAS*PR*2*19~REF*LU*11~REF*6R*CP7UKWAY90B5~AMT*B6*95.01~SE*60*000000002~GE*1*140~IEA*1*010400140~