ISA*00*          *00*          *ZZ*04112          *29*E13833         *200515*2359*^*00501*013600148*0*P*:~GS*HP*04112*E13833*20200515*2359*148*X*005010X221A1~ST*835*000000001~BPR*I*2351.55*C*ACH*CCP*01*081517693*DA*152302017586*1205296137**01*102106569*DA*2200002989138*20200518~TRN*1*890417592*1205296137~REF*EV*E13833~DTM*405*20200515~N1*PR*NOVITAS SOLUTIONS, INC.~N3*PO BOX 3109~N4*MECHANICSBURG*PA*170551825~REF*2U*04112~PER*CX**TE*8552528782~PER*BL*NOVITAS SOLUTIONS, INC. EDI SERVICES*TE*8552528782*EX*1*EM*WEBSITEEDI@NOVITAS-SOLUTIONS.COM~N1*PE*SPANISH PEAKS NEW ALTERNATIV*XX*1508250911~N3*ATTN  BILLING*41 MONTEBELLO ROAD STE 116~N4*PUEBLO*CO*810011366~REF*TJ*841158933~LX*1~CLP*000100033115*19*178.3*35.01*8.93*MB*0220125001400*02*1~NM1*QC*1*ANDERSON*KATHLEEN****MI*5RP7KT4CT34~NM1*82*1******XX*1659521045~NM1*TT*2*COLORADO DEPT OF HEALTH-MEDICAID*****PI*70037~MOA***MA01*MA07~REF*EA*23B013A0D81D48C3A120CC2DCC9C99A7~DTM*050*20200504~SVC*HC:99213*178.3*35.01**1~DTM*472*20200413~CAS*CO*45*133.65**253*0.71~CAS*PR*2*8.93~REF*LU*02~REF*6R*CPOM4E1XCLD1~AMT*B6*44.65~LQ*HE*N535~CLP*000100033332*19*178.3*35.01*8.93*MB*0220125001380*02*1~NM1*QC*1*BARNELL*SHANNA****MI*9KW9DE2VG31~NM1*82*1******XX*1396971230~NM1*TT*2*COLORADO DEPT OF HEALTH-MEDICAID*****PI*70037~MOA***MA01*MA07~REF*EA*B753D84CE3494594816A7986EE1A3F38~DTM*050*20200504~SVC*HC:99213:25*178.3*35.01**1~DTM*472*20200416~CAS*CO*45*133.65**253*0.71~CAS*PR*2*8.93~REF*LU*02~REF*6R*CPOMX3N9UB9Y~AMT*B6*44.65~LQ*HE*N535~LQ*HE*N782~CLP*000100033332*19*1903.99*980.79*248.05*MB*0220125001390*11*1~NM1*QC*1*BARNELL*SHANNA****MI*9KW9DE2VG31~NM1*82*1******XX*1396971230~NM1*TT*2*COLORADO DEPT OF HEALTH-MEDICAID*****PI*70037~MOA***MA01*MA07~REF*EA*804A917D604141708649FD930BEB5573~DTM*050*20200504~SVC*HC:96372*83.99*9.77**1~DTM*472*20200416~CAS*CO*45*71.53**253*0.2~CAS*PR*2*2.49~REF*LU*11~REF*6R*CPOMRIOIVSJF~AMT*B6*12.46~LQ*HE*N782~SVC*HC:J2315*1805*962.58**380~DTM*472*20200416~CAS*CO*45*577.22**253*19.64~CAS*PR*2*245.56~REF*LU*11~REF*6R*CPOM3I30K2JG~AMT*B6*1227.78~LQ*HE*N782~SVC*HC:81025*15*8.44**1~DTM*472*20200416~CAS*CO*45*6.39**253*0.17~REF*LU*02~REF*6R*CPOMHZ1BW5A8~AMT*B6*8.61~CLP*000100033717*19*178.3*35.01*8.93*MB*0220125001430*02*1~NM1*QC*1*BURCH*ROSALIE*A***MI*1X15JH4KY89~NM1*82*1******XX*1659521045~NM1*TT*2*COLORADO DEPT OF HEALTH-MEDICAID*****PI*70037~MOA***MA01*MA07~REF*EA*92F107770CBE49638AC9FD7430F04CF8~DTM*050*20200504~SVC*HC:99213*178.3*35.01**1~DTM*472*20200423~CAS*CO*45*133.65**253*0.71~CAS*PR*2*8.93~REF*LU*02~REF*6R*CPOMWBHMHGLF~AMT*B6*44.65~LQ*HE*N535~LQ*HE*N782~CLP*000100033724*19*178.3*35.01*8.93*MB*0220125001270*02*1~NM1*QC*1*BUTTS*BETH****MI*8WU2TP5DX11~NM1*82*1******XX*1659521045~NM1*TT*2*MUTUAL OF OMAHA INSURANCE COMP*****PI*30090~MOA***MA01*MA18~REF*EA*C12BB35536054CBABDC696A4CDD031AD~DTM*050*20200504~SVC*HC:99213*178.3*35.01**1~DTM*472*20200423~CAS*CO*45*133.65**253*0.71~CAS*PR*2*8.93~REF*LU*02~REF*6R*CPOMCUVRXQBY~AMT*B6*44.65~LQ*HE*N535~CLP*000100032646*19*88.54*20.71*5.28*MB*0220125001440*02*1~NM1*QC*1*CENTA*JOHN****MI*5D22C75GC01~NM1*82*1******XX*1447291851~NM1*TT*2*GERBER LIFE INS. CO.*****PI*30289~MOA***MA01*MA18~REF*EA*B985C022CA614895B5F6122BF65F78C2~DTM*050*20200504~SVC*HC:99212*88.54*20.71**1~DTM*472*20200402~CAS*CO*45*62.13**253*0.42~CAS*PR*2*5.28~REF*LU*02~REF*6R*CPOMCKPFJPBH~AMT*B6*26.41~LQ*HE*N535~CLP*000100033666*19*272.99*53.87*13.74*MB*0220125001420*02*1~NM1*QC*1*CHAVEZ*CHRISTOPH****MI*9X26XN6HH86~NM1*82*1******XX*1659521045~NM1*TT*2*COLORADO DEPT OF HEALTH-MEDICAID*****PI*70037~MOA***MA01*MA07~REF*EA*6F7FA7390FF54C5EA9D4F8FA92858B8B~DTM*050*20200504~SVC*HC:99214*272.99*53.87**1~DTM*472*20200423~CAS*CO*45*204.28**253*1.1~CAS*PR*2*13.74~REF*LU*02~REF*6R*CPOM1OYLIT5O~AMT*B6*68.71~LQ*HE*N535~LQ*HE*N782~CLP*000100032567*19*22*10.51*2.68*MB*0220125001510*02*1~NM1*QC*1*FORTUNE*CATHERINE*M***MI*5D91EH6MW35~NM1*82*1******XX*1447291851~NM1*TT*2*COLORADO DEPT OF HEALTH-MEDICAID*****PI*70037~MOA***MA01*MA07~REF*EA*C93997126AE94F39A19EDC09EA379C19~DTM*050*20200504~SVC*HC:G2012*22*10.51**1~DTM*472*20200401~CAS*CO*45*8.6**253*0.21~CAS*PR*2*2.68~REF*LU*02~REF*6R*CPOMO8Y76AUB~AMT*B6*13.4~LQ*HE*N535~CLP*000100033712*19*22*8.93*2.28*MB*0220125001350*02*1~NM1*QC*1*GARCIA*LONNIE****MI*5X88WA0MD39~NM1*82*1******XX*1164974580~NM1*TT*2*COLORADO DEPT OF HEALTH-MEDICAID*****PI*70037~MOA***MA01*MA07~REF*EA*12631CD4006443BDA70EB9A6B075E846~DTM*050*20200504~SVC*HC:G2012*22*8.93**1~DTM*472*20200423~CAS*CO*45*10.61**253*0.18~CAS*PR*2*2.28~REF*LU*02~REF*6R*CPOMH3VYS2BZ~AMT*B6*11.39~LQ*HE*N535~CLP*000100032927*19*22*10.51*2.68*MB*0220125001410*02*1~NM1*QC*1*GATES*DORIS*R***MI*9EV6N45TR50~NM1*82*1******XX*1447291851~NM1*TT*2*ANTHEM FEP COLORADO*****PI*80034~MOA***MA01*MA18~REF*EA*728D322CB9E44F2B8B130DF7E7AD99A7~DTM*050*20200504~SVC*HC:G2012*22*10.51**1~DTM*472*20200408~CAS*CO*45*8.6**253*0.21~CAS*PR*2*2.68~REF*LU*02~REF*6R*CPOMNJX8YJDQ~AMT*B6*13.4~LQ*HE*N535~CLP*000100033677*19*272.99*53.87*13.74*MB*0220125001340*02*1~NM1*QC*1*MARTINEZ FOOS*CHRISTINA*M***MI*7N46FH3DX51~NM1*82*1******XX*1659521045~NM1*TT*2*COLORADO DEPT OF HEALTH-MEDICAID*****PI*70037~MOA***MA01*MA07~REF*EA*3481891B05394BF3B938F48698EE3BB8~DTM*050*20200504~SVC*HC:99214*272.99*53.87**1~DTM*472*20200423~CAS*CO*45*204.28**253*1.1~CAS*PR*2*13.74~REF*LU*02~REF*6R*CPOM3UB3L709~AMT*B6*68.71~LQ*HE*N535~LQ*HE*N782~CLP*000100033185*19*178.3*35.01*8.93*MB*0220125001320*02*1~NM1*QC*1*NIOUS*LATEEFAH*S***MI*5K05AD5CJ56~NM1*82*1******XX*1659521045~NM1*TT*2*COLORADO DEPT OF HEALTH-MEDICAID*****PI*70037~MOA***MA01*MA07~REF*EA*633661F6DFC74BD7950C1645C6B3F856~DTM*050*20200504~SVC*HC:99213*178.3*35.01**1~DTM*472*20200414~CAS*CO*45*133.65**253*0.71~CAS*PR*2*8.93~REF*LU*02~REF*6R*CPOMII6JW9P0~AMT*B6*44.65~LQ*HE*N535~CLP*000100033019*19*22*10.51*2.68*MB*0220125001330*02*1~NM1*QC*1*PACHECO*SAVIE****MI*7KQ4CR6AG86~NM1*82*1******XX*1447291851~NM1*TT*2*ANTHEM FEP COLORADO*****PI*80034~MOA***MA01*MA18~REF*EA*C8ED37CBFC52484B8CDD04580534A5A6~DTM*050*20200504~SVC*HC:G2012*22*10.51**1~DTM*472*20200409~CAS*CO*45*8.6**253*0.21~CAS*PR*2*2.68~REF*LU*02~REF*6R*CPOMR1AO2FYC~AMT*B6*13.4~LQ*HE*N535~CLP*000100033359*19*178.3*35.01*8.93*MB*0220125001490*02*1~NM1*QC*1*ROCCHIO*JAMES*J***MI*8K63C16EE18~NM1*82*1******XX*1396971230~NM1*TT*2*COLORADO DEPT OF HEALTH-MEDICAID*****PI*70037~MOA***MA01*MA07~REF*EA*06AEDFCB0F444F66B91C9AFD0FEF61A7~DTM*050*20200504~SVC*HC:99213:25*178.3*35.01**1~DTM*472*20200417~CAS*CO*45*133.65**253*0.71~CAS*PR*2*8.93~REF*LU*02~REF*6R*CPOMT8FLTKH6~AMT*B6*44.65~LQ*HE*N535~LQ*HE*N782~CLP*000100033359*19*1888.99*972.35*248.05*MB*0220125001500*11*1~NM1*QC*1*ROCCHIO*JAMES*J***MI*8K63C16EE18~NM1*82*1******XX*1396971230~NM1*TT*2*COLORADO DEPT OF HEALTH-MEDICAID*****PI*70037~MOA***MA01*MA07~REF*EA*3712A502DB894E00B7AEBFB5E3A25A7E~DTM*050*20200504~SVC*HC:96372*83.99*9.77**1~DTM*472*20200417~CAS*CO*45*71.53**253*0.2~CAS*PR*2*2.49~REF*LU*11~REF*6R*CPOMEHCULA2K~AMT*B6*12.46~LQ*HE*N782~SVC*HC:J2315*1805*962.58**380~DTM*472*20200417~CAS*CO*45*577.22**253*19.64~CAS*PR*2*245.56~REF*LU*11~REF*6R*CPOM191484WU~AMT*B6*1227.78~LQ*HE*N782~CLP*000100033763*19*22*8.93*2.28*MB*0220125001360*02*1~NM1*QC*1*ZARATE*JOHN****MI*5XR3EQ4QH90~NM1*82*1******XX*1396971230~NM1*TT*2*COLORADO DEPT OF HEALTH-MEDICAID*****PI*70037~MOA***MA01*MA07~REF*EA*E8FB083B364A40CEBB8934CEC98E097C~DTM*050*20200504~SVC*HC:G2012*22*8.93**1~DTM*472*20200424~CAS*CO*45*10.61**253*0.18~CAS*PR*2*2.28~REF*LU*02~REF*6R*CPOMW7L4NLMY~AMT*B6*11.39~LQ*HE*N535~CLP*000100033104*19*22*10.51*2.68*MB*0220125001370*02*1~NM1*QC*1*ZARATE*JOHN****MI*5XR3EQ4QH90~NM1*82*1******XX*1447291851~NM1*TT*2*COLORADO DEPT OF HEALTH-MEDICAID*****PI*70037~MOA***MA01*MA07~REF*EA*B05952568D71413AB1547EFA50E08419~DTM*050*20200504~SVC*HC:G2012*22*10.51**1~DTM*472*20200413~CAS*CO*45*8.6**253*0.21~CAS*PR*2*2.68~REF*LU*02~REF*6R*CPOM9IYNOKYU~AMT*B6*13.4~LQ*HE*N535~SE*299*000000001~GE*1*148~IEA*1*013600148~