ISA*00*          *00*          *ZZ*04112          *29*E13833         *200617*2359*^*00501*016900140*0*P*:~GS*HP*04112*E13833*20200617*2359*140*X*005010X221A1~ST*835*000000002~BPR*I*1360.64*C*ACH*CCP*01*081517693*DA*152302017586*1205296137**01*102106569*DA*2200002989138*20200618~TRN*1*890490699*1205296137~REF*EV*E13833~DTM*405*20200617~N1*PR*NOVITAS SOLUTIONS, INC.~N3*PO BOX 3109~N4*MECHANICSBURG*PA*170551825~REF*2U*04112~PER*CX**TE*8552528782~PER*BL*NOVITAS SOLUTIONS, INC. EDI SERVICES*TE*8552528782*EX*1*EM*WEBSITEEDI@NOVITAS-SOLUTIONS.COM~N1*PE*SPANISH PEAKS NEW ALTERNATIV*XX*1508250911~N3*ATTN  BILLING*41 MONTEBELLO ROAD STE 116~N4*PUEBLO*CO*810011366~REF*TJ*841158933~LX*1~CLP*000100034772*19*2082.29*1053.26*261.16*MB*0220157028630*11*1~NM1*QC*1*BARNELL*SHANNA****MI*9KW9DE2VG31~NM1*82*1******XX*1396971230~NM1*TT*2*COLORADO DEPT OF HEALTH-MEDICAID*****PI*70037~MOA***MA01*MA07~REF*EA*0640BA325CD54734AE2A6D1495C0F1DF~DTM*050*20200604~SVC*HC:99213:95:25*178.3*52.46**1~DTM*472*20200514~CAS*CO*45*112.73~CAS*PR*2*13.11~REF*LU*11~REF*6R*CPYYBILSW480~AMT*B6*65.57~LQ*HE*N782~SVC*HC:96372*83.99*9.97**1~DTM*472*20200514~CAS*CO*45*71.53~CAS*PR*2*2.49~REF*LU*11~REF*6R*CPYYBWMJPOBU~AMT*B6*12.46~LQ*HE*N782~SVC*HC:J2315*1805*982.22**380~DTM*472*20200514~CAS*CO*45*577.22~CAS*PR*2*245.56~REF*LU*11~REF*6R*CPYYEF9E52Y5~AMT*B6*1227.78~LQ*HE*N782~SVC*HC:81025*15*8.61**1~DTM*472*20200514~CAS*CO*45*6.39~REF*LU*11~REF*6R*CPYY851DBISM~AMT*B6*8.61~CLP*000100035143*19*40*32*8*MB*0220157028660*02*1~NM1*QC*1*CAMP*KAREN*N***MI*6MT2U56KQ95~NM1*82*1******XX*1447291851~NM1*TT*2*BCBS OF KANSAS*****PI*30062~MOA***MA01*MA18~REF*EA*0B1EFCF73BAD4AA6BFB7A15E47A6882E~DTM*050*20200604~SVC*HC:99442*40*32**1~DTM*472*20200521~CAS*PR*2*8~REF*LU*02~REF*6R*CPYY29MKZX4E~AMT*B6*40~CLP*000100027045*19*134*87.32*22.28*MB*0220157028650*11*1~NM1*QC*1*DURAN*WILLIAM****MI*1X03E84VJ96~NM1*82*1******XX*1447291851~NM1*TT*2*CONNECTICUT GENERAL INSURANCE CO*****PI*00018~MOA***MA01*MA18~REF*EA*6D2DAEB8C42F468DAE1597C9338286FA~DTM*050*20200604~SVC*HC:99214*134*87.32**1~DTM*472*20191219~CAS*CO*45*22.62**253*1.78~CAS*PR*2*22.28~REF*LU*11~REF*6R*CPYMWFP1A8H3~AMT*B6*111.38~CLP*000100034720*19*178.3*52.46*13.11*MB*0220157028600*11*1~NM1*QC*1*GREEN*DAVID****MI*1GQ2RD0FE04~NM1*82*1******XX*1659521045~NM1*TT*2*COLORADO DEPT OF HEALTH-MEDICAID*****PI*70037~MOA***MA01*MA07~REF*EA*F047C5A083614FDE84870B468089D81E~DTM*050*20200604~SVC*HC:99213:95*178.3*52.46**1~DTM*472*20200513~CAS*CO*45*112.73~CAS*PR*2*13.11~REF*LU*11~REF*6R*CPYY6OFVPYWF~AMT*B6*65.57~CLP*000100034956*19*178.3*42.02*10.51*MB*0220157028620*02*1~NM1*QC*1*LANDIS*NORMA*J***MI*7TE3DE2RU17~NM1*82*1******XX*1447291851~NM1*TT*2*CHAMPVA-VA HEALTH ADMIN CTR*****PI*80214~MOA***MA01*MA18~REF*EA*D9FF991D8CDB4C0CA2D46D0B6510C341~DTM*050*20200604~SVC*HC:99213*178.3*42.02**1~DTM*472*20200519~CAS*CO*45*125.77~CAS*PR*2*10.51~REF*LU*02~REF*6R*CPYYHNRAQGFK~AMT*B6*52.53~LQ*HE*N535~CLP*000100034537*19*316.11*93.58*19.4*MB*0220157028610*11*1~NM1*QC*1*SNYDER*NEVADA*E***MI*3AQ7EC9RJ77~NM1*82*1******XX*1659521045~NM1*TT*2*COLORADO DEPT OF HEALTH-MEDICAID*****PI*70037~MOA***MA01*MA07~REF*EA*08DA468F5BEE4CC6B67CFF01F719C812~DTM*050*20200604~SVC*HC:99213:95:25*178.3*52.46**1~DTM*472*20200511~CAS*CO*45*112.73~CAS*PR*2*13.11~REF*LU*11~REF*6R*CPYYGK6EHI9I~AMT*B6*65.57~SVC*HC:G0444:95*30.75*15.94**1~DTM*472*20200511~CAS*CO*45*14.81~REF*LU*11~REF*6R*CPYY37QEV4NQ~AMT*B6*15.94~SVC*HC:G0396:95*107.06*25.18**1~DTM*472*20200511~CAS*CO*45*75.59~CAS*PR*2*6.29~REF*LU*11~REF*6R*CPYYDYYFQU25~AMT*B6*31.47~SE*137*000000002~GE*1*140~IEA*1*016900140~