ISA*00*          *00*          *ZZ*04112          *29*E13833         *200529*2359*^*00501*015000141*0*P*:~GS*HP*04112*E13833*20200529*2359*141*X*005010X221A1~ST*835*000000002~BPR*I*314.18*C*ACH*CCP*01*081517693*DA*152302017586*1205296137**01*102106569*DA*2200002989138*20200601~TRN*1*890448340*1205296137~REF*EV*E13833~DTM*405*20200529~N1*PR*NOVITAS SOLUTIONS, INC.~N3*PO BOX 3109~N4*MECHANICSBURG*PA*170551825~REF*2U*04112~PER*CX**TE*8552528782~PER*BL*NOVITAS SOLUTIONS, INC. EDI SERVICES*TE*8552528782*EX*1*EM*WEBSITEEDI@NOVITAS-SOLUTIONS.COM~N1*PE*SPANISH PEAKS NEW ALTERNATIV*XX*1508250911~N3*ATTN  BILLING*41 MONTEBELLO ROAD STE 116~N4*PUEBLO*CO*810011366~REF*TJ*841158933~LX*1~CLP*000100030898*1*212*160.95**MB*0220139004480*11*1~NM1*QC*1*BUTCHER*DOROTHY*B***MI*8N55UV9XD56~NM1*82*1******XX*1447291851~MOA***MA01~REF*EA*13DB12006DCF49DBA822681E5EAD745E~DTM*050*20200518~SVC*HC:G0439:25*145*116.58**1~DTM*472*20200303~CAS*CO*45*26.04**253*2.38~REF*LU*11~REF*6R*CPPQOIIH5S2H~AMT*B6*118.96~SVC*HC:G0008*32*16.8**1~DTM*472*20200303~CAS*CO*45*14.86**253*0.34~REF*LU*11~REF*6R*CPPQ6AWUGDH1~AMT*B6*17.14~SVC*HC:90674*35*27.57**1~DTM*472*20200303~CAS*CO*45*6.87**253*0.56~REF*LU*11~REF*6R*CPPQS6RB9BRC~AMT*B6*28.13~CLP*000100033775*19*178.3*51.41*13.11*MB*0220139004460*11*1~NM1*QC*1*LATONA*LORI*L***MI*6D37TU7HA42~NM1*82*1******XX*1396971230~NM1*TT*2*AZ MEDICAID-MERCY CARE RBHA*****PI*77122~MOA***MA01*MA07~REF*EA*A47BA2404AC9434CA11706F4E75847AE~DTM*050*20200518~SVC*HC:99213:95*178.3*51.41**1~DTM*472*20200424~CAS*CO*45*112.73**253*1.05~CAS*PR*2*13.11~REF*LU*11~REF*6R*CPPQNTBGOWJH~AMT*B6*65.57~CLP*000100034041*1*272.99*74.49*19*MB*0220139004520*11*1~NM1*QC*1*SMITHLING*TIMOTHY****MI*6M08W43QN59~NM1*82*1******XX*1164974580~MOA***MA01~REF*EA*589531273D6A424A96FA7B1545808DB5~DTM*050*20200518~SVC*HC:99214:95*272.99*74.49**1~DTM*472*20200430~CAS*CO*45*177.98**253*1.52~CAS*PR*2*19~REF*LU*11~REF*6R*CPPQDZ7RMZCP~AMT*B6*95.01~CLP*000100034579*19*22*9.11*2.28*MB*0220139004490*02*1~NM1*QC*1*ZARATE*JOHN****MI*5XR3EQ4QH90~NM1*82*1******XX*1396971230~NM1*TT*2*COLORADO DEPT OF HEALTH-MEDICAID*****PI*70037~MOA***MA01*MA07~REF*EA*7A613001F9E7462EB8DF4642375CF93B~DTM*050*20200518~SVC*HC:G2012*22*9.11**1~DTM*472*20200512~CAS*CO*45*10.61~CAS*PR*2*2.28~REF*LU*02~REF*6R*CPPQP3UUOI5W~AMT*B6*11.39~LQ*HE*N535~CLP*000100034107*19*22*9.11*2.28*MB*0220139004500*02*1~NM1*QC*1*ZARATE*JOHN****MI*5XR3EQ4QH90~NM1*82*1******XX*1396971230~NM1*TT*2*COLORADO DEPT OF HEALTH-MEDICAID*****PI*70037~MOA***MA01*MA07~REF*EA*D54C6B19D4AE4FF782A508ACB62878B0~DTM*050*20200518~SVC*HC:G2012*22*9.11**1~DTM*472*20200501~CAS*CO*45*10.61~CAS*PR*2*2.28~REF*LU*02~REF*6R*CPPQFKP64HOO~AMT*B6*11.39~LQ*HE*N535~CLP*000100034479*19*22*9.11*2.28*MB*0220139004510*02*1~NM1*QC*1*ZARATE*JOHN****MI*5XR3EQ4QH90~NM1*82*1******XX*1396971230~NM1*TT*2*COLORADO DEPT OF HEALTH-MEDICAID*****PI*70037~MOA***MA01*MA07~REF*EA*0370EBA626DF477FBB90274255474338~DTM*050*20200518~SVC*HC:G2012*22*9.11**1~DTM*472*20200508~CAS*CO*45*10.61~CAS*PR*2*2.28~REF*LU*02~REF*6R*CPPQCGOJ7W8L~AMT*B6*11.39~LQ*HE*N535~SE*113*000000002~GE*1*141~IEA*1*015000141~