ISA*00*          *00*          *ZZ*04112          *29*E13833         *200604*2359*^*00501*015600136*0*P*:~GS*HP*04112*E13833*20200604*2359*136*X*005010X221A1~ST*835*000000001~BPR*I*222.44*C*ACH*CCP*01*081517693*DA*152302017586*1205296137**01*102106569*DA*2200002989138*20200605~TRN*1*890462157*1205296137~REF*EV*E13833~DTM*405*20200604~N1*PR*NOVITAS SOLUTIONS, INC.~N3*PO BOX 3109~N4*MECHANICSBURG*PA*170551825~REF*2U*04112~PER*CX**TE*8552528782~PER*BL*NOVITAS SOLUTIONS, INC. EDI SERVICES*TE*8552528782*EX*1*EM*WEBSITEEDI@NOVITAS-SOLUTIONS.COM~N1*PE*SPANISH PEAKS NEW ALTERNATIV*XX*1508250911~N3*ATTN  BILLING*41 MONTEBELLO ROAD STE 116~N4*PUEBLO*CO*810011366~REF*TJ*841158933~LX*1~CLP*000100034415*1*272.99*89.42*22.36*MB*0220143287540*11*1~NM1*QC*1*BRYANT*LAURIE*D***MI*6U99DH7GE41~NM1*82*1******XX*1447291851~MOA***MA01~REF*EA*D22B56A13DE345BCBCC87504AE3597AA~DTM*050*20200522~SVC*HC:99214:95*272.99*89.42**1~DTM*472*20200507~CAS*CO*45*161.21~CAS*PR*2*22.36~REF*LU*11~REF*6R*CPQEXPPOKJ8Y~AMT*B6*111.78~CLP*000100033675*19*178.3*51.41*13.11*MB*0220143287510*11*1~NM1*QC*1*GURGANUS*ANTHONY*P***MI*4VR6GQ6WE45~NM1*82*1******XX*1659521045~NM1*TT*2*COLORADO DEPT OF HEALTH-MEDICAID*****PI*70037~MOA***MA01*MA07~REF*EA*00516ECB0FC34CB496121B9675B36F46~DTM*050*20200522~SVC*HC:99213:95*178.3*51.41**1~DTM*472*20200423~CAS*CO*45*112.73**253*1.05~CAS*PR*2*13.11~REF*LU*11~REF*6R*CPQE7BQT3B4V~AMT*B6*65.57~LQ*HE*N782~CLP*000100034385*19*35*21.13*5.28*MB*0220143287520*02*1~NM1*QC*1*MONTEZ*QUINO*D***MI*4HE6N38AV40~NM1*82*1******XX*1447291851~NM1*TT*2*UNITEDHEALTH GROUP*****PI*30002~MOA***MA01*MA18~REF*EA*7E1D48A8CCED44769B2456DF4F04A393~DTM*050*20200522~SVC*HC:99441*35*21.13**1~DTM*472*20200507~CAS*CO*45*8.59~CAS*PR*2*5.28~REF*LU*02~REF*6R*CPQEQ9HRWEIR~AMT*B6*26.41~LQ*HE*N535~CLP*000100034050*19*178.3*60.48*15.43*MB*0220143287530*11*1~NM1*QC*1*RUDNIK*DOROTHY*L***MI*4TT1VV0YN13~NM1*82*1******XX*1447291851~NM1*TT*2*COLONIAL PENN LIFE INSURANCE CO*****PI*30326~MOA***MA01*MA18~REF*EA*3928D8D7A553442C8C4735CF34A096B3~DTM*050*20200522~SVC*HC:99213:95*178.3*60.48**1~DTM*472*20200430~CAS*CO*45*101.16**253*1.23~CAS*PR*2*15.43~REF*LU*11~REF*6R*CPQE5DWFHBPZ~AMT*B6*77.14~SE*74*000000001~GE*1*136~IEA*1*015600136~