ISA*00*          *00*          *ZZ*04112          *29*E13833         *200601*2359*^*00501*015300137*0*P*:~GS*HP*04112*E13833*20200601*2359*137*X*005010X221A1~ST*835*000000001~BPR*I*625.9*C*ACH*CCP*01*081517693*DA*152302017586*1205296137**01*102106569*DA*2200002989138*20200602~TRN*1*890451814*1205296137~REF*EV*E13833~DTM*405*20200601~N1*PR*NOVITAS SOLUTIONS, INC.~N3*PO BOX 3109~N4*MECHANICSBURG*PA*170551825~REF*2U*04112~PER*CX**TE*8552528782~PER*BL*NOVITAS SOLUTIONS, INC. EDI SERVICES*TE*8552528782*EX*1*EM*WEBSITEEDI@NOVITAS-SOLUTIONS.COM~N1*PE*SPANISH PEAKS NEW ALTERNATIV*XX*1508250911~N3*ATTN  BILLING*41 MONTEBELLO ROAD STE 116~N4*PUEBLO*CO*810011366~REF*TJ*841158933~LX*1~CLP*000100033617*19*178.3*60.48*15.43*MB*0220140314660*11*1~NM1*QC*1*BRANDT*MICHAEL*S***MI*5H27DW9HX49~NM1*82*1******XX*1447291851~NM1*TT*2*UNITEDHEALTH GROUP*****PI*30002~MOA***MA01*MA18~REF*EA*BDFD6A84FC3A4787910E1FFD240E6015~DTM*050*20200519~SVC*HC:99213:95*178.3*60.48**1~DTM*472*20200422~CAS*CO*45*101.16**253*1.23~CAS*PR*2*15.43~REF*LU*11~REF*6R*CPPUW1617HGH~AMT*B6*77.14~CLP*000100034353*19*316.11*110.08*22.83*MB*0220140314670*11*1~NM1*QC*1*BRANDT*MICHAEL*S***MI*5H27DW9HX49~NM1*82*1******XX*1447291851~NM1*TT*2*UNITEDHEALTH GROUP*****PI*30002~MOA***MA01*MA18~REF*EA*8F318B1FCB6E43F1806973FD5FDD588D~DTM*050*20200519~SVC*HC:99213:95:25*178.3*61.71**1~DTM*472*20200506~CAS*CO*45*101.16~CAS*PR*2*15.43~REF*LU*11~REF*6R*CPPUP880GY0J~AMT*B6*77.14~SVC*HC:G0444:95*30.75*18.75**1~DTM*472*20200506~CAS*CO*45*12~REF*LU*11~REF*6R*CPPUWPJI1Q1V~AMT*B6*18.75~SVC*HC:G0396:95*107.06*29.62**1~DTM*472*20200506~CAS*CO*45*70.04~CAS*PR*2*7.4~REF*LU*11~REF*6R*CPPUCY83WH6N~AMT*B6*37.02~CLP*000100026422*19*134*74.23*18.93*MB*0220140314600*11*1~NM1*QC*1*CLEVELAND*RHONDA*L***MI*8RH6HX5AJ62~NM1*82*1******XX*1659521045~NM1*TT*2*CHAMPVA-VA HEALTH ADMIN CTR*****PI*80214~MOA***MA01*MA18~REF*EA*70EE3BFA1AC64C38A3560FD321FB83C3~DTM*050*20200519~SVC*HC:99214*134*74.23**1~DTM*472*20191209~CAS*CO*45*39.33**253*1.51~CAS*PR*2*18.93~REF*LU*11~REF*6R*CPPUH3OVDZNC~AMT*B6*94.67~CLP*000100026874*19*134*74.23*18.93*MB*0220140314610*11*1~NM1*QC*1*CLEVELAND*RHONDA*L***MI*8RH6HX5AJ62~NM1*82*1******XX*1659521045~NM1*TT*2*CHAMPVA-VA HEALTH ADMIN CTR*****PI*80214~MOA***MA01*MA18~REF*EA*734E24F85DA94CA2B4A13899114A9AF3~DTM*050*20200519~SVC*HC:99214*134*74.23**1~DTM*472*20191217~CAS*CO*45*39.33**253*1.51~CAS*PR*2*18.93~REF*LU*11~REF*6R*CPPU3EDL6MSY~AMT*B6*94.67~CLP*000100033574*19*172.81*57.01*12.09*MB*0220140314620*02*1~NM1*QC*1*DURAN*WILLIAM****MI*1X03E84VJ96~NM1*82*1******XX*1447291851~NM1*TT*2*CONNECTICUT GENERAL INSURANCE CO*****PI*00018~MOA***MA01*MA18~REF*EA*C3A9FF6C5ECF493B81FC669093DEE57B~DTM*050*20200519~SVC*HC:99441*35*20.71**1~DTM*472*20200422~CAS*CO*45*8.59**253*0.42~CAS*PR*2*5.28~REF*LU*02~REF*6R*CPPUYE06U7IV~AMT*B6*26.41~LQ*HE*N535~SVC*HC:G0444*30.75*9.61**1~DTM*472*20200422~CAS*CO*45*20.94**253*0.2~REF*LU*02~REF*6R*CPPUFQEGLTOM~AMT*B6*9.81~LQ*HE*N535~SVC*HC:G0396*107.06*26.69**1~DTM*472*20200422~CAS*CO*45*73.02**253*0.54~CAS*PR*2*6.81~REF*LU*02~REF*6R*CPPUTWERGBOD~AMT*B6*34.04~LQ*HE*N535~CLP*000100034021*19*35*20.71*5.28*MB*0220140314630*02*1~NM1*QC*1*DURAN*WILLIAM****MI*1X03E84VJ96~NM1*82*1******XX*1447291851~NM1*TT*2*CONNECTICUT GENERAL INSURANCE CO*****PI*00018~MOA***MA01*MA18~REF*EA*2BA7B6E01A674819B98C06FD7C50E97B~DTM*050*20200519~SVC*HC:99441*35*20.71**1~DTM*472*20200429~CAS*CO*45*8.59**253*0.42~CAS*PR*2*5.28~REF*LU*02~REF*6R*CPPUM5XA5C52~AMT*B6*26.41~LQ*HE*N535~CLP*000100033502*19*22*8.93*2.28*MB*0220140314580*02*1~NM1*QC*1*GALLEGOS*CARLOS*L***MI*4UD4RR8JD63~NM1*82*1******XX*1659521045~NM1*TT*2*COLORADO DEPT OF HEALTH-MEDICAID*****PI*70037~MOA***MA01*MA07~REF*EA*9730438DFB96442688B85E92C5A3D851~DTM*050*20200519~SVC*HC:G2012*22*8.93**1~DTM*472*20200421~CAS*CO*45*10.61**253*0.18~CAS*PR*2*2.28~REF*LU*02~REF*6R*CPPU7APG3E0H~AMT*B6*11.39~LQ*HE*N535~LQ*HE*N782~CLP*000100033966*19*178.3*60.48*15.43*MB*0220140314640*11*1~NM1*QC*1*GUZELIAN*GARY*M***MI*8JQ9PG4AD53~NM1*82*1******XX*1447291851~NM1*TT*2*UNITEDHEALTH GROUP*****PI*30002~MOA***MA01*MA18~REF*EA*91C48C79401F456484AA6BE38580EFA0~DTM*050*20200519~SVC*HC:99213:95*178.3*60.48**1~DTM*472*20200429~CAS*CO*45*101.16**253*1.23~CAS*PR*2*15.43~REF*LU*11~REF*6R*CPPURZY4391X~AMT*B6*77.14~CLP*000100034020*1*35*20.71*5.28*MB*0220140314590*02*1~NM1*QC*1*HELLERICH*GREGORY*R***MI*8UN1XU1AW36~NM1*82*1******XX*1447291851~MOA***MA01~REF*EA*7D90A286F45840D282F91D593B2B9C25~DTM*050*20200519~SVC*HC:99441*35*20.71**1~DTM*472*20200429~CAS*CO*45*8.59**253*0.42~CAS*PR*2*5.28~REF*LU*02~REF*6R*CPPUDP53V4FD~AMT*B6*26.41~LQ*HE*N535~CLP*000100033520*19*178.3*51.41*13.11*MB*0220140314570*11*1~NM1*QC*1*NIOUS*LATEEFAH*S***MI*5K05AD5CJ56~NM1*82*1******XX*1659521045~NM1*TT*2*COLORADO DEPT OF HEALTH-MEDICAID*****PI*70037~MOA***MA01*MA07~REF*EA*5C5E68BF77204C80A808A1E3E54B4260~DTM*050*20200519~SVC*HC:99213:95*178.3*51.41**1~DTM*472*20200421~CAS*CO*45*112.73**253*1.05~CAS*PR*2*13.11~REF*LU*11~REF*6R*CPPUMQZNV6VE~AMT*B6*65.57~CLP*000100028109*19*272.99*87.63*22.36*MB*0220140314650*11*1~NM1*QC*1*RUDNIK*DOROTHY*L***MI*4TT1VV0YN13~NM1*82*1******XX*1447291851~NM1*TT*2*COLONIAL PENN LIFE INSURANCE CO*****PI*30326~MOA***MA01*MA18~REF*EA*76AC7D86E9D0459CA4E304317FF902B9~DTM*050*20200519~SVC*HC:99214*272.99*87.63**1~DTM*472*20200113~CAS*CO*45*161.21**253*1.79~CAS*PR*2*22.36~REF*LU*11~REF*6R*CPPUDELUV4UT~AMT*B6*111.78~SE*203*000000001~GE*1*137~IEA*1*015300137~