ISA*00*          *00*          *ZZ*04112          *29*E13833         *200521*2359*^*00501*014200141*0*P*:~GS*HP*04112*E13833*20200521*2359*141*X*005010X221A1~ST*835*000000002~BPR*I*160.71*C*ACH*CCP*01*081517693*DA*152302017586*1205296137**01*102106569*DA*2200002989138*20200522~TRN*1*890430267*1205296137~REF*EV*E13833~DTM*405*20200521~N1*PR*NOVITAS SOLUTIONS, INC.~N3*PO BOX 3109~N4*MECHANICSBURG*PA*170551825~REF*2U*04112~PER*CX**TE*8552528782~PER*BL*NOVITAS SOLUTIONS, INC. EDI SERVICES*TE*8552528782*EX*1*EM*WEBSITEEDI@NOVITAS-SOLUTIONS.COM~N1*PE*SPANISH PEAKS NEW ALTERNATIV*XX*1508250911~N3*ATTN  BILLING*41 MONTEBELLO ROAD STE 116~N4*PUEBLO*CO*810011366~REF*TJ*841158933~LX*1~CLP*000100033513*19*22*8.93*2.28*MB*0220132005920*02*1~NM1*QC*1*CRUZ*JUDIE****MI*1DP2GD0WR83~NM1*82*1******XX*1164974580~NM1*TT*2*COLORADO DEPT OF HEALTH-MEDICAID*****PI*70037~MOA***MA01*MA07~REF*EA*BB375C9914D04C8AB226F8577A2F3684~DTM*050*20200508~SVC*HC:G2012*22*8.93**1~DTM*472*20200421~CAS*CO*45*10.61**253*0.18~CAS*PR*2*2.28~REF*LU*02~REF*6R*CPO2JNCM492Z~AMT*B6*11.39~LQ*HE*N535~CLP*000100033202*19*35*20.71*5.28*MB*0220132005910*02*1~NM1*QC*1*GATES*DORIS*R***MI*9EV6N45TR50~NM1*82*1******XX*1447291851~NM1*TT*2*ANTHEM FEP COLORADO*****PI*80034~MOA***MA01*MA18~REF*EA*1485E1EC5C91483FB01FD6AF366B6E34~DTM*050*20200508~SVC*HC:99441*35*20.71**1~DTM*472*20200414~CAS*CO*45*8.59**253*0.42~CAS*PR*2*5.28~REF*LU*02~REF*6R*CPO220MJPFEG~AMT*B6*26.41~LQ*HE*N535~CLP*000100032599*19*22*8.93*2.28*MB*0220132005870*02*1~NM1*QC*1*GREEN*DAVID****MI*1GQ2RD0FE04~NM1*82*1******XX*1659521045~NM1*TT*2*COLORADO DEPT OF HEALTH-MEDICAID*****PI*70037~MOA***MA01*MA07~REF*EA*AD46C54F70824795BA1D71A46372A9E0~DTM*050*20200508~SVC*HC:G2012*22*8.93**1~DTM*472*20200401~CAS*CO*45*10.61**253*0.18~CAS*PR*2*2.28~REF*LU*02~REF*6R*CPO2SHFGTA6F~AMT*B6*11.39~LQ*HE*N535~CLP*000100033487*19*178.3*41.18*10.51*MB*0220132005880*02*1~NM1*QC*1*LANDIS*NORMA*J***MI*7TE3DE2RU17~NM1*82*1******XX*1447291851~NM1*TT*2*CHAMPVA-VA HEALTH ADMIN CTR*****PI*80214~MOA***MA01*MA18~REF*EA*959BF00CEBF34951805D506C5FD32310~DTM*050*20200508~SVC*HC:99213:95*178.3*41.18**1~DTM*472*20200421~CAS*CO*45*125.77**253*0.84~CAS*PR*2*10.51~REF*LU*02~REF*6R*CPO2SS9D9APD~AMT*B6*52.53~LQ*HE*N535~CLP*000100031987*19*178.3*41.18*10.51*MB*0220132005890*02*1~NM1*QC*1*LANDIS*NORMA*J***MI*7TE3DE2RU17~NM1*82*1******XX*1447291851~NM1*TT*2*CHAMPVA-VA HEALTH ADMIN CTR*****PI*80214~MOA***MA01*MA18~REF*EA*C26D06F689FE45AE863B04C2CAF7D120~DTM*050*20200508~SVC*HC:99213:95*178.3*41.18**1~DTM*472*20200323~CAS*CO*45*125.77**253*0.84~CAS*PR*2*10.51~REF*LU*02~REF*6R*CPO2CJH7XE99~AMT*B6*52.53~LQ*HE*N535~CLP*000100033899*19*159.81*39.78*8.07*MB*0220132005900*02*1~NM1*QC*1*SMITH*CAROL****MI*3NG1K01TU10~NM1*82*1******XX*1164974580~NM1*TT*2*UNITEDHEALTH GROUP*****PI*30002~MOA***MA01*MA18~REF*EA*C6C464B5DC9540BFAE3BB2385008A831~DTM*050*20200508~SVC*HC:G2012*22*8.93**1~DTM*472*20200428~CAS*CO*45*10.61**253*0.18~CAS*PR*2*2.28~REF*LU*02~REF*6R*CPO2S5WVD5JX~AMT*B6*11.39~LQ*HE*N535~SVC*HC:G0444*30.75*8.17**1~DTM*472*20200428~CAS*CO*45*22.41**253*0.17~REF*LU*02~REF*6R*CPO2KLP86575~AMT*B6*8.34~LQ*HE*N535~SVC*HC:G0396*107.06*22.68**1~DTM*472*20200428~CAS*CO*45*78.13**253*0.46~CAS*PR*2*5.79~REF*LU*02~REF*6R*CPO2G3PR8AOU~AMT*B6*28.93~LQ*HE*N535~SE*122*000000002~GE*1*141~IEA*1*014200141~