ISA*00*          *00*          *ZZ*04112          *29*E13833         *200611*2359*^*00501*016300141*0*P*:~GS*HP*04112*E13833*20200611*2359*141*X*005010X221A1~ST*835*000000001~BPR*I*460.11*C*ACH*CCP*01*081517693*DA*152302017586*1205296137**01*102106569*DA*2200002989138*20200612~TRN*1*890476634*1205296137~REF*EV*E13833~DTM*405*20200611~N1*PR*NOVITAS SOLUTIONS, INC.~N3*PO BOX 3109~N4*MECHANICSBURG*PA*170551825~REF*2U*04112~PER*CX**TE*8552528782~PER*BL*NOVITAS SOLUTIONS, INC. EDI SERVICES*TE*8552528782*EX*1*EM*WEBSITEEDI@NOVITAS-SOLUTIONS.COM~PER*IC**UR*WWW.NOVITAS-SOLUTIONS.COM~N1*PE*SPANISH PEAKS NEW ALTERNATIV*XX*1508250911~N3*ATTN  BILLING*41 MONTEBELLO ROAD STE 116~N4*PUEBLO*CO*810011366~REF*TJ*841158933~LX*1~CLP*000100034419*19*22*9.11*2.28*MB*0220153004840*02*1~NM1*QC*1*CANNON*RICHARD****MI*1CR9DG5JV00~NM1*82*1******XX*1659521045~NM1*TT*2*COLORADO DEPT OF HEALTH-MEDICAID*****PI*70037~MOA***MA01*MA07~REF*EA*8C267A77EE214AC697CBF7E7ABE8E790~DTM*050*20200529~SVC*HC:G2012*22*9.11**1~DTM*472*20200507~CAS*CO*45*10.61~CAS*PR*2*2.28~REF*LU*02~REF*6R*CPQURT3WNQFD~AMT*B6*11.39~LQ*HE*N535~LQ*HE*N782~CLP*000100035168*19*22*9.11*2.28*MB*0220153004910*02*1~NM1*QC*1*COOK*DAVID*T***MI*6ED1FE4MH27~NM1*82*1******XX*1164974580~NM1*TT*2*COLORADO DEPT OF HEALTH-MEDICAID*****PI*70037~MOA***MA01*MA07~REF*EA*84D2599F993C4467BCF3A45C7F302D52~DTM*050*20200529~SVC*HC:G2012*22*9.11**1~DTM*472*20200522~CAS*CO*45*10.61~CAS*PR*2*2.28~REF*LU*02~REF*6R*CPQU360WGA83~AMT*B6*11.39~LQ*HE*N535~LQ*HE*N782~CLP*000100034845*19*22*9.11*2.28*MB*0220153004780*02*1~NM1*QC*1*DIAZ*CARL****MI*3CA5R58NJ75~NM1*82*1******XX*1164974580~NM1*TT*2*COLORADO DEPT OF HEALTH-MEDICAID*****PI*70037~MOA***MA01*MA07~REF*EA*64871C2073EF4748A06D9646752A1415~DTM*050*20200529~SVC*HC:G2012*22*9.11**1~DTM*472*20200515~CAS*CO*45*10.61~CAS*PR*2*2.28~REF*LU*02~REF*6R*CPQUM1M7XX34~AMT*B6*11.39~LQ*HE*N535~CLP*000100035123*19*272.99*76.01*19*MB*0220153004680*11*1~NM1*QC*1*GALLEGOS*CARLOS*L***MI*4UD4RR8JD63~NM1*82*1******XX*1164974580~NM1*TT*2*COLORADO DEPT OF HEALTH-MEDICAID*****PI*70037~MOA***MA01*MA07~REF*EA*1711A62718854F28919BC85577849CB3~DTM*050*20200529~SVC*HC:99214:95*272.99*76.01**1~DTM*472*20200521~CAS*CO*45*177.98~CAS*PR*2*19~REF*LU*11~REF*6R*CPQUP8VVAJKZ~AMT*B6*95.01~LQ*HE*N782~CLP*000100034984*19*178.3*35.72*8.93*MB*0220153004720*19*1~NM1*QC*1*GALLEGOS*CARLOS*L***MI*4UD4RR8JD63~NM1*82*1******XX*1659521045~NM1*TT*2*COLORADO DEPT OF HEALTH-MEDICAID*****PI*70037~MOA***MA01*MA07~REF*EA*785F8D371B5A447F8187E84F9E8C9C94~DTM*050*20200529~SVC*HC:99213:95*178.3*35.72**1~DTM*472*20200519~CAS*CO*45*133.65~CAS*PR*2*8.93~REF*LU*19~REF*6R*CPQUM89E01XG~AMT*B6*44.65~LQ*HE*N535~LQ*HE*N782~CLP*000100034971*19*316.11*77.64*19.4*MB*0220153004870*11*1~NM1*QC*1*MATTHEWS*MICHAEL****MI*3HT9V18NG30~NM1*82*1******XX*1164974580~NM1*TT*2*COLORADO DEPT OF HEALTH-MEDICAID*****PI*70037~MOA***MA01*MA07~REF*EA*2BBE45E2433E4BC4AAF5AA2652E7C33F~DTM*050*20200529~SVC*HC:99213:95:25*178.3*52.46**1~DTM*472*20200519~CAS*CO*45*112.73~CAS*PR*2*13.11~REF*LU*11~REF*6R*CPQU3OGX3SVW~AMT*B6*65.57~LQ*HE*N782~SVC*HC:G0444:95*30.75*0****1~DTM*472*20200519~CAS*CO*119*30.75~REF*LU*11~REF*6R*CPQUA4H84CSE~REF*0K*210.9~LQ*HE*M25~LQ*HE*N362~SVC*HC:G0396:95*107.06*25.18**1~DTM*472*20200519~CAS*CO*45*75.59~CAS*PR*2*6.29~REF*LU*11~REF*6R*CPQU3K2OVOOH~AMT*B6*31.47~LQ*HE*N782~CLP*000100034206*19*182.3*55.94*13.11*MB*0220153004620*11*1~NM1*QC*1*NIOUS*LATEEFAH*S***MI*5K05AD5CJ56~NM1*82*1******XX*1659521045~NM1*TT*2*COLORADO DEPT OF HEALTH-MEDICAID*****PI*70037~MOA***MA01*MA07~REF*EA*657F47B9FC194E8D89935948B5C9A701~DTM*050*20200529~SVC*HC:99213:95:25*178.3*52.46**1~DTM*472*20200505~CAS*CO*45*112.73~CAS*PR*2*13.11~REF*LU*11~REF*6R*CPQUBXOBVIZ1~AMT*B6*65.57~LQ*HE*N782~SVC*HC:81002*4*3.48**1~DTM*472*20200505~CAS*CO*45*0.52~REF*LU*11~REF*6R*CPQUXEUJGXFQ~AMT*B6*3.48~CLP*000100034617*19*178.3*52.46*13.11*MB*0220153004630*11*1~NM1*QC*1*NIOUS*LATEEFAH*S***MI*5K05AD5CJ56~NM1*82*1******XX*1659521045~NM1*TT*2*COLORADO DEPT OF HEALTH-MEDICAID*****PI*70037~MOA***MA01*MA07~REF*EA*4FF3D94234C64DFFB9AC63E513BCB5DE~DTM*050*20200529~SVC*HC:99213:95*178.3*52.46**1~DTM*472*20200512~CAS*CO*45*112.73~CAS*PR*2*13.11~REF*LU*11~REF*6R*CPQUX7R99ARR~AMT*B6*65.57~LQ*HE*N782~CLP*000100033914*19*178.3*51.41*13.11*MB*0220153004650*11*1~NM1*QC*1*NIOUS*LATEEFAH*S***MI*5K05AD5CJ56~NM1*82*1******XX*1659521045~NM1*TT*2*COLORADO DEPT OF HEALTH-MEDICAID*****PI*70037~MOA***MA01*MA07~REF*EA*BE158E69C9F0489687C3B8863050E94C~DTM*050*20200529~SVC*HC:99213:95*178.3*51.41**1~DTM*472*20200428~CAS*CO*45*112.73**253*1.05~CAS*PR*2*13.11~REF*LU*11~REF*6R*CPQUA7BRW1NM~AMT*B6*65.57~CLP*000100033827*19*272.99*74.49*19*MB*0220153004800*11*1~NM1*QC*1*RAY*ANTHONY****MI*8UX3UN1KW03~NM1*82*1******XX*1659521045~NM1*TT*2*COLORADO DEPT OF HEALTH-MEDICAID*****PI*70037~MOA***MA01*MA07~REF*EA*A8354107D6FB47488245749F47C0F7B6~DTM*050*20200529~SVC*HC:99214:95*272.99*74.49**1~DTM*472*20200427~CAS*CO*45*177.98**253*1.52~CAS*PR*2*19~REF*LU*11~REF*6R*CPQU53OU9QC3~AMT*B6*95.01~LQ*HE*N782~CLP*000100034753*1*22*9.11*2.28*MB*0220153004890*02*1~NM1*QC*1*VIALPANDO*ANTHONY*R***MI*7JD4MM6YJ80~NM1*82*1******XX*1659521045~MOA***MA01~REF*EA*A02C5A3074FE4851A4DA812ECE18774B~DTM*050*20200529~SVC*HC:G2012*22*9.11**1~DTM*472*20200514~CAS*CO*45*10.61~CAS*PR*2*2.28~REF*LU*02~REF*6R*CPQU1IMVRXB7~AMT*B6*11.39~LQ*HE*N535~SE*206*000000001~GE*1*141~IEA*1*016300141~