ISA*00*          *00*          *ZZ*04112          *29*E13833         *200723*2359*^*00501*020500149*0*P*:~GS*HP*04112*E13833*20200723*2359*149*X*005010X221A1~ST*835*000000001~BPR*I*2556.13*C*ACH*CCP*01*081517693*DA*152302017586*1205296137**01*102106569*DA*2200002989138*20200724~TRN*1*890580298*1205296137~REF*EV*E13833~DTM*405*20200723~N1*PR*NOVITAS SOLUTIONS, INC.~N3*PO BOX 3109~N4*MECHANICSBURG*PA*170551825~REF*2U*04112~PER*CX**TE*8552528782~PER*BL*NOVITAS SOLUTIONS, INC. EDI SERVICES*TE*8552528782*EX*1*EM*WEBSITEEDI@NOVITAS-SOLUTIONS.COM~N1*PE*SPANISH PEAKS NEW ALTERNATIV*XX*1508250911~N3*ATTN  BILLING*41 MONTEBELLO ROAD STE 116~N4*PUEBLO*CO*810011366~REF*TJ*841158933~LX*1~CLP*000100036073*19*2082.29*1053.26*261.16*MB*0220192331050*11*1~NM1*QC*1*BARNELL*SHANNA****MI*9KW9DE2VG31~NM1*82*1******XX*1396971230~NM1*TT*2*COLORADO DEPT OF HEALTH-MEDICAID*****PI*70037~MOA***MA01*MA07~REF*EA*3FC0B0EC1C594F959FB1BB938AA8BB18~DTM*050*20200710~SVC*HC:99213:25*178.3*52.46**1~DTM*472*20200611~CAS*CO*45*112.73~CAS*PR*2*13.11~REF*LU*11~REF*6R*CP9UJ7I0W5LN~AMT*B6*65.57~LQ*HE*N782~SVC*HC:96372*83.99*9.97**1~DTM*472*20200611~CAS*CO*45*71.53~CAS*PR*2*2.49~REF*LU*11~REF*6R*CP9UP07584RC~AMT*B6*12.46~LQ*HE*N782~SVC*HC:J2315*1805*982.22**380~DTM*472*20200611~CAS*CO*45*577.22~CAS*PR*2*245.56~REF*LU*11~REF*6R*CP9U4BUEUELF~AMT*B6*1227.78~LQ*HE*N782~SVC*HC:81025*15*8.61**1~DTM*472*20200611~CAS*CO*45*6.39~REF*LU*11~REF*6R*CP9U3EO7QDVZ~AMT*B6*8.61~CLP*000100030020*19*310*160.87*37.05*MB*0220192331000*11*1~NM1*QC*1*GALLEGOS*CARLOS*L***MI*4UD4RR8JD63~NM1*82*1******XX*1659521045~NM1*TT*2*COLORADO DEPT OF HEALTH-MEDICAID*****PI*70037~MOA***MA01*MA07~REF*EA*63E3C14B0E6940859860606CE52AB4A3~DTM*050*20200710~SVC*HC:99204:25*205*112.43**1~DTM*472*20200218~CAS*CO*45*61.6**253*2.29~CAS*PR*2*28.68~REF*LU*11~REF*6R*CP9UJ4MRHGZ6~AMT*B6*143.4~LQ*HE*N782~SVC*HC:99415*45*8.14**1~DTM*472*20200218~CAS*CO*45*34.61**253*0.17~CAS*PR*2*2.08~REF*LU*11~REF*6R*CP9U9K268B68~AMT*B6*10.39~LQ*HE*N782~SVC*HC:G0444*20*15.62**1~DTM*472*20200218~CAS*CO*45*4.06**253*0.32~REF*LU*11~REF*6R*CP9U3G3RR4X4~AMT*B6*15.94~SVC*HC:G0396*40*24.68**1~DTM*472*20200218~CAS*CO*45*8.53**253*0.5~CAS*PR*2*6.29~REF*LU*11~REF*6R*CP9URKCKFXHP~AMT*B6*31.47~LQ*HE*N782~CLP*000100036260*19*22*9.11*2.28*MB*0220192330990*02*1~NM1*QC*1*LATONA*LORI*L***MI*6D37TU7HA42~NM1*82*1******XX*1396971230~NM1*TT*2*AZ MEDICAID-MERCY CARE RBHA*****PI*77122~MOA***MA01*MA07~REF*EA*28E991C88458424584D1E7B1776C46FB~DTM*050*20200710~SVC*HC:G2012*22*9.11**1~DTM*472*20200616~CAS*CO*45*10.61~CAS*PR*2*2.28~REF*LU*02~REF*6R*CP9U2Y355VWW~AMT*B6*11.39~LQ*HE*N535~CLP*000100036356*1*22*9.11*2.28*MB*0220192331040*02*1~NM1*QC*1*MANNON*ANGELA*T***MI*2VP3RQ2MJ77~NM1*82*1******XX*1164974580~MOA***MA01~REF*EA*30787DD35D6C401B9C0A9A701837BEAE~DTM*050*20200710~SVC*HC:G2012*22*9.11**1~DTM*472*20200617~CAS*CO*45*10.61~CAS*PR*2*2.28~REF*LU*02~REF*6R*CP9U3H0EGWET~AMT*B6*11.39~LQ*HE*N535~CLP*000100036213*19*178.3*52.46*13.11*MB*0220192331030*11*1~NM1*QC*1*MARTINEZ FOOS*CHRISTINA*M***MI*7N46FH3DX51~NM1*82*1******XX*1659521045~NM1*TT*2*COLORADO DEPT OF HEALTH-MEDICAID*****PI*70037~MOA***MA01*MA07~REF*EA*858AC72B82CF4E0DA28DEB2960314C73~DTM*050*20200710~SVC*HC:99213:95*178.3*52.46**1~DTM*472*20200615~CAS*CO*45*112.73~CAS*PR*2*13.11~REF*LU*11~REF*6R*CP9UMO4TAFR5~AMT*B6*65.57~LQ*HE*N782~CLP*000100030781*19*2472.92*1130.4*282.22*MB*0220192330980*11*1~NM1*QC*1*PEREA*TARA*J***MI*2DG6J49QT48~NM1*82*1******XX*1366419582~NM1*TT*2*COLORADO DEPT OF HEALTH-MEDICAID*****PI*70037~MOA***MA01*MA07~REF*EA*D21647614BD64CB2A6783831C9AF9AF0~DTM*050*20200710~SVC*HC:99215:25*386.12*99.98**1~DTM*472*20200302~CAS*CO*45*258.6**253*2.04~CAS*PR*2*25.5~REF*LU*11~REF*6R*CP9U3HYZK9QY~AMT*B6*127.52~SVC*HC:99415*45*8.14**1~DTM*472*20200302~CAS*CO*45*34.61**253*0.17~CAS*PR*2*2.08~REF*LU*11~REF*6R*CP9UW4C8ONSD~AMT*B6*10.39~SVC*HC:96372*83.99*9.77**1~DTM*472*20200302~CAS*CO*45*71.53**253*0.2~CAS*PR*2*2.49~REF*LU*11~REF*6R*CP9UDYQR6YNF~AMT*B6*12.46~SVC*HC:J2315*1805*963.77**380~DTM*472*20200302~CAS*CO*45*575.7**253*19.67~CAS*PR*2*245.86~REF*LU*11~REF*6R*CP9USH7Z8JC5~AMT*B6*1229.3~SVC*HC:G0444*30.75*15.62**1~DTM*472*20200302~CAS*CO*45*14.81**253*0.32~REF*LU*11~REF*6R*CP9U1FY7MWYX~AMT*B6*15.94~SVC*HC:G0396*107.06*24.68**1~DTM*472*20200302~CAS*CO*45*75.59**253*0.5~CAS*PR*2*6.29~REF*LU*11~REF*6R*CP9UDA8E9UKV~AMT*B6*31.47~SVC*HC:81025*15*8.44**1~DTM*472*20200302~CAS*CO*45*6.39**253*0.17~REF*LU*11~REF*6R*CP9UCS1U3J94~AMT*B6*8.61~CLP*000100035936*19*45*36*9*MB*0220192331020*02*1~NM1*QC*1*THOMAS*SIDNEY*J***MI*8D72T82JW93~NM1*82*1******XX*1447291851~NM1*TT*2*COLORADO DEPT OF HEALTH-MEDICAID*****PI*70037~MOA***MA01*MA07~REF*EA*C9A70F828A5E4DE59E444D87E017939A~DTM*050*20200710~SVC*HC:99443*45*36**1~DTM*472*20200609~CAS*PR*2*9~REF*LU*02~REF*6R*CP9UJH34T0X6~AMT*B6*45~LQ*HE*N782~CLP*000100036310*19*178.3*52.46*13.11*MB*0220192331010*11*1~NM1*QC*1*TUTTLE*CHRISTOPH*D***MI*5AT4YP8CD65~NM1*82*1******XX*1164974580~NM1*TT*2*COLORADO DEPT OF HEALTH-MEDICAID*****PI*70037~MOA***MA01*MA07~REF*EA*8FD6122C97E3457BBF519B9B2FCA1EE5~DTM*050*20200710~SVC*HC:99213:95*178.3*52.46**1~DTM*472*20200617~CAS*CO*45*112.73~CAS*PR*2*13.11~REF*LU*11~REF*6R*CP9UJXU5Y8QC~AMT*B6*65.57~LQ*HE*N782~CLP*000100035864*1*178.3*52.46*13.11*MB*0220192331060*11*1~NM1*QC*1*YANG*CHARLEEN****MI*8P45NU4PK91~NM1*82*1******XX*1396971230~MOA***MA01~REF*EA*14207293564A4EFF909E618C465FCC67~DTM*050*20200710~SVC*HC:99213:95*178.3*52.46**1~DTM*472*20200605~CAS*CO*45*112.73~CAS*PR*2*13.11~REF*LU*11~REF*6R*CP9UNQJB18TT~AMT*B6*65.57~SE*231*000000001~GE*1*149~IEA*1*020500149~