ISA*00*          *00*          *ZZ*04112          *29*E13833         *200625*2359*^*00501*017700147*0*P*:~GS*HP*04112*E13833*20200625*2359*147*X*005010X221A1~ST*835*000000002~BPR*I*641.02*C*ACH*CCP*01*081517693*DA*152302017586*1205296137**01*102106569*DA*2200002989138*20200626~TRN*1*890511668*1205296137~REF*EV*E13833~DTM*405*20200625~N1*PR*NOVITAS SOLUTIONS, INC.~N3*PO BOX 3109~N4*MECHANICSBURG*PA*170551825~REF*2U*04112~PER*CX**TE*8552528782~PER*BL*NOVITAS SOLUTIONS, INC. EDI SERVICES*TE*8552528782*EX*1*EM*WEBSITEEDI@NOVITAS-SOLUTIONS.COM~PER*IC**UR*WWW.NOVITAS-SOLUTIONS.COM~N1*PE*SPANISH PEAKS NEW ALTERNATIV*XX*1508250911~N3*ATTN  BILLING*41 MONTEBELLO ROAD STE 116~N4*PUEBLO*CO*810011366~REF*TJ*841158933~LX*1~CLP*000100034551*19*22*9.11*2.28*MB*0220164328400*02*1~NM1*QC*1*ACOSTA*ROSALINA****MI*1R70JF8DM15~NM1*82*1******XX*1659521045~NM1*TT*2*COLORADO DEPT OF HEALTH-MEDICAID*****PI*70037~MOA***MA01*MA07~REF*EA*5FF85236CFE841B1BA96161A1D443AE5~DTM*050*20200612~SVC*HC:G2012*22*9.11**1~DTM*472*20200511~CAS*CO*45*10.61~CAS*PR*2*2.28~REF*LU*02~REF*6R*CPZE9MZR755O~AMT*B6*11.39~LQ*HE*N535~LQ*HE*N782~CLP*000100035023*1*40*32*8*MB*0220164328440*02*1~NM1*QC*1*BIBLE*JEAN****MI*7AA5NK0YY80~NM1*82*1******XX*1447291851~MOA***MA01~REF*EA*C4F86A5270654FF088C15E5187E12375~DTM*050*20200612~SVC*HC:99442*40*32**1~DTM*472*20200520~CAS*PR*2*8~REF*LU*02~REF*6R*CPZE59LAB6EI~AMT*B6*40~CLP*000100034367*19*272.99*89.42*22.36*MB*0220164328450*11*1~NM1*QC*1*FORTUNE*CATHERINE*M***MI*5D91EH6MW35~NM1*82*1******XX*1447291851~NM1*TT*2*COLORADO DEPT OF HEALTH-MEDICAID*****PI*70037~MOA***MA01*MA07~REF*EA*C2FD870C6212470C997482DF0DC10ACE~DTM*050*20200612~SVC*HC:99214:95*272.99*89.42**1~DTM*472*20200507~CAS*CO*45*161.21~CAS*PR*2*22.36~REF*LU*11~REF*6R*CPZE3O3PPN8L~AMT*B6*111.78~CLP*000100035061*19*88.54*37.54*9.38*MB*0220164328460*11*1~NM1*QC*1*FORTUNE*CATHERINE*M***MI*5D91EH6MW35~NM1*82*1******XX*1447291851~NM1*TT*2*COLORADO DEPT OF HEALTH-MEDICAID*****PI*70037~MOA***MA01*MA07~REF*EA*8D03705551ED4FECA44907041EF6C9A2~DTM*050*20200612~SVC*HC:99212:95*88.54*37.54**1~DTM*472*20200520~CAS*CO*45*41.62~CAS*PR*2*9.38~REF*LU*11~REF*6R*CPZEHQ1CNYHD~AMT*B6*46.92~CLP*000100034441*1*88.54*37.54*9.38*MB*0220164328410*11*1~NM1*QC*1*HELLERICH*GREGORY*R***MI*8UN1XU1AW36~NM1*82*1******XX*1447291851~MOA***MA01~REF*EA*91BD8604FBD348D986AAE936661F0677~DTM*050*20200612~SVC*HC:99212:95*88.54*37.54**1~DTM*472*20200507~CAS*CO*45*41.62~CAS*PR*2*9.38~REF*LU*11~REF*6R*CPZE1N6NRJWB~AMT*B6*46.92~CLP*000100035115*19*178.3*61.71*15.43*MB*0220164328360*11*1~NM1*QC*1*MURPHY*JAMES*P***MI*9DH1U42AP36~NM1*82*1******XX*1447291851~NM1*TT*2*COLORADO DEPT OF HEALTH-MEDICAID*****PI*70037~MOA***MA01*MA07~REF*EA*738F8A370C244D51A1FD41954964CE44~DTM*050*20200612~SVC*HC:99213:95*178.3*61.71**1~DTM*472*20200521~CAS*CO*45*101.16~CAS*PR*2*15.43~REF*LU*11~REF*6R*CPZE1PO9VZA7~AMT*B6*77.14~LQ*HE*N782~CLP*000100035042*19*178.3*52.46*13.11*MB*0220164328370*11*1~NM1*QC*1*NIOUS*LATEEFAH*S***MI*5K05AD5CJ56~NM1*82*1******XX*1659521045~NM1*TT*2*COLORADO DEPT OF HEALTH-MEDICAID*****PI*70037~MOA***MA01*MA07~REF*EA*27339C3A8C0247D2AF131B58EACEBABE~DTM*050*20200612~SVC*HC:99213:95*178.3*52.46**1~DTM*472*20200520~CAS*CO*45*112.73~CAS*PR*2*13.11~REF*LU*11~REF*6R*CPZEUET0NFQC~AMT*B6*65.57~LQ*HE*N782~CLP*000100034422*19*272.99*76.01*19*MB*0220164328380*11*1~NM1*QC*1*NIOUS*LATEEFAH*S***MI*5K05AD5CJ56~NM1*82*1******XX*1659521045~NM1*TT*2*COLORADO DEPT OF HEALTH-MEDICAID*****PI*70037~MOA***MA01*MA07~REF*EA*DD3C9D479A0C41C9AA78B50AEE7D71C8~DTM*050*20200612~SVC*HC:99214:95*272.99*76.01**1~DTM*472*20200507~CAS*CO*45*177.98~CAS*PR*2*19~REF*LU*11~REF*6R*CPZEQVE6NBA3~AMT*B6*95.01~LQ*HE*N782~CLP*000100034526*19*178.3*52.46*13.11*MB*0220164328430*11*1~NM1*QC*1*SANDOVAL*IRENE*E***MI*7XD5M29MX89~NM1*82*1******XX*1659521045~NM1*TT*2*COLORADO DEPT OF HEALTH-MEDICAID*****PI*70037~MOA***MA01*MA07~REF*EA*5D89AF19D279408FA01385C823EAB636~DTM*050*20200612~SVC*HC:99213:95*178.3*52.46**1~DTM*472*20200511~CAS*CO*45*112.73~CAS*PR*2*13.11~REF*LU*11~REF*6R*CPZEPPV8HPJE~AMT*B6*65.57~LQ*HE*N782~CLP*000100033695*19*404.65*98.43*25.1*MB*0220164328390*11*1~NM1*QC*1*SNYDER*NEVADA*E***MI*3AQ7EC9RJ77~NM1*82*1******XX*1659521045~NM1*TT*2*COLORADO DEPT OF HEALTH-MEDICAID*****PI*70037~MOA***MA01*MA07~REF*EA*583551F6462C42858A598A1A155834FC~DTM*050*20200612~SVC*HC:99203:95:25*266.84*73.75**1~DTM*472*20200423~CAS*CO*45*172.77**253*1.51~CAS*PR*2*18.81~REF*LU*11~REF*6R*CPZEHBBLKQMO~AMT*B6*94.07~SVC*HC:G0444*30.75*0****1~DTM*472*20200423~CAS*CO*119*30.75~REF*LU*11~REF*6R*CPZE3M76YS7A~REF*0K*210.9~LQ*HE*M25~LQ*HE*N362~SVC*HC:G0396*107.06*24.68**1~DTM*472*20200423~CAS*CO*45*75.59**253*0.5~CAS*PR*2*6.29~REF*LU*11~REF*6R*CPZETVQ0P5TF~AMT*B6*31.47~CLP*000100034613*1*313.66*94.34*19.59*MB*0220164328420*11*1~NM1*QC*1*YANG*CHARLEEN****MI*8P45NU4PK91~NM1*82*1******XX*1396971230~MOA***MA01~REF*EA*14E1BB555E6F487AAC82CA0FCC82D4A5~DTM*050*20200612~SVC*HC:99202:95:25*175.85*53.22**1~DTM*472*20200512~CAS*CO*45*109.33~CAS*PR*2*13.3~REF*LU*11~REF*6R*CPZEWW7JCZ06~AMT*B6*66.52~SVC*HC:G0444*30.75*15.94**1~DTM*472*20200512~CAS*CO*45*14.81~REF*LU*11~REF*6R*CPZEWYJW2KZJ~AMT*B6*15.94~SVC*HC:G0396*107.06*25.18**1~DTM*472*20200512~CAS*CO*45*75.59~CAS*PR*2*6.29~REF*LU*11~REF*6R*CPZETCZ6FFK8~AMT*B6*31.47~SE*202*000000002~GE*1*147~IEA*1*017700147~