ISA*00*          *00*          *ZZ*04112          *29*E13833         *200709*2359*^*00501*019100148*0*P*:~GS*HP*04112*E13833*20200709*2359*148*X*005010X221A1~ST*835*000000001~BPR*I*229.06*C*ACH*CCP*01*081517693*DA*152302017586*1205296137**01*102106569*DA*2200002989138*20200710~TRN*1*890544283*1205296137~REF*EV*E13833~DTM*405*20200709~N1*PR*NOVITAS SOLUTIONS, INC.~N3*PO BOX 3109~N4*MECHANICSBURG*PA*170551825~REF*2U*04112~PER*CX**TE*8552528782~PER*BL*NOVITAS SOLUTIONS, INC. EDI SERVICES*TE*8552528782*EX*1*EM*WEBSITEEDI@NOVITAS-SOLUTIONS.COM~N1*PE*SPANISH PEAKS NEW ALTERNATIV*XX*1508250911~N3*ATTN  BILLING*41 MONTEBELLO ROAD STE 116~N4*PUEBLO*CO*810011366~REF*TJ*841158933~LX*1~CLP*000100036039*19*22*9.11*2.28*MB*0220178369590*02*1~NM1*QC*1*AVILA*ROBERT*A***MI*3UP6QW1DX68~NM1*82*1******XX*1164974580~NM1*TT*2*COLORADO DEPT OF HEALTH-MEDICAID*****PI*70037~MOA***MA01*MA07~REF*EA*E4CFCF7AFC0D445DB3713FB1E1B5CB82~DTM*050*20200626~SVC*HC:G2012*22*9.11**1~DTM*472*20200610~CAS*CO*45*10.61~CAS*PR*2*2.28~REF*LU*02~REF*6R*CP0ID5ZZDP8X~AMT*B6*11.39~LQ*HE*N535~CLP*000100035804*19*22*9.11*2.28*MB*0220178369540*02*1~NM1*QC*1*HOBBS*LESLYE*M***MI*6UA7CJ9NJ36~NM1*82*1******XX*1659521045~NM1*TT*2*COLORADO DEPT OF HEALTH-MEDICAID*****PI*70037~MOA***MA01*MA07~REF*EA*C4D7CE2D782E41CE8856411154974940~DTM*050*20200626~SVC*HC:G2012*22*9.11**1~DTM*472*20200604~CAS*CO*45*10.61~CAS*PR*2*2.28~REF*LU*02~REF*6R*CP0ITW41QLCN~AMT*B6*11.39~LQ*HE*N535~CLP*000100035930*19*40*32*8*MB*0220178369550*02*1~NM1*QC*1*LANDIS*NORMA*J***MI*7TE3DE2RU17~NM1*82*1******XX*1447291851~NM1*TT*2*CHAMPVA-VA HEALTH ADMIN CTR*****PI*80214~MOA***MA01*MA18~REF*EA*A8DD313342E64097B867341DBAB97A3B~DTM*050*20200626~SVC*HC:99442*40*32**1~DTM*472*20200609~CAS*PR*2*8~REF*LU*02~REF*6R*CP0IKU9T30Z1~AMT*B6*40~CLP*000100035918*1*272.99*89.42*22.36*MB*0220178369580*11*1~NM1*QC*1*MONTEZ*TABITHA*L***MI*7YE4K09AM91~NM1*82*1******XX*1447291851~MOA***MA01~REF*EA*6A41D7CD54D541E2B733ECE2E1588186~DTM*050*20200626~SVC*HC:99214:95*272.99*89.42**1~DTM*472*20200608~CAS*CO*45*161.21~CAS*PR*2*22.36~REF*LU*11~REF*6R*CP0IRCYA4BRU~AMT*B6*111.78~CLP*000100035992*19*272.99*89.42*22.36*MB*0220178369570*11*1~NM1*QC*1*TILLEY*DARRELL*L***MI*8PU5U13TY73~NM1*82*1******XX*1447291851~NM1*TT*2*LOYAL AMERICAN LIFE INSURANCE CO*****PI*30054~MOA***MA01*MA18~REF*EA*664C59C5126C4C168568C0333A6769CF~DTM*050*20200626~SVC*HC:99214:95*272.99*89.42**1~DTM*472*20200609~CAS*CO*45*161.21~CAS*PR*2*22.36~REF*LU*11~REF*6R*CP0I75IIO3WF~AMT*B6*111.78~SE*87*000000001~GE*1*148~IEA*1*019100148~