ISA*00*          *00*          *ZZ*04112          *29*E13833         *200630*2359*^*00501*018200143*0*P*:~GS*HP*04112*E13833*20200630*2359*143*X*005010X221A1~ST*835*000000002~BPR*I*294.02*C*ACH*CCP*01*081517693*DA*152302017586*1205296137**01*102106569*DA*2200002989138*20200701~TRN*1*890522216*1205296137~REF*EV*E13833~DTM*405*20200630~N1*PR*NOVITAS SOLUTIONS, INC.~N3*PO BOX 3109~N4*MECHANICSBURG*PA*170551825~REF*2U*04112~PER*CX**TE*8552528782~PER*BL*NOVITAS SOLUTIONS, INC. EDI SERVICES*TE*8552528782*EX*1*EM*WEBSITEEDI@NOVITAS-SOLUTIONS.COM~N1*PE*SPANISH PEAKS NEW ALTERNATIV*XX*1508250911~N3*ATTN  BILLING*41 MONTEBELLO ROAD STE 116~N4*PUEBLO*CO*810011366~REF*TJ*841158933~LX*1~CLP*000100035141*19*178.3*52.46*13.11*MB*0220169357760*11*1~NM1*QC*1*BUTTS*BETH****MI*8WU2TP5DX11~NM1*82*1******XX*1659521045~NM1*TT*2*MUTUAL OF OMAHA INSURANCE COMP*****PI*30090~MOA***MA01*MA18~REF*EA*C8D31FBA6CA24EEB94FF5905D11E9AA2~DTM*050*20200617~SVC*HC:99213:95*178.3*52.46**1~DTM*472*20200521~CAS*CO*45*112.73~CAS*PR*2*13.11~REF*LU*11~REF*6R*CPZA1Y46OQ3J~AMT*B6*65.57~CLP*000100035707*19*178.3*35.72*8.93*MB*0220169357750*02*1~NM1*QC*1*DEWEY*THERESE*R***MI*8HN1AG0YR21~NM1*82*1******XX*1164974580~NM1*TT*2*UNITEDHEALTH GROUP*****PI*30002~MOA***MA01*MA18~REF*EA*FCA6ADDA0C354F4E811DB20912DA7C4F~DTM*050*20200617~SVC*HC:99213*178.3*35.72**1~DTM*472*20200603~CAS*CO*45*133.65~CAS*PR*2*8.93~REF*LU*02~REF*6R*CPZA0YC7DZT0~AMT*B6*44.65~LQ*HE*N535~CLP*000100035873*1*35*21.13*5.28*MB*0220169357810*02*1~NM1*QC*1*MANNON*ANGELA*T***MI*2VP3RQ2MJ77~NM1*82*1******XX*1447291851~MOA***MA01~REF*EA*0FC4E951B7BA4EE99704CB3E2C354AEE~DTM*050*20200617~SVC*HC:99441*35*21.13**1~DTM*472*20200608~CAS*CO*45*8.59~CAS*PR*2*5.28~REF*LU*02~REF*6R*CPZA07GUABU1~AMT*B6*26.41~LQ*HE*N535~CLP*000100035125*19*178.3*52.46*13.11*MB*0220169357790*11*1~NM1*QC*1*MARTINEZ FOOS*CHRISTINA*M***MI*7N46FH3DX51~NM1*82*1******XX*1659521045~NM1*TT*2*COLORADO DEPT OF HEALTH-MEDICAID*****PI*70037~MOA***MA01*MA07~REF*EA*BE94045D1A9348BEB9E60EC1C9C59DA4~DTM*050*20200617~SVC*HC:99213:95*178.3*52.46**1~DTM*472*20200521~CAS*CO*45*112.73~CAS*PR*2*13.11~REF*LU*11~REF*6R*CPZA6I9JKXU1~AMT*B6*65.57~LQ*HE*N782~CLP*000100035224*19*22*9.11*2.28*MB*0220169357820*02*1~NM1*QC*1*MATTHEWS*MICHAEL****MI*3HT9V18NG30~NM1*82*1******XX*1164974580~NM1*TT*2*COLORADO DEPT OF HEALTH-MEDICAID*****PI*70037~MOA***MA01*MA07~REF*EA*3A708B6435814925A7DBEAA6DA8C55EB~DTM*050*20200617~SVC*HC:G2012*22*9.11**1~DTM*472*20200526~CAS*CO*45*10.61~CAS*PR*2*2.28~REF*LU*02~REF*6R*CPZAYQB9IUZ4~AMT*B6*11.39~LQ*HE*N535~LQ*HE*N782~CLP*000100035152*19*178.3*52.46*13.11*MB*0220169357830*11*1~NM1*QC*1*SOUSIE*KATHLENE*A***MI*3R33C59MP12~NM1*82*1******XX*1659521045~NM1*TT*2*COLORADO DEPT OF HEALTH-MEDICAID*****PI*70037~MOA***MA01*MA07~REF*EA*A1D8E4D511174A34B08C8DE447039DAE~DTM*050*20200617~SVC*HC:99213:95*178.3*52.46**1~DTM*472*20200521~CAS*CO*45*112.73~CAS*PR*2*13.11~REF*LU*11~REF*6R*CPZA4BLL4JJR~AMT*B6*65.57~LQ*HE*N782~CLP*000100035332*19*178.3*52.46*13.11*MB*0220169357770*11*1~NM1*QC*1*WAGNER*DOROTHY*J***MI*1WH4X03VA65~NM1*82*1******XX*1164974580~NM1*TT*2*COLORADO DEPT OF HEALTH-MEDICAID*****PI*70037~MOA***MA01*MA07~REF*EA*8E4420AEB4694AB2B059DC469D3F8BB5~DTM*050*20200617~SVC*HC:99213:95*178.3*52.46**1~DTM*472*20200527~CAS*CO*45*112.73~CAS*PR*2*13.11~REF*LU*11~REF*6R*CPZAD876FAN8~AMT*B6*65.57~LQ*HE*N782~CLP*000100035201*1*22*9.11*2.28*MB*0220169357840*02*1~NM1*QC*1*YANG*CHARLEEN****MI*8P45NU4PK91~NM1*82*1******XX*1396971230~MOA***MA01~REF*EA*68304EB599F949B9A353E785AA522841~DTM*050*20200617~SVC*HC:G2012*22*9.11**1~DTM*472*20200522~CAS*CO*45*10.61~CAS*PR*2*2.28~REF*LU*02~REF*6R*CPZA3HA4WW8X~AMT*B6*11.39~LQ*HE*N535~CLP*000100035267*19*22*9.11*2.28*MB*0220169357800*02*1~NM1*QC*1*ZARATE*JOHN****MI*5XR3EQ4QH90~NM1*82*1******XX*1396971230~NM1*TT*2*COLORADO DEPT OF HEALTH-MEDICAID*****PI*70037~MOA***MA01*MA07~REF*EA*293363DE047743BC9F3018D7970B7645~DTM*050*20200617~SVC*HC:G2012*22*9.11**1~DTM*472*20200526~CAS*CO*45*10.61~CAS*PR*2*2.28~REF*LU*02~REF*6R*CPZAM17NGICX~AMT*B6*11.39~LQ*HE*N535~SE*150*000000002~GE*1*143~IEA*1*018200143~