ISA*00*          *00*          *ZZ*04112          *29*E13833         *200707*2359*^*00501*018900141*0*P*:~GS*HP*04112*E13833*20200707*2359*141*X*005010X221A1~ST*835*000000001~BPR*I*1437.32*C*ACH*CCP*01*081517693*DA*152302017586*1205296137**01*102106569*DA*2200002989138*20200708~TRN*1*890537378*1205296137~REF*EV*E13833~DTM*405*20200707~N1*PR*NOVITAS SOLUTIONS, INC.~N3*PO BOX 3109~N4*MECHANICSBURG*PA*170551825~REF*2U*04112~PER*CX**TE*8552528782~PER*BL*NOVITAS SOLUTIONS, INC. EDI SERVICES*TE*8552528782*EX*1*EM*WEBSITEEDI@NOVITAS-SOLUTIONS.COM~N1*PE*SPANISH PEAKS NEW ALTERNATIV*XX*1508250911~N3*ATTN  BILLING*41 MONTEBELLO ROAD STE 116~N4*PUEBLO*CO*810011366~REF*TJ*841158933~LX*1~CLP*000100035444*19*22*9.11*2.28*MB*0220176230850*02*1~NM1*QC*1*ACOSTA*ROSALINA****MI*1R70JF8DM15~NM1*82*1******XX*1659521045~NM1*TT*2*COLORADO DEPT OF HEALTH-MEDICAID*****PI*70037~MOA***MA01*MA07~REF*EA*AD40796D81744A8ABE67DE482CF61A00~DTM*050*20200624~SVC*HC:G2012*22*9.11**1~DTM*472*20200528~CAS*CO*45*10.61~CAS*PR*2*2.28~REF*LU*02~REF*6R*CP0Y28UZHCVN~AMT*B6*11.39~LQ*HE*N535~LQ*HE*N782~CLP*000100035533*19*22*9.11*2.28*MB*0220176230840*02*1~NM1*QC*1*ARNETT*ROBERTA*R***MI*9YM7E99HA48~NM1*82*1******XX*1659521045~NM1*TT*2*INDIVIDUAL ASSURANCE COMPANY*****PI*30360~MOA***MA01*MA18~REF*EA*769EC6EAB11945199B3821E3B54D20A5~DTM*050*20200624~SVC*HC:G2012*22*9.11**1~DTM*472*20200601~CAS*CO*45*10.61~CAS*PR*2*2.28~REF*LU*02~REF*6R*CP0YPVWOMON1~AMT*B6*11.39~LQ*HE*N535~CLP*000100035447*19*178.3*52.46*13.11*MB*0220176230870*11*1~NM1*QC*1*BARNELL*SHANNA****MI*9KW9DE2VG31~NM1*82*1******XX*1396971230~NM1*TT*2*COLORADO DEPT OF HEALTH-MEDICAID*****PI*70037~MOA***MA01*MA07~REF*EA*1596022BA74B428DBB33770CD75D2FD0~DTM*050*20200624~SVC*HC:99213:95*178.3*52.46**1~DTM*472*20200528~CAS*CO*45*112.73~CAS*PR*2*13.11~REF*LU*11~REF*6R*CP0YEBTUCSF1~AMT*B6*65.57~LQ*HE*N782~CLP*000100035351*1*40*32*8*MB*0220176230950*02*1~NM1*QC*1*BIBLE*JEAN****MI*7AA5NK0YY80~NM1*82*1******XX*1447291851~MOA***MA01~REF*EA*3B9E4968953B4A71802E1DE2D9485DD5~DTM*050*20200624~SVC*HC:99442*40*32**1~DTM*472*20200527~CAS*PR*2*8~REF*LU*02~REF*6R*CP0Y3YYBYOO3~AMT*B6*40~CLP*000100035777*19*178.3*52.46*13.11*MB*0220176230740*11*1~NM1*QC*1*BUTTS*BETH****MI*8WU2TP5DX11~NM1*82*1******XX*1659521045~NM1*TT*2*MUTUAL OF OMAHA INSURANCE COMP*****PI*30090~MOA***MA01*MA18~REF*EA*25BC96B1C0FF46CBBC47EFEB938A5B71~DTM*050*20200624~SVC*HC:99213:95*178.3*52.46**1~DTM*472*20200604~CAS*CO*45*112.73~CAS*PR*2*13.11~REF*LU*11~REF*6R*CP0YTF1CUCFZ~AMT*B6*65.57~CLP*000100035790*19*316.11*93.58*19.4*MB*0220176230860*11*1~NM1*QC*1*CANALES*PAULETTE****MI*9TX2WP5XC70~NM1*82*1******XX*1659521045~NM1*TT*2*COLORADO DEPT OF HEALTH-MEDICAID*****PI*70037~MOA***MA01*MA07~REF*EA*82C10B01EC024E9EA3A9324F09FBE8E1~DTM*050*20200624~SVC*HC:99213:95:25*178.3*52.46**1~DTM*472*20200604~CAS*CO*45*112.73~CAS*PR*2*13.11~REF*LU*11~REF*6R*CP0YGXJN0KH7~AMT*B6*65.57~LQ*HE*N782~SVC*HC:G0444:95*30.75*15.94**1~DTM*472*20200604~CAS*CO*45*14.81~REF*LU*11~REF*6R*CP0Y1ETKZBH6~AMT*B6*15.94~SVC*HC:G0396*107.06*25.18**1~DTM*472*20200604~CAS*CO*45*75.59~CAS*PR*2*6.29~REF*LU*11~REF*6R*CP0YQKCI5URP~AMT*B6*31.47~LQ*HE*N782~CLP*000100035757*19*182.3*55.94*13.11*MB*0220176230910*11*1~NM1*QC*1*CENTA*MARILYNN****MI*7FQ2KD6GF15~NM1*82*1******XX*1659521045~NM1*TT*2*ANTHEM CO*****PI*00561~MOA***MA01*MA18~REF*EA*804DC963178C406187653FC42C7474B8~DTM*050*20200624~SVC*HC:99213:95:25*178.3*52.46**1~DTM*472*20200604~CAS*CO*45*112.73~CAS*PR*2*13.11~REF*LU*11~REF*6R*CP0YC48T352M~AMT*B6*65.57~SVC*HC:81002:95*4*3.48**1~DTM*472*20200604~CAS*CO*45*0.52~REF*LU*11~REF*6R*CP0YY7OH8AZK~AMT*B6*3.48~CLP*000100035635*1*22*9.11*2.28*MB*0220176230920*02*1~NM1*QC*1*COOK*DAVID*T***MI*6ED1FE4MH27~NM1*82*1******XX*1164974580~MOA***MA01~REF*EA*AB94ADA1A73442B6AC5A906596026560~DTM*050*20200624~SVC*HC:G2012*22*9.11**1~DTM*472*20200602~CAS*CO*45*10.61~CAS*PR*2*2.28~REF*LU*02~REF*6R*CP0Y93OTMQ7E~AMT*B6*11.39~LQ*HE*N535~LQ*HE*N782~CLP*000100035411*19*178.3*61.71*15.43*MB*0220176230970*11*1~NM1*QC*1*FORTUNE*CATHERINE*M***MI*5D91EH6MW35~NM1*82*1******XX*1447291851~NM1*TT*2*COLORADO DEPT OF HEALTH-MEDICAID*****PI*70037~MOA***MA01*MA07~REF*EA*E7E30D24AE904BCD935DB63A5BBE0895~DTM*050*20200624~SVC*HC:99213:95*178.3*61.71**1~DTM*472*20200528~CAS*CO*45*101.16~CAS*PR*2*15.43~REF*LU*11~REF*6R*CP0YK9OCDYVH~AMT*B6*77.14~CLP*000100035494*19*178.3*52.46*13.11*MB*0220176230750*11*1~NM1*QC*1*GARCIA*DANIELLE*E***MI*8DM1PN6HN80~NM1*82*1******XX*1396971230~NM1*TT*2*COLORADO DEPT OF HEALTH-MEDICAID*****PI*70037~MOA***MA01*MA07~REF*EA*CE48D69E937A46378A12CB6F03E0EF5A~DTM*050*20200624~SVC*HC:99213:95*178.3*52.46**1~DTM*472*20200529~CAS*CO*45*112.73~CAS*PR*2*13.11~REF*LU*11~REF*6R*CP0Y0JG6LZC6~AMT*B6*65.57~CLP*000100035394*19*740.6*49.73*6.29*MB*0220176230760*11*1~NM1*QC*1*GARCIA*DANIELLE*E***MI*8DM1PN6HN80~NM1*82*1******XX*1396971230~NM1*TT*2*COLORADO DEPT OF HEALTH-MEDICAID*****PI*70037~MOA***MA01*MA07~REF*EA*41A7A0308502408DA6F090A2FDFA9E56~DTM*050*20200624~SVC*HC:99205:95:25*587.79*0****1~DTM*472*20200528~CAS*CO*B16*587.79~REF*LU*11~REF*6R*CP0Y2ONRVUNW~LQ*HE*M13~SVC*HC:81025:95*15*8.61**1~DTM*472*20200528~CAS*CO*45*6.39~REF*LU*11~REF*6R*CP0YD4DQLB04~AMT*B6*8.61~SVC*HC:G0444:95*30.75*15.94**1~DTM*472*20200528~CAS*CO*45*14.81~REF*LU*11~REF*6R*CP0YNV6LFP29~AMT*B6*15.94~SVC*HC:G0396:95*107.06*25.18**1~DTM*472*20200528~CAS*CO*45*75.59~CAS*PR*2*6.29~REF*LU*11~REF*6R*CP0YRAZ1A87N~AMT*B6*31.47~CLP*000100033997*19*178.3*35.01*8.93*MB*0220176230780*02*1~NM1*QC*1*GREEN*DAVID****MI*1GQ2RD0FE04~NM1*82*1******XX*1659521045~NM1*TT*2*COLORADO DEPT OF HEALTH-MEDICAID*****PI*70037~MOA***MA01*MA07~REF*EA*6EB4E2211860431DBA4F1FECA26BDC7D~DTM*050*20200624~SVC*HC:99213*178.3*35.01**1~DTM*472*20200429~CAS*CO*45*133.65**253*0.71~CAS*PR*2*8.93~REF*LU*02~REF*6R*CP0YYOHU93JX~AMT*B6*44.65~LQ*HE*N535~CLP*000100035513*19*22*9.11*2.28*MB*0220176230730*02*1~NM1*QC*1*LATONA*LORI*L***MI*6D37TU7HA42~NM1*82*1******XX*1396971230~NM1*TT*2*AZ MEDICAID-MERCY CARE RBHA*****PI*77122~MOA***MA01*MA07~REF*EA*49F812584E4B47E2947EB21BBA2D19DD~DTM*050*20200624~SVC*HC:G2012*22*9.11**1~DTM*472*20200529~CAS*CO*45*10.61~CAS*PR*2*2.28~REF*LU*02~REF*6R*CP0Y8MMNMHIF~AMT*B6*11.39~LQ*HE*N535~CLP*000100035690*19*40*32*8*MB*0220176230880*02*1~NM1*QC*1*LOPEZ*CORINNE*A***MI*6VY9VF8XJ25~NM1*82*1******XX*1447291851~NM1*TT*2*UNITEDHEALTH GROUP*****PI*30002~MOA***MA01*MA18~REF*EA*721883ECBF4543AB81CB542BAD6BF83B~DTM*050*20200624~SVC*HC:99442*40*32**1~DTM*472*20200603~CAS*PR*2*8~REF*LU*02~REF*6R*CP0YQBDDQJ5Q~AMT*B6*40~CLP*000100035637*19*40*32.54*8*MB*0220176230720*02*1~NM1*QC*1*MARRONE*JOHN*H***MI*6QM7UN9QU53~NM1*82*1******XX*1538435698~NM1*TT*2*COLORADO DEPT OF HEALTH-MEDICAID*****PI*70037~MOA***MA01*MA07~REF*EA*4E89438CFED8469FAF5E0052F9684E00~DTM*050*20200624~SVC*HC:99442*40*32.54**1~DTM*472*20200602~CAS*CO*144*-0.54~CAS*PR*2*8~REF*LU*02~REF*6R*CP0YLVVMH5MW~AMT*B6*40~LQ*HE*N807~LQ*HE*N782~CLP*000100035337*19*178.3*52.46*13.11*MB*0220176230790*11*1~NM1*QC*1*NIOUS*LATEEFAH*S***MI*5K05AD5CJ56~NM1*82*1******XX*1659521045~NM1*TT*2*COLORADO DEPT OF HEALTH-MEDICAID*****PI*70037~MOA***MA01*MA07~REF*EA*83AF56F2DAA9498D8CE7FE084EF343F5~DTM*050*20200624~SVC*HC:99213:95*178.3*52.46**1~DTM*472*20200527~CAS*CO*45*112.73~CAS*PR*2*13.11~REF*LU*11~REF*6R*CP0YQ2GSN6H9~AMT*B6*65.57~LQ*HE*N782~CLP*000100035386*19*178.3*52.46*13.11*MB*0220176230960*11*1~NM1*QC*1*POWELL*CHRISTINE*L***MI*3X25KY0RE93~NM1*82*1******XX*1659521045~NM1*TT*2*COLORADO DEPT OF HEALTH-MEDICAID*****PI*70037~MOA***MA01*MA07~REF*EA*87E0CF3457714351A4753A3DE0B4F7FF~DTM*050*20200624~SVC*HC:99213:95*178.3*52.46**1~DTM*472*20200528~CAS*CO*45*112.73~CAS*PR*2*13.11~REF*LU*11~REF*6R*CP0YRBRL8JGE~AMT*B6*65.57~CLP*000100035398*19*22*9.11*2.28*MB*0220176230830*02*1~NM1*QC*1*RAY*ANTHONY****MI*8UX3UN1KW03~NM1*82*1******XX*1659521045~NM1*TT*2*COLORADO DEPT OF HEALTH-MEDICAID*****PI*70037~MOA***MA01*MA07~REF*EA*C77DBC2AE2B0461EB990FA708E9EB021~DTM*050*20200624~SVC*HC:G2012*22*9.11**1~DTM*472*20200528~CAS*CO*45*10.61~CAS*PR*2*2.28~REF*LU*02~REF*6R*CP0YHIZ6MNLN~AMT*B6*11.39~LQ*HE*N535~CLP*000100035542*19*178.3*52.46*13.11*MB*0220176230770*11*1~NM1*QC*1*REYNOLDS*CATHERINE*M***MI*8EV4UE2EV71~NM1*82*1******XX*1659521045~NM1*TT*2*COLORADO DEPT OF HEALTH-MEDICAID*****PI*70037~MOA***MA01*MA07~REF*EA*6B97670CB78D4AA99F972FAE81345BB8~DTM*050*20200624~SVC*HC:99213:95*178.3*52.46**1~DTM*472*20200601~CAS*CO*45*112.73~CAS*PR*2*13.11~REF*LU*11~REF*6R*CP0YCHIU54R7~AMT*B6*65.57~CLP*000100031125*19*342.81*152.73*34.97*MB*0220176230900*11*1~NM1*QC*1*ROCCHIO*JAMES*J***MI*8K63C16EE18~NM1*82*1******XX*1366419582~NM1*TT*2*COLORADO DEPT OF HEALTH-MEDICAID*****PI*70037~MOA***MA01*MA07~REF*EA*A4E7C4AA9EED489B9B91F4FE6E90D228~DTM*050*20200624~SVC*HC:99204:25*205*112.43**1~DTM*472*20200306~CAS*CO*45*61.6**253*2.29~CAS*PR*2*28.68~REF*LU*11~REF*6R*CP0Y1HFSWPHR~AMT*B6*143.4~LQ*HE*N782~SVC*HC:G0444*30.75*15.62**1~DTM*472*20200306~CAS*CO*45*14.81**253*0.32~REF*LU*11~REF*6R*CP0Y7JTZUVFW~AMT*B6*15.94~SVC*HC:G0396*107.06*24.68**1~DTM*472*20200306~CAS*CO*45*75.59**253*0.5~CAS*PR*2*6.29~REF*LU*11~REF*6R*CP0YMBFW2GXR~AMT*B6*31.47~LQ*HE*N782~CLP*000100035684*19*272.99*76.01*19*MB*0220176230810*11*1~NM1*QC*1*TUTTLE*CHRISTOPH*D***MI*5AT4YP8CD65~NM1*82*1******XX*1164974580~NM1*TT*2*COLORADO DEPT OF HEALTH-MEDICAID*****PI*70037~MOA***MA01*MA07~REF*EA*C9A45975B66F44A99B9E1DA15D2F70B4~DTM*050*20200624~SVC*HC:99214:95*272.99*76.01**1~DTM*472*20200603~CAS*CO*45*177.98~CAS*PR*2*19~REF*LU*11~REF*6R*CP0YPE6AB4JY~AMT*B6*95.01~LQ*HE*N782~CLP*000100035245*1*373.56*101.12**MB*0220176230820*11*1~NM1*QC*1*TUTTLE*CHRISTOPH*D***MI*5AT4YP8CD65~NM1*82*1******XX*1164974580~MOA***MA01~REF*EA*637B01E3CBF24598BADC23EF7F186567~DTM*050*20200624~SVC*HC:G0439:95*373.56*101.12**1~DTM*472*20200526~CAS*CO*45*272.44~REF*LU*11~REF*6R*CP0YW9G05WX2~AMT*B6*101.12~CLP*000100031238*19*346.81*156.14*34.97*MB*0220176230890*11*1~NM1*QC*1*ULIBARRI*JOHN*E***MI*5E34YQ0TN72~NM1*82*1******XX*1659521045~NM1*TT*2*COLORADO DEPT OF HEALTH-MEDICAID*****PI*70037~MOA***MA01*MA07~REF*EA*23A8D7E02C4A43C78AB53EF797B3F4A4~DTM*050*20200624~SVC*HC:99204:25*205*112.43**1~DTM*472*20200310~CAS*CO*45*61.6**253*2.29~CAS*PR*2*28.68~REF*LU*11~REF*6R*CP0Y01GNCDHH~AMT*B6*143.4~SVC*HC:G0396*107.06*24.68**1~DTM*472*20200310~CAS*CO*45*75.59**253*0.5~CAS*PR*2*6.29~REF*LU*11~REF*6R*CP0YDOT3M1XG~AMT*B6*31.47~SVC*HC:G0444*30.75*15.62**1~DTM*472*20200310~CAS*CO*45*14.81**253*0.32~REF*LU*11~REF*6R*CP0YQAEBPRG0~AMT*B6*15.94~SVC*HC:81002*4*3.41**1~DTM*472*20200310~CAS*CO*45*0.52**253*0.07~REF*LU*11~REF*6R*CP0YEXPZ68LR~AMT*B6*3.48~CLP*000100035750*19*178.3*52.46*13.11*MB*0220176230940*11*1~NM1*QC*1*VIGIL*MAGDALINE*P***MI*2XA0HX4AQ11~NM1*82*1******XX*1659521045~NM1*TT*2*CHAMPVA-VA HEALTH ADMIN CTR*****PI*80214~MOA***MA01*MA18~REF*EA*93954FD28CED4840BD8E748358C40F5E~DTM*050*20200624~SVC*HC:99213:95*178.3*52.46**1~DTM*472*20200603~CAS*CO*45*112.73~CAS*PR*2*13.11~REF*LU*11~REF*6R*CP0YVBUBLTFZ~AMT*B6*65.57~CLP*000100035698*19*316.11*93.58*19.4*MB*0220176230800*11*1~NM1*QC*1*WAGNER*DOROTHY*J***MI*1WH4X03VA65~NM1*82*1******XX*1164974580~NM1*TT*2*COLORADO DEPT OF HEALTH-MEDICAID*****PI*70037~MOA***MA01*MA07~REF*EA*99DC2F2C3A4F46D99016A94FC0EFC788~DTM*050*20200624~SVC*HC:99213:95:25*178.3*52.46**1~DTM*472*20200603~CAS*CO*45*112.73~CAS*PR*2*13.11~REF*LU*11~REF*6R*CP0YRI95X2M1~AMT*B6*65.57~LQ*HE*N782~SVC*HC:G0444:95*30.75*15.94**1~DTM*472*20200603~CAS*CO*45*14.81~REF*LU*11~REF*6R*CP0Y073SQF86~AMT*B6*15.94~SVC*HC:G0396:95*107.06*25.18**1~DTM*472*20200603~CAS*CO*45*75.59~CAS*PR*2*6.29~REF*LU*11~REF*6R*CP0YRWYV5LGZ~AMT*B6*31.47~LQ*HE*N782~CLP*000100035485*1*178.3*52.46*13.11*MB*0220176230930*11*1~NM1*QC*1*WITHAAR*CHARLES*D***MI*1MQ4E18CW88~NM1*82*1******XX*1164974580~MOA***MA01~REF*EA*902D609B6881400C8B0B3615959DC4B9~DTM*050*20200624~SVC*HC:99213:95*178.3*52.46**1~DTM*472*20200529~CAS*CO*45*112.73~CAS*PR*2*13.11~REF*LU*11~REF*6R*CP0YGBHVQLYG~AMT*B6*65.57~LQ*HE*N782~SE*476*000000001~GE*1*141~IEA*1*018900141~