ISA*00*          *00*          *ZZ*04112          *29*E13833         *200728*2359*^*00501*021000144*0*P*:~GS*HP*04112*E13833*20200728*2359*144*X*005010X221A1~ST*835*000000001~BPR*I*319.41*C*ACH*CCP*01*081517693*DA*152302017586*1205296137**01*102106569*DA*2200002989138*20200729~TRN*1*890592704*1205296137~REF*EV*E13833~DTM*405*20200728~N1*PR*NOVITAS SOLUTIONS, INC.~N3*PO BOX 3109~N4*MECHANICSBURG*PA*170551825~REF*2U*04112~PER*CX**TE*8552528782~PER*BL*NOVITAS SOLUTIONS, INC. EDI SERVICES*TE*8552528782*EX*1*EM*WEBSITEEDI@NOVITAS-SOLUTIONS.COM~N1*PE*SPANISH PEAKS NEW ALTERNATIV*XX*1508250911~N3*ATTN  BILLING*41 MONTEBELLO ROAD STE 116~N4*PUEBLO*CO*810011366~REF*TJ*841158933~LX*1~CLP*000100036410*19*316.11*93.58*19.4*MB*0220197372660*11*1~NM1*QC*1*BACA*FLORA*J***MI*2EK9AG1AD58~NM1*82*1******XX*1659521045~NM1*TT*2*COLORADO DEPT OF HEALTH-MEDICAID*****PI*70037~MOA***MA01*MA07~REF*EA*AA3520AF996C4A818D9A3A0AD21033BC~DTM*050*20200715~SVC*HC:99213:95:25*178.3*52.46**1~DTM*472*20200618~CAS*CO*45*112.73~CAS*PR*2*13.11~REF*LU*11~REF*6R*CP9QKVQ17EUV~AMT*B6*65.57~LQ*HE*N782~SVC*HC:G0444:95*30.75*15.94**1~DTM*472*20200618~CAS*CO*45*14.81~REF*LU*11~REF*6R*CP9QWH7FW8SV~AMT*B6*15.94~SVC*HC:G0396:95*107.06*25.18**1~DTM*472*20200618~CAS*CO*45*75.59~CAS*PR*2*6.29~REF*LU*11~REF*6R*CP9QIC7NL64Y~AMT*B6*31.47~LQ*HE*N782~CLP*000100036447*19*178.3*52.46*13.11*MB*0220197372590*11*1~NM1*QC*1*BUTTS*BETH****MI*8WU2TP5DX11~NM1*82*1******XX*1659521045~NM1*TT*2*MUTUAL OF OMAHA INSURANCE COMP*****PI*30090~MOA***MA01*MA18~REF*EA*FB0A420FB5D3470686314D93D11F3DB7~DTM*050*20200715~SVC*HC:99213:95*178.3*52.46**1~DTM*472*20200618~CAS*CO*45*112.73~CAS*PR*2*13.11~REF*LU*11~REF*6R*CP9Q7N18CE0E~AMT*B6*65.57~CLP*000100036480*1*55*9.11*2.28*MB*0220197372630*02*1~NM1*QC*1*FISHER*RONNI*J***MI*2YR4YT6HV78~NM1*82*1******XX*1396971230~MOA***MA01~REF*EA*8CF596177074451BBA453ACCBFEFB8C6~DTM*050*20200715~SVC*HC:G2012*55*9.11**1~DTM*472*20200619~CAS*CO*45*43.61~CAS*PR*2*2.28~REF*LU*02~REF*6R*CP9QLP2NVBTP~AMT*B6*11.39~LQ*HE*N535~CLP*000100036411*1*316.11*93.58*19.4*MB*0220197372640*11*1~NM1*QC*1*FISHER*RONNI*J***MI*2YR4YT6HV78~NM1*82*1******XX*1396971230~MOA***MA01~REF*EA*722E7192CC3D4055962BF4D529EAFA8D~DTM*050*20200715~SVC*HC:99213:95:25*178.3*52.46**1~DTM*472*20200618~CAS*CO*45*112.73~CAS*PR*2*13.11~REF*LU*11~REF*6R*CP9QI0V38OO1~AMT*B6*65.57~SVC*HC:G0444:95*30.75*15.94**1~DTM*472*20200618~CAS*CO*45*14.81~REF*LU*11~REF*6R*CP9QUSXJBE4M~AMT*B6*15.94~SVC*HC:G0396:95*107.06*25.18**1~DTM*472*20200618~CAS*CO*45*75.59~CAS*PR*2*6.29~REF*LU*11~REF*6R*CP9QUP138HJ9~AMT*B6*31.47~CLP*000100036476*1*22*9.11*2.28*MB*0220197372610*02*1~NM1*QC*1*MATTHEWS*VALERIE****MI*1UR4YH0JA82~NM1*82*1******XX*1164974580~MOA***MA01~REF*EA*9A8C1B76B5BC4B348DDC34D55F1C0013~DTM*050*20200715~SVC*HC:G2012*22*9.11**1~DTM*472*20200619~CAS*CO*45*10.61~CAS*PR*2*2.28~REF*LU*02~REF*6R*CP9QGF50JPYH~AMT*B6*11.39~LQ*HE*N535~CLP*000100036233*19*22*9.11*2.28*MB*0220197372620*02*1~NM1*QC*1*RAY*ANTHONY****MI*8UX3UN1KW03~NM1*82*1******XX*1659521045~NM1*TT*2*COLORADO DEPT OF HEALTH-MEDICAID*****PI*70037~MOA***MA01*MA07~REF*EA*D1B6B313985F431390BF82DBC665C50A~DTM*050*20200715~SVC*HC:G2012*22*9.11**1~DTM*472*20200615~CAS*CO*45*10.61~CAS*PR*2*2.28~REF*LU*02~REF*6R*CP9QTGACVLQD~AMT*B6*11.39~LQ*HE*N535~CLP*000100036449*19*178.3*52.46*13.11*MB*0220197372650*11*1~NM1*QC*1*VIGIL*MAGDALINE*P***MI*2XA0HX4AQ11~NM1*82*1******XX*1659521045~NM1*TT*2*CHAMPVA-VA HEALTH ADMIN CTR*****PI*80214~MOA***MA01*MA18~REF*EA*44BAEBE613F7441299549266483E7220~DTM*050*20200715~SVC*HC:99213:95*178.3*52.46**1~DTM*472*20200618~CAS*CO*45*112.73~CAS*PR*2*13.11~REF*LU*11~REF*6R*CP9QHT4IE1QU~AMT*B6*65.57~SE*143*000000001~GE*1*144~IEA*1*021000144~