ISA*00*          *00*          *ZZ*04112          *29*E13833         *200806*2359*^*00501*021900137*0*P*:~GS*HP*04112*E13833*20200806*2359*137*X*005010X221A1~ST*835*000000001~BPR*I*898.9*C*ACH*CCP*01*081517693*DA*152302017586*1205296137**01*102106569*DA*2200002989138*20200807~TRN*1*890618703*1205296137~REF*EV*E13833~DTM*405*20200806~N1*PR*NOVITAS SOLUTIONS, INC.~N3*PO BOX 3109~N4*MECHANICSBURG*PA*170551825~REF*2U*04112~PER*CX**TE*8552528782~PER*BL*NOVITAS SOLUTIONS, INC. EDI SERVICES*TE*8552528782*EX*1*EM*WEBSITEEDI@NOVITAS-SOLUTIONS.COM~N1*PE*SPANISH PEAKS NEW ALTERNATIV*XX*1508250911~N3*ATTN  BILLING*41 MONTEBELLO ROAD STE 116~N4*PUEBLO*CO*810011366~REF*TJ*841158933~LX*1~CLP*000100037079*19*272.99*76.01*19*MB*0220206316630*11*1~NM1*QC*1*ANDERSON*KATHLEEN****MI*5RP7KT4CT34~NM1*82*1******XX*1659521045~NM1*TT*2*COLORADO DEPT OF HEALTH-MEDICAID*****PI*70037~MOA***MA01*MA07~REF*EA*6D19C244E3004426BFD702308A157B6C~DTM*050*20200724~SVC*HC:99214*272.99*76.01**1~DTM*472*20200702~CAS*CO*45*177.98~CAS*PR*2*19~REF*LU*11~REF*6R*CPAYBFMU6U0D~AMT*B6*95.01~CLP*000100037059*19*35*21.13*5.28*MB*0220206316690*02*1~NM1*QC*1*CAMP*KAREN*N***MI*6MT2U56KQ95~NM1*82*1******XX*1447291851~NM1*TT*2*BCBS OF KANSAS*****PI*30062~MOA***MA01*MA18~REF*EA*54D64112B5EA49CC82537AD56E9C9B06~DTM*050*20200724~SVC*HC:99441*35*21.13**1~DTM*472*20200702~CAS*CO*45*8.59~CAS*PR*2*5.28~REF*LU*02~REF*6R*CPAYTQ9RR8DD~AMT*B6*26.41~LQ*HE*N535~CLP*000100036751*1*373.56*118.96**MB*0220206316700*11*1~NM1*QC*1*CAMP*KAREN*N***MI*6MT2U56KQ95~NM1*82*1******XX*1447291851~MOA***MA01~REF*EA*0AEB449F724D426EBE10C9084899AD62~DTM*050*20200724~SVC*HC:G0439*373.56*118.96**1~DTM*472*20200625~CAS*CO*45*254.6~REF*LU*11~REF*6R*CPAYRNYHPMOP~AMT*B6*118.96~CLP*000100037183*19*178.3*52.46*13.11*MB*0220206316650*11*1~NM1*QC*1*CIRULLO*ROSEANN****MI*8E35MT0UP63~NM1*82*1******XX*1164974580~NM1*TT*2*COLORADO DEPT OF HEALTH-MEDICAID*****PI*70037~MOA***MA01*MA07~REF*EA*1B45697956334939A7655977117D0A1A~DTM*050*20200724~SVC*HC:99213*178.3*52.46**1~DTM*472*20200707~CAS*CO*45*112.73~CAS*PR*2*13.11~REF*LU*11~REF*6R*CPAYR4U5B7X6~AMT*B6*65.57~LQ*HE*N782~CLP*000100036841*19*218.99*50.66*33.04*MB*0220206316600*11*1~NM1*QC*1*DICKERSON*RAUNITA****MI*4P14HM7YM09~NM1*82*1******XX*1659521045~NM1*TT*2*COLORADO DEPT OF HEALTH-MEDICAID*****PI*70037~MOA***MA01*MA07~REF*EA*5DC3E807531A449AB4391B0ABFA95835~DTM*050*20200724~SVC*HC:96372*83.99*0****1~DTM*472*20200629~CAS*OA*18*83.99~REF*LU*11~REF*6R*CPAYPX39IKMD~LQ*HE*N522~SVC*HC:J1050*135*50.66**150~DTM*472*20200629~CAS*CO*45*51.3~CAS*PR*1*20.37**2*12.67~REF*LU*11~REF*6R*CPAYV6S6Z55F~AMT*B6*83.7~LQ*HE*N782~LQ*HE*N781~CLP*000100036981*19*178.3*61.71*15.43*MB*0220206316660*11*1~NM1*QC*1*GRIEGO SANCHE*MARYJANE*C***MI*6M13PV3YU05~NM1*82*1******XX*1447291851~NM1*TT*2*CIGNA HEALTH & LIFE INS. CO.*****PI*30380~MOA***MA01*MA18~REF*EA*99645970736E44D28AC10982CF7C00D2~DTM*050*20200724~SVC*HC:99213*178.3*61.71**1~DTM*472*20200701~CAS*CO*45*101.16~CAS*PR*2*15.43~REF*LU*11~REF*6R*CPAYP1DXKVEL~AMT*B6*77.14~CLP*000100037209*19*178.3*52.46*13.11*MB*0220206316570*11*1~NM1*QC*1*KLIPFEL*SHARON*L***MI*7DK8P22VU22~NM1*82*1******XX*1164974580~NM1*TT*2*COLORADO DEPT OF HEALTH-MEDICAID*****PI*70037~MOA***MA01*MA07~REF*EA*10FB713FCAD34968954A605A262E8DB0~DTM*050*20200724~SVC*HC:99213:95*178.3*52.46**1~DTM*472*20200707~CAS*CO*45*112.73~CAS*PR*2*13.11~REF*LU*11~REF*6R*CPAYPEKQFAXF~AMT*B6*65.57~CLP*000100036911*19*40*32*8*MB*0220206316610*02*1~NM1*QC*1*LANDIS*NORMA*J***MI*7TE3DE2RU17~NM1*82*1******XX*1447291851~NM1*TT*2*CHAMPVA-VA HEALTH ADMIN CTR*****PI*80214~MOA***MA01*MA18~REF*EA*39348C03A687443594BD0C72A8A7D357~DTM*050*20200724~SVC*HC:99442*40*32**1~DTM*472*20200630~CAS*PR*2*8~REF*LU*02~REF*6R*CPAYLQ37NE6U~AMT*B6*40~CLP*000100032858*19*178.3*41.88*10.51*MB*0220206316490*02*1~NM1*QC*1*MARRONE*JOHN*H***MI*6QM7UN9QU53~NM1*82*1******XX*1538435698~NM1*TT*2*COLORADO DEPT OF HEALTH-MEDICAID*****PI*70037~MOA***MA01*MA07~REF*EA*969032F88C944E47973DB6FFABE54AD6~DTM*050*20200724~SVC*HC:99213*178.3*41.88**1~DTM*472*20200407~CAS*CO*45*125.77**253*0.85**144*-0.71~CAS*PR*2*10.51~REF*LU*02~REF*6R*CPAYU5QPSZOL~AMT*B6*52.53~LQ*HE*N535~LQ*HE*N807~LQ*HE*N782~CLP*000100037036*1*178.3*52.46*13.11*MB*0220206316520*11*1~NM1*QC*1*MATTHEWS*VALERIE****MI*1UR4YH0JA82~NM1*82*1******XX*1164974580~MOA***MA01~REF*EA*0FF27F0C40034A1789B41842B613A982~DTM*050*20200724~SVC*HC:99213*178.3*52.46**1~DTM*472*20200701~CAS*CO*45*112.73~CAS*PR*2*13.11~REF*LU*11~REF*6R*CPAY5GXGIU56~AMT*B6*65.57~CLP*000100037229*1*493.11*97.41*24.35*MB*0220206316640*02*1~NM1*QC*1*MONTEZ*TABITHA*L***MI*7YE4K09AM91~NM1*82*1******XX*1336489053~MOA***MA01~REF*EA*A3FC62AC9B7C4A55B3FAC310AF5CE93C~DTM*050*20200724~SVC*HC:90792*493.11*97.41**1~DTM*472*20200707~CAS*CO*45*371.35~CAS*PR*2*24.35~REF*LU*02~REF*6R*CPAYIWUW6BVQ~AMT*B6*121.76~LQ*HE*N535~CLP*000100036898*19*287.99*84.62*19*MB*0220206316530*11*1~NM1*QC*1*NIOUS*LATEEFAH*S***MI*5K05AD5CJ56~NM1*82*1******XX*1659521045~NM1*TT*2*COLORADO DEPT OF HEALTH-MEDICAID*****PI*70037~MOA***MA01*MA07~REF*EA*B0E1622B4EB84CE1BE626C57F03ECE81~DTM*050*20200724~SVC*HC:99214:25*272.99*76.01**1~DTM*472*20200630~CAS*CO*45*177.98~CAS*PR*2*19~REF*LU*11~REF*6R*CPAYJ9CR42X0~AMT*B6*95.01~LQ*HE*N782~SVC*HC:81025*15*8.61**1~DTM*472*20200630~CAS*CO*45*6.39~REF*LU*11~REF*6R*CPAYIDSKJUPR~AMT*B6*8.61~CLP*000100037155*19*178.3*35.72*8.93*MB*0220206316510*02*1~NM1*QC*1*REYNOLDS*CATHERINE*M***MI*8EV4UE2EV71~NM1*82*1******XX*1659521045~NM1*TT*2*COLORADO DEPT OF HEALTH-MEDICAID*****PI*70037~MOA***MA01*MA07~REF*EA*EF3CB1F44F6B4ECDB749D63F53B5BAB2~DTM*050*20200724~SVC*HC:99213*178.3*35.72**1~DTM*472*20200706~CAS*CO*45*133.65~CAS*PR*2*8.93~REF*LU*02~REF*6R*CPAY2IJ704RA~AMT*B6*44.65~LQ*HE*N535~CLP*000100036585*19*40*32*8*MB*0220206316580*02*1~NM1*QC*1*THOMAS*SIDNEY*J***MI*8D72T82JW93~NM1*82*1******XX*1447291851~NM1*TT*2*COLORADO DEPT OF HEALTH-MEDICAID*****PI*70037~MOA***MA01*MA07~REF*EA*F5682B1784C84AE2B6F5FA2E5C0F7D50~DTM*050*20200724~SVC*HC:99442*40*32**1~DTM*472*20200622~CAS*PR*2*8~REF*LU*02~REF*6R*CPAYO949Z4T3~AMT*B6*40~LQ*HE*N782~CLP*000100036839*19*272.99*89.42*22.36*MB*0220206316500*11*1~NM1*QC*1*VIGIL*AUGUSTINE****MI*3W55R98JQ75~NM1*82*1******XX*1447291851~NM1*TT*2*COLORADO DEPT OF HEALTH-MEDICAID*****PI*70037~MOA***MA01*MA07~REF*EA*F7E66279E7084D9EA5D2A6F9098B24EA~DTM*050*20200724~SVC*HC:99214*272.99*89.42**1~DTM*472*20200629~CAS*CO*45*161.21~CAS*PR*2*22.36~REF*LU*11~REF*6R*CPAYY3E3UFF3~AMT*B6*111.78~LQ*HE*N782~SE*245*000000001~GE*1*137~IEA*1*021900137~