ISA*00*          *00*          *ZZ*04112          *29*E13833         *200820*2359*^*00501*023300136*0*P*:~GS*HP*04112*E13833*20200820*2359*136*X*005010X221A1~ST*835*000000002~BPR*I*1395.42*C*ACH*CCP*01*081517693*DA*152302017586*1205296137**01*102106569*DA*2200002989138*20200821~TRN*1*890654580*1205296137~REF*EV*E13833~DTM*405*20200820~N1*PR*NOVITAS SOLUTIONS, INC.~N3*PO BOX 3109~N4*MECHANICSBURG*PA*170551825~REF*2U*04112~PER*CX**TE*8552528782~PER*BL*NOVITAS SOLUTIONS, INC. EDI SERVICES*TE*8552528782*EX*1*EM*WEBSITEEDI@NOVITAS-SOLUTIONS.COM~N1*PE*SPANISH PEAKS NEW ALTERNATIV*XX*1508250911~N3*ATTN  BILLING*41 MONTEBELLO ROAD STE 116~N4*PUEBLO*CO*810011366~REF*TJ*841158933~LX*1~CLP*000100038018*19*272.99*76.01*19*MB*0220220012880*11*1~NM1*QC*1*ACOSTA*ROSALINA****MI*1R70JF8DM15~NM1*82*1******XX*1659521045~NM1*TT*2*COLORADO DEPT OF HEALTH-MEDICAID*****PI*70037~MOA***MA01*MA07~REF*EA*BDBA8900CB4C436AA59B6DC655B309E7~DTM*050*20200807~SVC*HC:99214*272.99*76.01**1~DTM*472*20200723~CAS*CO*45*177.98~CAS*PR*2*19~REF*LU*11~REF*6R*CPIIINKLTABR~AMT*B6*95.01~LQ*HE*N782~CLP*000100038052*19*272.99*76.01*19*MB*0220220012910*11*1~NM1*QC*1*BACA*FLORA*J***MI*2EK9AG1AD58~NM1*82*1******XX*1659521045~NM1*TT*2*COLORADO DEPT OF HEALTH-MEDICAID*****PI*70037~MOA***MA01*MA07~REF*EA*99DE3D9EFBAA42B4A8A1CA9AA23397BD~DTM*050*20200807~SVC*HC:99214*272.99*76.01**1~DTM*472*20200723~CAS*CO*45*177.98~CAS*PR*2*19~REF*LU*11~REF*6R*CPIIO7TX41JG~AMT*B6*95.01~LQ*HE*N782~CLP*000100038572*19*178.3*52.46*13.11*MB*0220223003730*11*1~NM1*QC*1*CIRULLO*ROSEANN****MI*8E35MT0UP63~NM1*82*1******XX*1164974580~NM1*TT*2*COLORADO DEPT OF HEALTH-MEDICAID*****PI*70037~MOA***MA01*MA07~REF*EA*942C06F91A254398A27081C09D0B70EA~DTM*050*20200807~SVC*HC:99213*178.3*52.46**1~DTM*472*20200804~CAS*CO*45*112.73~CAS*PR*2*13.11~REF*LU*11~REF*6R*CPIA7JOANN0X~AMT*B6*65.57~LQ*HE*N782~CLP*000100038402*19*178.3*52.46*13.11*MB*0220223003690*11*1~NM1*QC*1*COWLING*CHRISTOPH*M***MI*8N65W12YD97~NM1*82*1******XX*1164974580~NM1*TT*2*COLORADO DEPT OF HEALTH-MEDICAID*****PI*70037~MOA***MA01*MA07~REF*EA*22AFB66469654BAFB2AB81F896624029~DTM*050*20200807~SVC*HC:99213*178.3*52.46**1~DTM*472*20200730~CAS*CO*45*112.73~CAS*PR*2*13.11~REF*LU*11~REF*6R*CPIAL0EOFZTV~AMT*B6*65.57~LQ*HE*N782~CLP*000100036841*19*313.3*52.46*13.11*MB*0220220012870*11*1~NM1*QC*1*DICKERSON*RAUNITA****MI*4P14HM7YM09~NM1*82*1******XX*1659521045~NM1*TT*2*COLORADO DEPT OF HEALTH-MEDICAID*****PI*70037~MOA***MA01*MA07~REF*EA*D15E2A7C75E746B1AEE3EF1EF1C99555~DTM*050*20200807~SVC*HC:99213:95:FP:25*178.3*52.46**1~DTM*472*20200629~CAS*CO*45*112.73~CAS*PR*2*13.11~REF*LU*11~REF*6R*CPIISA9H9SGL~AMT*B6*65.57~LQ*HE*N782~SVC*HC:J1050:FP*135*0****150~DTM*472*20200629~CAS*OA*18*135~REF*LU*11~REF*6R*CPIIYNE21948~LQ*HE*N522~CLP*000100038477*19*178.3*52.46*13.11*MB*0220223003760*11*1~NM1*QC*1*HIJAR CONVERS*PATRICIA****MI*1WD7KM0FJ50~NM1*82*1******XX*1164974580~NM1*TT*2*COLORADO DEPT OF HEALTH-MEDICAID*****PI*70037~MOA***MA01*MA07~REF*EA*EF48B43362FB4154AC5A747C6154C962~DTM*050*20200807~SVC*HC:99213*178.3*52.46**1~DTM*472*20200731~CAS*CO*45*112.73~CAS*PR*2*13.11~REF*LU*11~REF*6R*CPIA4NXUZNB8~AMT*B6*65.57~LQ*HE*N782~CLP*000100038642*19*272.99*76.01*19*MB*0220223003460*11*1~NM1*QC*1*JOHNSON*ANN*K***MI*9N89Y88EU12~NM1*82*1******XX*1396971230~NM1*TT*2*COLORADO DEPT OF HEALTH-MEDICAID*****PI*70037~MOA***MA01*MA07~REF*EA*34F8DDE7389548758E5F0A7D48BF6360~DTM*050*20200807~SVC*HC:99214*272.99*76.01**1~DTM*472*20200805~CAS*CO*45*177.98~CAS*PR*2*19~REF*LU*11~REF*6R*CPIAXLKIB4V8~AMT*B6*95.01~CLP*000100037802*19*55*9.11*2.28*MB*0220223003610*02*1~NM1*QC*1*JOHNSON*GEORGE*W***MI*9TX8RP9RD58~NM1*82*1******XX*1659521045~NM1*TT*2*COLORADO DEPT OF HEALTH-MEDICAID*****PI*70037~MOA***MA01*MA07~REF*EA*86BAC0BF25544602B7B196026E2B21F2~DTM*050*20200807~SVC*HC:G2012*55*9.11**1~DTM*472*20200720~CAS*CO*45*43.61~CAS*PR*2*2.28~REF*LU*02~REF*6R*CPIA0PZS9H3R~AMT*B6*11.39~LQ*HE*N535~CLP*000100038585*19*178.3*52.46*13.11*MB*0220223003570*11*1~NM1*QC*1*LANDIS*NORMA*J***MI*7TE3DE2RU17~NM1*82*1******XX*1396971230~NM1*TT*2*CHAMPVA-VA HEALTH ADMIN CTR*****PI*80214~MOA***MA01*MA18~REF*EA*945BCEF451884335909D47ACBBBD21D7~DTM*050*20200807~SVC*HC:99213*178.3*52.46**1~DTM*472*20200804~CAS*CO*45*112.73~CAS*PR*2*13.11~REF*LU*11~REF*6R*CPIA21X8KC2A~AMT*B6*65.57~CLP*000100037665*1*316.11*110.08*22.83*MB*0220220012890*11*1~NM1*QC*1*MANNON*ANGELA*T***MI*2VP3RQ2MJ77~NM1*82*1******XX*1447291851~MOA***MA01~REF*EA*F9FF1DB4FB6049A7A2F810DA615B06B7~DTM*050*20200807~SVC*HC:99213:25*178.3*61.71**1~DTM*472*20200716~CAS*CO*45*101.16~CAS*PR*2*15.43~REF*LU*11~REF*6R*CPIIZFFIK7Q5~AMT*B6*77.14~SVC*HC:G0444*30.75*18.75**1~DTM*472*20200716~CAS*CO*45*12~REF*LU*11~REF*6R*CPII7W8PU9EI~AMT*B6*18.75~SVC*HC:G0396*107.06*29.62**1~DTM*472*20200716~CAS*CO*45*70.04~CAS*PR*2*7.4~REF*LU*11~REF*6R*CPIIBRSBKW35~AMT*B6*37.02~CLP*000100038616*19*587.88*15.94*174.87*MB*0220223003470*11*1~NM1*QC*1*MARTINEZ*PAULINE*M***MI*5N02T67XX27~NM1*82*1******XX*1164974580~NM1*TT*2*COLORADO DEPT OF HEALTH-MEDICAID*****PI*70037~MOA***MA01*MA07~REF*EA*70F5AA51D26D4F9690DF2BA7940ED007~DTM*050*20200807~SVC*HC:99204:25*450.07*0**1~DTM*472*20200804~CAS*CO*45*306.67~CAS*PR*1*143.4~REF*LU*11~REF*6R*CPIAS8REPLFC~AMT*B6*143.4~SVC*HC:G0444*30.75*15.94**1~DTM*472*20200804~CAS*CO*45*14.81~REF*LU*11~REF*6R*CPIALINUQ403~AMT*B6*15.94~SVC*HC:G0396*107.06*0**1~DTM*472*20200804~CAS*CO*45*75.59~CAS*PR*1*31.47~REF*LU*11~REF*6R*CPIAGUQS7V9U~AMT*B6*31.47~CLP*000100037644*1*327.66*87.98*21.99*MB*0220220012900*11*1~NM1*QC*1*MATHEWS*CANDACE*R***MI*7WA9VR4VH15~NM1*82*1******XX*1659521045~MOA***MA01~REF*EA*17E00C317CB4485C80F80781824924FE~DTM*050*20200807~SVC*HC:99214:25*272.99*76.01**1~DTM*472*20200716~CAS*CO*45*177.98~CAS*PR*2*19~REF*LU*11~REF*6R*CPIIHS5LLF6L~AMT*B6*95.01~LQ*HE*N782~SVC*HC:93000*54.67*11.97**1~DTM*472*20200716~CAS*CO*45*39.71~CAS*PR*2*2.99~REF*LU*11~REF*6R*CPIIVULZJIES~AMT*B6*14.96~LQ*HE*N782~CLP*000100038705*19*178.3*52.46*13.11*MB*0220223003650*11*1~NM1*QC*1*MATTHEWS*MICHAEL****MI*3HT9V18NG30~NM1*82*1******XX*1164974580~NM1*TT*2*COLORADO DEPT OF HEALTH-MEDICAID*****PI*70037~MOA***MA01*MA07~REF*EA*AD9CF8BADCE4465ABAD575FEE6E6243B~DTM*050*20200807~SVC*HC:99213*178.3*52.46**1~DTM*472*20200806~CAS*CO*45*112.73~CAS*PR*2*13.11~REF*LU*11~REF*6R*CPIAZIFVAJ0D~AMT*B6*65.57~LQ*HE*N782~CLP*000100038710*19*272.99*76.01*19*MB*0220223003710*11*1~NM1*QC*1*PLEASANTS*DAVID****MI*4CR8XN3VY41~NM1*82*1******XX*1164974580~NM1*TT*2*COLORADO DEPT OF HEALTH-MEDICAID*****PI*70037~MOA***MA01*MA07~REF*EA*C4998DDD9D3740FCACD4C73559AE46FA~DTM*050*20200807~SVC*HC:99214:95*272.99*76.01**1~DTM*472*20200806~CAS*CO*45*177.98~CAS*PR*2*19~REF*LU*11~REF*6R*CPIAIE1OOJ17~AMT*B6*95.01~CLP*000100037372*19*602.88*164.45*34.97*MB*0220220012850*11*1~NM1*QC*1*POLZIN*VICTORIA*D***MI*4HH0QD1MV01~NM1*82*1******XX*1396971230~NM1*TT*2*COLORADO DEPT OF HEALTH-MEDICAID*****PI*70037~MOA***MA01*MA07~REF*EA*355A874971C24706BB7B035D6834ED82~DTM*050*20200807~SVC*HC:99204:25*450.07*114.72**1~DTM*472*20200710~CAS*CO*45*306.67~CAS*PR*2*28.68~REF*LU*11~REF*6R*CPIIPQWBN6RA~AMT*B6*143.4~SVC*HC:81025*15*8.61**1~DTM*472*20200710~CAS*CO*45*6.39~REF*LU*11~REF*6R*CPII0MV9Z05V~AMT*B6*8.61~SVC*HC:G0444*30.75*15.94**1~DTM*472*20200710~CAS*CO*45*14.81~REF*LU*11~REF*6R*CPIIWDTBSXU6~AMT*B6*15.94~SVC*HC:G0396*107.06*25.18**1~DTM*472*20200710~CAS*CO*45*75.59~CAS*PR*2*6.29~REF*LU*11~REF*6R*CPII1K93Z0C2~AMT*B6*31.47~CLP*000100038450*19*178.3*52.46*13.11*MB*0220223003490*11*1~NM1*QC*1*REINSMITH*GARY*L***MI*7P34G54TQ64~NM1*82*1******XX*1164974580~NM1*TT*2*COLORADO DEPT OF HEALTH-MEDICAID*****PI*70037~MOA***MA01*MA07~REF*EA*74ADBADA12D6479DB4346B75444BA995~DTM*050*20200807~SVC*HC:99213:25*178.3*52.46**1~DTM*472*20200731~CAS*CO*45*112.73~CAS*PR*2*13.11~REF*LU*11~REF*6R*CPIAPQQF9YRS~AMT*B6*65.57~CLP*000100038644*1*450.07*114.72*28.68*MB*0220223003670*11*1~NM1*QC*1*ROBINSON*JASMINE*R***MI*1JR3A35TV08~NM1*82*1******XX*1164974580~MOA***MA01~REF*EA*51F17D8FB184426A9B33D619D64F87AD~DTM*050*20200807~SVC*HC:99204*450.07*114.72**1~DTM*472*20200805~CAS*CO*45*306.67~CAS*PR*2*28.68~REF*LU*11~REF*6R*CPIAPQY8PJ6R~AMT*B6*143.4~LQ*HE*N782~CLP*000100038109*19*272.99*76.01*19*MB*0220223003440*11*1~NM1*QC*1*TAVAREZ*BALBINA*M***MI*2WQ6YP2RW60~NM1*82*1******XX*1659521045~NM1*TT*2*COLORADO DEPT OF HEALTH-MEDICAID*****PI*70037~MOA***MA01*MA07~REF*EA*243840E5E9984CD5B408946443992D5C~DTM*050*20200807~SVC*HC:99214*272.99*76.01**1~DTM*472*20200727~CAS*CO*45*177.98~CAS*PR*2*19~REF*LU*11~REF*6R*CPIAJIUBWM6Z~AMT*B6*95.01~CLP*000100037911*19*272.99*89.42*22.36*MB*0220220012860*11*1~NM1*QC*1*THOMAS*SIDNEY*J***MI*8D72T82JW93~NM1*82*1******XX*1447291851~NM1*TT*2*COLORADO DEPT OF HEALTH-MEDICAID*****PI*70037~MOA***MA01*MA07~REF*EA*4906F8DB8AEE43DD8444105AA9BA3E65~DTM*050*20200807~SVC*HC:99214*272.99*89.42**1~DTM*472*20200721~CAS*CO*45*161.21~CAS*PR*2*22.36~REF*LU*11~REF*6R*CPII0JSSWWN3~AMT*B6*111.78~LQ*HE*N782~CLP*000100038730*19*178.3*3.99*61.58*MB*0220223003540*11*1~NM1*QC*1*TYNAN*NICOLE*A***MI*6KA7QD4GQ71~NM1*82*1******XX*1164974580~NM1*TT*2*COLORADO DEPT OF HEALTH-MEDICAID*****PI*70037~MOA***MA01*MA07~REF*EA*2CC4BF7F501B4320930DCA967ACEB49D~DTM*050*20200807~SVC*HC:99213*178.3*3.99**1~DTM*472*20200806~CAS*CO*45*112.73~CAS*PR*1*60.58**2*1~REF*LU*11~REF*6R*CPIAQ3M7UO7A~AMT*B6*65.57~CLP*000100038325*1*178.3*52.46*13.11*MB*0220223003590*11*1~NM1*QC*1*VELASQUEZ*JOE*L***MI*4YD4M24XK79~NM1*82*1******XX*1164974580~MOA***MA01~REF*EA*C9BCFA2E79EC44AE8835A0CDD503FC80~DTM*050*20200807~SVC*HC:99213*178.3*52.46**1~DTM*472*20200729~CAS*CO*45*112.73~CAS*PR*2*13.11~REF*LU*11~REF*6R*CPIATMTSR7RX~AMT*B6*65.57~LQ*HE*N782~SE*378*000000002~GE*1*136~IEA*1*023300136~