ISA*00*          *00*          *ZZ*04112          *29*E13833         *200903*2359*^*00501*024700140*0*P*:~GS*HP*04112*E13833*20200903*2359*140*X*005010X221A1~ST*835*000000002~BPR*I*2326.32*C*ACH*CCP*01*081517693*DA*152302017586*1205296137**01*102106569*DA*2200002989138*20200904~TRN*1*890690630*1205296137~REF*EV*E13833~DTM*405*20200903~N1*PR*NOVITAS SOLUTIONS, INC.~N3*PO BOX 3109~N4*MECHANICSBURG*PA*170551825~REF*2U*04112~PER*CX**TE*8552528782~PER*BL*NOVITAS SOLUTIONS, INC. EDI SERVICES*TE*8552528782*EX*1*EM*WEBSITEEDI@NOVITAS-SOLUTIONS.COM~PER*IC**UR*WWW.NOVITAS-SOLUTIONS.COM~N1*PE*SPANISH PEAKS NEW ALTERNATIV*XX*1508250911~N3*ATTN  BILLING*41 MONTEBELLO ROAD STE 116~N4*PUEBLO*CO*810011366~REF*TJ*841158933~LX*1~CLP*000100038827*19*410.8*117.13*25.29*MB*0220234053220*11*1~NM1*QC*1*ACOSTA*ROSALINA****MI*1R70JF8DM15~NM1*82*1******XX*1659521045~NM1*TT*2*COLORADO DEPT OF HEALTH-MEDICAID*****PI*70037~MOA***MA01*MA07~REF*EA*BE1F4CAA1BCB4E82AF28B56F7F6313EA~DTM*050*20200821~SVC*HC:99214:95:25*272.99*76.01**1~DTM*472*20200810~CAS*CO*45*177.98~CAS*PR*2*19~REF*LU*11~REF*6R*CPKUMDM09CBF~AMT*B6*95.01~LQ*HE*N782~SVC*HC:G0444:95*30.75*15.94**1~DTM*472*20200810~CAS*CO*45*14.81~REF*LU*11~REF*6R*CPKU9KBW785N~AMT*B6*15.94~SVC*HC:G0396:95*107.06*25.18**1~DTM*472*20200810~CAS*CO*45*75.59~CAS*PR*2*6.29~REF*LU*11~REF*6R*CPKUH1GSOIT8~AMT*B6*31.47~LQ*HE*N782~CLP*000100038495*1*373.56*101.12**MB*0220234053160*11*1~NM1*QC*1*ARNETT*ROBERTA*R***MI*9YM7E99HA48~NM1*82*1******XX*1659521045~MOA***MA01~REF*EA*0C05F37EA75B404F988B3333EFC72B23~DTM*050*20200821~SVC*HC:G0439*373.56*101.12**1~DTM*472*20200803~CAS*CO*45*272.44~REF*LU*11~REF*6R*CPKU7813MDXW~AMT*B6*101.12~CLP*000100029851*19*90*60.48*15.43*MB*0220234053320*11*1~NM1*QC*1*BRANDT*MICHAEL*S***MI*5H27DW9HX49~NM1*82*1******XX*1447291851~NM1*TT*2*UNITEDHEALTH GROUP*****PI*30002~MOA***MA01*MA18~REF*EA*A1135D995F474AAF82CBE47052FEA06E~DTM*050*20200821~SVC*HC:99213*90*60.48**1~DTM*472*20200212~CAS*CO*45*12.86**253*1.23~CAS*PR*2*15.43~REF*LU*11~REF*6R*CPKUTCQKM4L3~AMT*B6*77.14~CLP*000100036419*19*192.81*40.59*8.07*MB*0220234053340*02*1~NM1*QC*1*CENTA*MARILYNN****MI*7FQ2KD6GF15~NM1*82*1******XX*1659521045~NM1*TT*2*ANTHEM CO*****PI*00561~MOA***MA01*MA18~REF*EA*099FB3AC966D491598790F3A26A9E9FD~DTM*050*20200821~SVC*HC:G2012*55*9.11**1~DTM*472*20200618~CAS*CO*45*43.61~CAS*PR*2*2.28~REF*LU*02~REF*6R*CPKUKNFVKK3Z~AMT*B6*11.39~LQ*HE*N535~SVC*HC:G0444*30.75*8.34**1~DTM*472*20200618~CAS*CO*45*22.41~REF*LU*02~REF*6R*CPKUSZAERDTY~AMT*B6*8.34~LQ*HE*N535~SVC*HC:G0396*107.06*23.14**1~DTM*472*20200618~CAS*CO*45*78.13~CAS*PR*2*5.79~REF*LU*02~REF*6R*CPKUE62E2DEA~AMT*B6*28.93~LQ*HE*N535~CLP*000100039009*19*178.3*52.46*13.11*MB*0220234053350*11*1~NM1*QC*1*COOK*DAVID*T***MI*6ED1FE4MH27~NM1*82*1******XX*1164974580~NM1*TT*2*COLORADO DEPT OF HEALTH-MEDICAID*****PI*70037~MOA***MA01*MA07~REF*EA*C8FE4A95B3A84BA9810BCC4F66FFF297~DTM*050*20200821~SVC*HC:99213*178.3*52.46**1~DTM*472*20200812~CAS*CO*45*112.73~CAS*PR*2*13.11~REF*LU*11~REF*6R*CPKUSDHY3KEQ~AMT*B6*65.57~LQ*HE*N782~CLP*000100038719*19*178.3*35.72*8.93*MB*0220234053370*02*1~NM1*QC*1*COWLING*CHRISTOPH*M***MI*8N65W12YD97~NM1*82*1******XX*1164974580~NM1*TT*2*COLORADO DEPT OF HEALTH-MEDICAID*****PI*70037~MOA***MA01*MA07~REF*EA*9283CBED3E994F35BCFDA23471020D3A~DTM*050*20200821~SVC*HC:99213*178.3*35.72**1~DTM*472*20200806~CAS*CO*45*133.65~CAS*PR*2*8.93~REF*LU*02~REF*6R*CPKUDMEBWLC6~AMT*B6*44.65~LQ*HE*N535~LQ*HE*N782~CLP*000100038944*19*178.3*52.46*13.11*MB*0220234053080*11*1~NM1*QC*1*DEWEY*THERESE*R***MI*8HN1AG0YR21~NM1*82*1******XX*1164974580~NM1*TT*2*UNITEDHEALTH GROUP*****PI*30002~MOA***MA01*MA18~REF*EA*64A771C6A0BD452289266714B23E9DFB~DTM*050*20200821~SVC*HC:99213*178.3*52.46**1~DTM*472*20200811~CAS*CO*45*112.73~CAS*PR*2*13.11~REF*LU*11~REF*6R*CPKUM6EZYHZV~AMT*B6*65.57~CLP*000100027123*19*90*50.71*12.94*MB*0220234053170*11*1~NM1*QC*1*GARCIA*LONNIE****MI*5X88WA0MD39~NM1*82*1******XX*1164974580~NM1*TT*2*COLORADO DEPT OF HEALTH-MEDICAID*****PI*70037~MOA***MA01*MA07~REF*EA*412294BD0B5C48CD92C09315AA90C081~DTM*050*20200821~SVC*HC:99213*90*50.71**1~DTM*472*20191220~CAS*CO*45*25.31**253*1.04~CAS*PR*2*12.94~REF*LU*11~REF*6R*CPJU474FTBG5~AMT*B6*64.69~CLP*000100038986*19*480.09*101.12*106.53*MB*0220234053310*11*1~NM1*QC*1*GARCIA*PAMELA*D***MI*9KC9FG5NU35~NM1*82*1******XX*1164974580~NM1*TT*2*COLORADO DEPT OF HEALTH-MEDICAID*****PI*70037~MOA***MA01*MA07~REF*EA*81206664EB024CF282AF6F879B0D57A9~DTM*050*20200821~SVC*HC:G0439:25*373.56*101.12**1~DTM*472*20200812~CAS*CO*45*272.44~REF*LU*11~REF*6R*CPKUFM4B70H1~AMT*B6*101.12~SVC*HC:90471*53.53*0****1~DTM*472*20200812~CAS*PR*96*53.53~REF*LU*11~REF*6R*CPKUFW5MDOVR~LQ*HE*N425~SVC*HC:90715*53*0****1~DTM*472*20200812~CAS*PR*96*53~REF*LU*11~REF*6R*CPKUYKHU03JO~LQ*HE*N425~CLP*000100038995*19*178.3*35.72*8.93*MB*0220234053230*02*1~NM1*QC*1*GRAVES*JOAN*D***MI*4MY2DC8NX16~NM1*82*1******XX*1164974580~NM1*TT*2*MUTUAL OF OMAHA INSURANCE COMP*****PI*30090~MOA***MA01*MA18~REF*EA*72F9D008EE904CB5828991028782629E~DTM*050*20200821~SVC*HC:99213*178.3*35.72**1~DTM*472*20200812~CAS*CO*45*133.65~CAS*PR*2*8.93~REF*LU*02~REF*6R*CPKUNKAVRSST~AMT*B6*44.65~LQ*HE*N535~CLP*000100038243*19*404.65*116.38*25.1*MB*0220234053240*11*1~NM1*QC*1*GRAVES*JOAN*D***MI*4MY2DC8NX16~NM1*82*1******XX*1164974580~NM1*TT*2*MUTUAL OF OMAHA INSURANCE COMP*****PI*30090~MOA***MA01*MA18~REF*EA*67F80AA6481E44B886522E716E2DAD64~DTM*050*20200821~SVC*HC:99203:25*266.84*75.26**1~DTM*472*20200728~CAS*CO*45*172.77~CAS*PR*2*18.81~REF*LU*11~REF*6R*CPKUXIWX2OP2~AMT*B6*94.07~SVC*HC:G0444*30.75*15.94**1~DTM*472*20200728~CAS*CO*45*14.81~REF*LU*11~REF*6R*CPKU590AAZPZ~AMT*B6*15.94~SVC*HC:G0396*107.06*25.18**1~DTM*472*20200728~CAS*CO*45*75.59~CAS*PR*2*6.29~REF*LU*11~REF*6R*CPKUODAC1HN7~AMT*B6*31.47~CLP*000100038857*19*40*32*8*MB*0220234053390*02*1~NM1*QC*1*GUTIERREZ*EVANGELIN*C***MI*9YH0MH5HE18~NM1*82*1******XX*1447291851~NM1*TT*2*UNITEDHEALTH GROUP*****PI*30002~MOA***MA01*MA18~REF*EA*A2821A62E3B040FB9B30749EAA5AE0D0~DTM*050*20200821~SVC*HC:99442*40*32**1~DTM*472*20200810~CAS*PR*2*8~REF*LU*02~REF*6R*CPKUAKS5IZT9~AMT*B6*40~CLP*000100038979*19*725.6*185.98*42.5*MB*0220234053120*11*1~NM1*QC*1*HAYES*WILBUR*L***MI*5RH6QN3GE58~NM1*82*1******XX*1396971230~NM1*TT*2*UNITEDHEALTH GROUP*****PI*30002~MOA***MA01*MA18~REF*EA*D727BC2E26F84BCAAC4DC6D2AD983174~DTM*050*20200821~SVC*HC:99205:25*587.79*144.86**1~DTM*472*20200812~CAS*CO*45*406.72~CAS*PR*2*36.21~REF*LU*11~REF*6R*CPKU66D1THP0~AMT*B6*181.07~SVC*HC:G0444*30.75*15.94**1~DTM*472*20200812~CAS*CO*45*14.81~REF*LU*11~REF*6R*CPKU7L8FXP4O~AMT*B6*15.94~SVC*HC:G0396*107.06*25.18**1~DTM*472*20200812~CAS*CO*45*75.59~CAS*PR*2*6.29~REF*LU*11~REF*6R*CPKULESER7DP~AMT*B6*31.47~CLP*000100022108*1*3.99*3.41**MB*0220234053330*11*1~NM1*QC*1*HUBBARD*LORI****MI*7MY9GW3XV24~NM1*82*1******XX*1659521045~MOA***MA01~REF*EA*725D087E0ACD468397CA12ABC3CD495A~DTM*050*20200821~SVC*HC:81002*3.99*3.41**1~DTM*472*20190909~CAS*CO*45*0.51**253*0.07~REF*LU*11~REF*6R*CPJU7RKPD9YQ~AMT*B6*3.48~CLP*000100023753*1*407.73*142.13**MB*0220234053360*11*1~NM1*QC*1*IRWIN*MARK****MI*5CW2D51PY25~NM1*82*1******XX*1396971230~MOA***MA01~REF*EA*399720E2061D43938D9F0740A2443AC5~DTM*050*20200821~SVC*HC:G0402*407.73*142.13**1~DTM*472*20191016~CAS*CO*45*262.7**253*2.9~REF*LU*11~REF*6R*CPKU8JKCZAGP~AMT*B6*145.03~CLP*000100038701*19*272.99*76.01*19*MB*0220234053150*11*1~NM1*QC*1*JOHNSON*ANN*K***MI*9N89Y88EU12~NM1*82*1******XX*1396971230~NM1*TT*2*COLORADO DEPT OF HEALTH-MEDICAID*****PI*70037~MOA***MA01*MA07~REF*EA*9BA1FA42CA6D4CB7AD561C39653BDF88~DTM*050*20200821~SVC*HC:99214*272.99*76.01**1~DTM*472*20200806~CAS*CO*45*177.98~CAS*PR*2*19~REF*LU*11~REF*6R*CPKUQQQ31X86~AMT*B6*95.01~CLP*000100038114*19*410.8*117.13*25.29*MB*0220234053400*11*1~NM1*QC*1*JONES*KATHRYN*D***MI*5DG7CF2UW61~NM1*82*1******XX*1659521045~NM1*TT*2*THRIVENT FINANCIAL FOR LUTHERANS*****PI*30167~MOA***MA01*MA18~REF*EA*9C37C5798C82486E9307548CE7781208~DTM*050*20200821~SVC*HC:99214:25*272.99*76.01**1~DTM*472*20200727~CAS*CO*45*177.98~CAS*PR*2*19~REF*LU*11~REF*6R*CPKUPRGSK65N~AMT*B6*95.01~SVC*HC:G0444*30.75*15.94**1~DTM*472*20200727~CAS*CO*45*14.81~REF*LU*11~REF*6R*CPKUN195WM4Z~AMT*B6*15.94~SVC*HC:G0396*107.06*25.18**1~DTM*472*20200727~CAS*CO*45*75.59~CAS*PR*2*6.29~REF*LU*11~REF*6R*CPKUZ9JC8IU2~AMT*B6*31.47~CLP*000100025943*19*157.15*101.06*25.78*MB*0220234053140*11*1~NM1*QC*1*LATKA*CHARLES****MI*5VY1Y26YY97~NM1*82*1******XX*1447291851~NM1*TT*2*UNITEDHEALTH GROUP*****PI*30002~MOA***MA01*MA18~REF*EA*C07891935AF64FE5B7A212CFD2393FA9~DTM*050*20200821~SVC*HC:99214:25*134*87.32**1~DTM*472*20191127~CAS*CO*45*22.62**253*1.78~CAS*PR*2*22.28~REF*LU*11~REF*6R*CPKUOCRKR8SL~AMT*B6*111.38~SVC*HC:93000*23.15*13.74**1~DTM*472*20191127~CAS*CO*45*5.63**253*0.28~CAS*PR*2*3.5~REF*LU*11~REF*6R*CPKUIIGTR1XB~AMT*B6*17.52~CLP*000100038449*19*316.11*77.64*19.4*MB*0220234053090*11*1~NM1*QC*1*LATONA*LORI*L***MI*6D37TU7HA42~NM1*82*1******XX*1164974580~NM1*TT*2*AZ MEDICAID-MERCY CARE RBHA*****PI*77122~MOA***MA01*MA07~REF*EA*C5C64102C5C14C60A6C0B4E2DAF41358~DTM*050*20200821~SVC*HC:99213:25*178.3*52.46**1~DTM*472*20200731~CAS*CO*45*112.73~CAS*PR*2*13.11~REF*LU*11~REF*6R*CPKUI2EWFEFK~AMT*B6*65.57~SVC*HC:G0444*30.75*0****1~DTM*472*20200731~CAS*CO*119*30.75~REF*LU*11~REF*6R*CPKUPIDXS2SB~REF*0K*210.9~LQ*HE*M25~LQ*HE*N362~SVC*HC:G0396*107.06*25.18**1~DTM*472*20200731~CAS*CO*45*75.59~CAS*PR*2*6.29~REF*LU*11~REF*6R*CPKUXPQMHTN1~AMT*B6*31.47~CLP*000100038520*1*178.3*35.72*8.93*MB*0220234053290*02*1~NM1*QC*1*MATHEWS*CANDACE*R***MI*7WA9VR4VH15~NM1*82*1******XX*1659521045~MOA***MA01~REF*EA*34EEADEAFFD04C73B87F5F1D005420A9~DTM*050*20200821~SVC*HC:99213*178.3*35.72**1~DTM*472*20200803~CAS*CO*45*133.65~CAS*PR*2*8.93~REF*LU*02~REF*6R*CPKUC7UHPKZO~AMT*B6*44.65~LQ*HE*N535~LQ*HE*N782~CLP*000100028372*19*134*74.49*19*MB*0220234053300*11*1~NM1*QC*1*MAUZY*FELICIA*C***MI*6EU5K46UX72~NM1*82*1******XX*1659521045~NM1*TT*2*COLORADO DEPT OF HEALTH-MEDICAID*****PI*70037~MOA***MA01*MA07~REF*EA*5D1359516E6A481B8FCBF02AE6EEDDC9~DTM*050*20200821~SVC*HC:99214*134*74.49**1~DTM*472*20200116~CAS*CO*45*38.99**253*1.52~CAS*PR*2*19~REF*LU*11~REF*6R*CPKUQ0QW7OX9~AMT*B6*95.01~CLP*000100023126*19*195*107.85*25.36*MB*0220234053410*11*1~NM1*QC*1*ORTIZ*DEBORAH*M***MI*1FV3J92UM14~NM1*82*1******XX*1659521045~NM1*TT*2*COLORADO DEPT OF HEALTH-MEDICAID*****PI*70037~MOA***MA01*MA07~REF*EA*A6F470D7F7CD41A48FBAB56403216932~DTM*050*20200821~SVC*HC:99215:25*180*99.41**1~DTM*472*20191002~CAS*CO*45*53.2**253*2.03~CAS*PR*2*25.36~REF*LU*11~REF*6R*CPKU4ZFQYNA1~AMT*B6*126.8~LQ*HE*N782~SVC*HC:81025*15*8.44**1~DTM*472*20191002~CAS*CO*45*6.39**253*0.17~REF*LU*11~REF*6R*CPKUL5KKFEYE~AMT*B6*8.61~CLP*000100038450*19*95*76*19*MB*0220234053200*11*1~NM1*QC*1*REINSMITH*GARY*L***MI*7P34G54TQ64~NM1*82*1******XX*1164974580~NM1*TT*2*COLORADO DEPT OF HEALTH-MEDICAID*****PI*70037~MOA***MA01*MA07~REF*EA*A53DF47209484D5E85E4C243B084A7CD~DTM*050*20200821~SVC*HC:11750*95*76**1~DTM*472*20200731~CAS*PR*2*19~REF*LU*11~REF*6R*CPKULUUO86IY~AMT*B6*95~CLP*000100039020*19*178.3*52.46*13.11*MB*0220234053210*11*1~NM1*QC*1*REINSMITH*GARY*L***MI*7P34G54TQ64~NM1*82*1******XX*1164974580~NM1*TT*2*COLORADO DEPT OF HEALTH-MEDICAID*****PI*70037~MOA***MA01*MA07~REF*EA*1EDFC19A9BF14631A1090083516061B2~DTM*050*20200821~SVC*HC:99213*178.3*52.46**1~DTM*472*20200812~CAS*CO*45*112.73~CAS*PR*2*13.11~REF*LU*11~REF*6R*CPKUVP3TX93A~AMT*B6*65.57~CLP*000100038942*1*287.99*84.62*19*MB*0220234053250*11*1~NM1*QC*1*ROBINSON*JASMINE*R***MI*1JR3A35TV08~NM1*82*1******XX*1396971230~MOA***MA01~REF*EA*A1BB84EB1398493B846BD484441DEF0B~DTM*050*20200821~SVC*HC:99214:25*272.99*76.01**1~DTM*472*20200811~CAS*CO*45*177.98~CAS*PR*2*19~REF*LU*11~REF*6R*CPKUGU865UJV~AMT*B6*95.01~LQ*HE*N782~SVC*HC:81025*15*8.61**1~DTM*472*20200811~CAS*CO*45*6.39~REF*LU*11~REF*6R*CPKU3OE15YQL~AMT*B6*8.61~CLP*000100038769*1*272.99*54.97*13.74*MB*0220234053260*53*1~NM1*QC*1*ROBINSON*JASMINE*R***MI*1JR3A35TV08~NM1*82*1******XX*1396971230~MOA***MA01~REF*EA*1F9B36AA582C4F1DA83103AF8C2C7D08~DTM*050*20200821~SVC*HC:99214*272.99*54.97**1~DTM*472*20200807~CAS*CO*45*204.28~CAS*PR*2*13.74~REF*LU*53~REF*6R*CPKUQ3LXLJRL~AMT*B6*68.71~LQ*HE*N535~LQ*HE*N782~CLP*000100038961*1*272.99*76.01*19*MB*0220234053270*11*1~NM1*QC*1*ROBINSON*JASMINE*R***MI*1JR3A35TV08~NM1*82*1******XX*1164974580~MOA***MA01~REF*EA*2226115B48194923A2F465297537E9F9~DTM*050*20200821~SVC*HC:99214*272.99*76.01**1~DTM*472*20200812~CAS*CO*45*177.98~CAS*PR*2*19~REF*LU*11~REF*6R*CPKUYXR5K2WP~AMT*B6*95.01~LQ*HE*N782~CLP*000100038820*19*88.54*21.13*5.28*MB*0220234053130*02*1~NM1*QC*1*SANCHEZ*JOSEPH*A***MI*8JA3FN7TK07~NM1*82*1******XX*1447291851~NM1*TT*2*COLORADO DEPT OF HEALTH-MEDICAID*****PI*70037~MOA***MA01*MA07~REF*EA*1D519D2E098B4A98A9DBEF8B3B88D19B~DTM*050*20200821~SVC*HC:99212*88.54*21.13**1~DTM*472*20200810~CAS*CO*45*62.13~CAS*PR*2*5.28~REF*LU*02~REF*6R*CPKUR5G5VOJR~AMT*B6*26.41~LQ*HE*N535~CLP*000100038830*19*410.8*117.13*25.29*MB*0220234053100*11*1~NM1*QC*1*TAVAREZ*BALBINA*M***MI*2WQ6YP2RW60~NM1*82*1******XX*1659521045~NM1*TT*2*COLORADO DEPT OF HEALTH-MEDICAID*****PI*70037~MOA***MA01*MA07~REF*EA*C1C95A5B529945ED9F8977C2A8AA769F~DTM*050*20200821~SVC*HC:99214:25*272.99*76.01**1~DTM*472*20200810~CAS*CO*45*177.98~CAS*PR*2*19~REF*LU*11~REF*6R*CPKUJEHQDPYF~AMT*B6*95.01~SVC*HC:G0444*30.75*15.94**1~DTM*472*20200810~CAS*CO*45*14.81~REF*LU*11~REF*6R*CPKUN83YA5J9~AMT*B6*15.94~SVC*HC:G0396*107.06*25.18**1~DTM*472*20200810~CAS*CO*45*75.59~CAS*PR*2*6.29~REF*LU*11~REF*6R*CPKULGNMKR7S~AMT*B6*31.47~CLP*000100038702*19*178.3*52.46*13.11*MB*0220234053110*11*1~NM1*QC*1*VIGIL*AUGUSTINE****MI*3W55R98JQ75~NM1*82*1******XX*1659521045~NM1*TT*2*COLORADO DEPT OF HEALTH-MEDICAID*****PI*70037~MOA***MA01*MA07~REF*EA*D098EEAD7A03469FB890A6C8919ACA1D~DTM*050*20200821~SVC*HC:99213*178.3*52.46**1~DTM*472*20200806~CAS*CO*45*112.73~CAS*PR*2*13.11~REF*LU*11~REF*6R*CPKUPXM6YKN9~AMT*B6*65.57~LQ*HE*N782~CLP*000100027205*19*134*74.23*18.93*MB*0220234053280*11*1~NM1*QC*1*ZAVALA*JOSEPH****MI*1YY9CA9GM37~NM1*82*1******XX*1659521045~NM1*TT*2*COLORADO DEPT OF HEALTH-MEDICAID*****PI*70037~MOA***MA01*MA07~REF*EA*76F8BE7FBF104374A5FEE9569BE78250~DTM*050*20200821~SVC*HC:99214*134*74.23**1~DTM*472*20191223~CAS*CO*45*39.33**253*1.51~CAS*PR*2*18.93~REF*LU*11~REF*6R*CPKUAYQ5PTTI~AMT*B6*94.67~SE*581*000000002~GE*1*140~IEA*1*024700140~