ISA*00*          *00*          *ZZ*04112          *29*E13833         *200811*2359*^*00501*022400139*0*P*:~GS*HP*04112*E13833*20200811*2359*139*X*005010X221A1~ST*835*000000002~BPR*I*967.36*C*ACH*CCP*01*081517693*DA*152302017586*1205296137**01*102106569*DA*2200002989138*20200812~TRN*1*890629530*1205296137~REF*EV*E13833~DTM*405*20200811~N1*PR*NOVITAS SOLUTIONS, INC.~N3*PO BOX 3109~N4*MECHANICSBURG*PA*170551825~REF*2U*04112~PER*CX**TE*8552528782~PER*BL*NOVITAS SOLUTIONS, INC. EDI SERVICES*TE*8552528782*EX*1*EM*WEBSITEEDI@NOVITAS-SOLUTIONS.COM~N1*PE*SPANISH PEAKS NEW ALTERNATIV*XX*1508250911~N3*ATTN  BILLING*41 MONTEBELLO ROAD STE 116~N4*PUEBLO*CO*810011366~REF*TJ*841158933~LX*1~CLP*000100037158*19*276.99*79.49*19*MB*0220211351790*11*1~NM1*QC*1*BACA*FLORA*J***MI*2EK9AG1AD58~NM1*82*1******XX*1659521045~NM1*TT*2*COLORADO DEPT OF HEALTH-MEDICAID*****PI*70037~MOA***MA01*MA07~REF*EA*45E3874D20C740E4B6A0341F657AA454~DTM*050*20200729~SVC*HC:99214:25*272.99*76.01**1~DTM*472*20200706~CAS*CO*45*177.98~CAS*PR*2*19~REF*LU*11~REF*6R*CPAUUODHA6C9~AMT*B6*95.01~LQ*HE*N782~SVC*HC:81002*4*3.48**1~DTM*472*20200706~CAS*CO*45*0.52~REF*LU*11~REF*6R*CPAU1GEYVSYB~AMT*B6*3.48~CLP*000100037904*19*178.3*52.46*13.11*MB*0220211351770*11*1~NM1*QC*1*CIRULLO*ROSEANN****MI*8E35MT0UP63~NM1*82*1******XX*1164974580~NM1*TT*2*COLORADO DEPT OF HEALTH-MEDICAID*****PI*70037~MOA***MA01*MA07~REF*EA*BB0E0E28C01C413A9313EACFCB23DF0E~DTM*050*20200729~SVC*HC:99213*178.3*52.46**1~DTM*472*20200721~CAS*CO*45*112.73~CAS*PR*2*13.11~REF*LU*11~REF*6R*CPAUKBUZH1BH~AMT*B6*65.57~LQ*HE*N782~CLP*000100038019*19*272.99*76.01*19*MB*0220211351740*11*1~NM1*QC*1*COOK*DAVID*T***MI*6ED1FE4MH27~NM1*82*1******XX*1164974580~NM1*TT*2*COLORADO DEPT OF HEALTH-MEDICAID*****PI*70037~MOA***MA01*MA07~REF*EA*FC4F0F48B49A482CBE1536EA6108936D~DTM*050*20200729~SVC*HC:99214*272.99*76.01**1~DTM*472*20200723~CAS*CO*45*177.98~CAS*PR*2*19~REF*LU*11~REF*6R*CPAUXJ0G3PMG~AMT*B6*95.01~LQ*HE*N782~CLP*000100037654*19*272.99*76.01*19*MB*0220211351760*11*1~NM1*QC*1*COWLING*CHRISTOPH*M***MI*8N65W12YD97~NM1*82*1******XX*1164974580~NM1*TT*2*COLORADO DEPT OF HEALTH-MEDICAID*****PI*70037~MOA***MA01*MA07~REF*EA*2855FCC40495467E801DD81D5104326B~DTM*050*20200729~SVC*HC:99214*272.99*76.01**1~DTM*472*20200716~CAS*CO*45*177.98~CAS*PR*2*19~REF*LU*11~REF*6R*CPAUP3OESVL3~AMT*B6*95.01~LQ*HE*N782~CLP*000100036776*19*88.54*31.9*7.98*MB*0220211351800*11*1~NM1*QC*1*FENWICK*SUSAN*A***MI*2R81VF1PJ24~NM1*82*1******XX*1396971230~NM1*TT*2*COLORADO DEPT OF HEALTH-MEDICAID*****PI*70037~MOA***MA01*MA07~REF*EA*6579990E682A4FD0A371573A3FDA8443~DTM*050*20200729~SVC*HC:99212:95*88.54*31.9**1~DTM*472*20200625~CAS*CO*45*48.66~CAS*PR*2*7.98~REF*LU*11~REF*6R*CPAUQRXT6BF1~AMT*B6*39.88~LQ*HE*N782~CLP*000100037993*19*178.3*61.71*15.43*MB*0220211351780*11*1~NM1*QC*1*GUTIERREZ*EVANGELIN*C***MI*9YH0MH5HE18~NM1*82*1******XX*1447291851~NM1*TT*2*UNITEDHEALTH GROUP*****PI*30002~MOA***MA01*MA18~REF*EA*9DE5D18B7E794FEAB4C7CD5FF4FFF995~DTM*050*20200729~SVC*HC:99213*178.3*61.71**1~DTM*472*20200722~CAS*CO*45*101.16~CAS*PR*2*15.43~REF*LU*11~REF*6R*CPAUMH7G16BZ~AMT*B6*77.14~CLP*000100037648*1*178.3*61.71*15.43*MB*0220211351690*11*1~NM1*QC*1*HELLERICH*GREGORY*R***MI*8UN1XU1AW36~NM1*82*1******XX*1447291851~MOA***MA01~REF*EA*1774BF1FE5AD4EDF8CEB17B82BCE8B52~DTM*050*20200729~SVC*HC:99213*178.3*61.71**1~DTM*472*20200716~CAS*CO*45*101.16~CAS*PR*2*15.43~REF*LU*11~REF*6R*CPAU1SPWOBI8~AMT*B6*77.14~CLP*000100037724*19*59*13.61*2.53*MB*0220211351730*11*1~NM1*QC*1*HUBBARD*LORI****MI*7MY9GW3XV24~NM1*82*1******XX*1396971230~NM1*TT*2*COLORADO DEPT OF HEALTH-MEDICAID*****PI*70037~MOA***MA01*MA07~REF*EA*0161BD1A91184DEDABB670BDABAF8E8A~DTM*050*20200729~SVC*HC:G2012*55*10.13**1~DTM*472*20200717~CAS*CO*45*42.34~CAS*PR*2*2.53~REF*LU*11~REF*6R*CPAUMHUYQCIH~AMT*B6*12.66~LQ*HE*N782~SVC*HC:81002*4*3.48**1~DTM*472*20200717~CAS*CO*45*0.52~REF*LU*11~REF*6R*CPAUXBSYPR72~AMT*B6*3.48~CLP*000100037745*19*272.99*76.01*19*MB*0220211351650*11*1~NM1*QC*1*LATONA*LORI*L***MI*6D37TU7HA42~NM1*82*1******XX*1164974580~NM1*TT*2*AZ MEDICAID-MERCY CARE RBHA*****PI*77122~MOA***MA01*MA07~REF*EA*89A9B3AC69604E10A98867DE851D1B81~DTM*050*20200729~SVC*HC:99214*272.99*76.01**1~DTM*472*20200717~CAS*CO*45*177.98~CAS*PR*2*19~REF*LU*11~REF*6R*CPAUDQUIC7LD~AMT*B6*95.01~CLP*000100037987*19*88.54*21.13*5.28*MB*0220211351660*02*1~NM1*QC*1*MAJOR*MARION*J***MI*9DH3A30JM84~NM1*82*1******XX*1447291851~NM1*TT*2*COLORADO DEPT OF HEALTH-MEDICAID*****PI*70037~MOA***MA01*MA07~REF*EA*EBDD6395E38E4F40894C0FFC21911E0C~DTM*050*20200729~SVC*HC:99212*88.54*21.13**1~DTM*472*20200722~CAS*CO*45*62.13~CAS*PR*2*5.28~REF*LU*02~REF*6R*CPAUFD2204PO~AMT*B6*26.41~LQ*HE*N535~CLP*000100037988*19*272.99*76.01*19*MB*0220211351720*11*1~NM1*QC*1*MARRUFO*JOSEFINA*A***MI*9T69Y04JR30~NM1*82*1******XX*1659521045~NM1*TT*2*AMERICAN CONTINENTAL INSU.*****PI*30074~MOA***MA01*MA18~REF*EA*B38533EF0D0D4DDB9159C8C0E6979048~DTM*050*20200729~SVC*HC:99214*272.99*76.01**1~DTM*472*20200722~CAS*CO*45*177.98~CAS*PR*2*19~REF*LU*11~REF*6R*CPAUIPDZSZOQ~AMT*B6*95.01~CLP*000100037822*1*178.3*61.71*15.43*MB*0220211351750*11*1~NM1*QC*1*MONTEZ*TABITHA*L***MI*7YE4K09AM91~NM1*82*1******XX*1447291851~MOA***MA01~REF*EA*71783CDC6E31434D90B674302FB76878~DTM*050*20200729~SVC*HC:99213*178.3*61.71**1~DTM*472*20200720~CAS*CO*45*101.16~CAS*PR*2*15.43~REF*LU*11~REF*6R*CPAURL4ILHWN~AMT*B6*77.14~CLP*000100037888*19*272.99*76.01*19*MB*0220211351680*11*1~NM1*QC*1*REINSMITH*GARY*L***MI*7P34G54TQ64~NM1*82*1******XX*1164974580~NM1*TT*2*COLORADO DEPT OF HEALTH-MEDICAID*****PI*70037~MOA***MA01*MA07~REF*EA*5FA5B8C503BD437588EB2F664E46B0D9~DTM*050*20200729~SVC*HC:99214*272.99*76.01**1~DTM*472*20200721~CAS*CO*45*177.98~CAS*PR*2*19~REF*LU*11~REF*6R*CPAU3JNOC7BR~AMT*B6*95.01~CLP*000100037820*19*178.3*61.71*15.43*MB*0220211351710*11*1~NM1*QC*1*RUDNIK*DOROTHY*L***MI*4TT1VV0YN13~NM1*82*1******XX*1447291851~NM1*TT*2*COLONIAL PENN LIFE INSURANCE CO*****PI*30326~MOA***MA01*MA18~REF*EA*8096BDF248F8485F96E2560C53C9A995~DTM*050*20200729~SVC*HC:99213*178.3*61.71**1~DTM*472*20200720~CAS*CO*45*101.16~CAS*PR*2*15.43~REF*LU*11~REF*6R*CPAU0KOJFISG~AMT*B6*77.14~CLP*000100037643*19*272.99*89.42*22.36*MB*0220211351700*11*1~NM1*QC*1*TILLEY*DARRELL*L***MI*8PU5U13TY73~NM1*82*1******XX*1447291851~NM1*TT*2*LOYAL AMERICAN LIFE INSURANCE CO*****PI*30054~MOA***MA01*MA18~REF*EA*4A7A7145D3D04C779B6E07AE232E983C~DTM*050*20200729~SVC*HC:99214*272.99*89.42**1~DTM*472*20200716~CAS*CO*45*161.21~CAS*PR*2*22.36~REF*LU*11~REF*6R*CPAUOY0GUTZM~AMT*B6*111.78~CLP*000100037642*19*178.3*52.46*13.11*MB*0220211351670*11*1~NM1*QC*1*TUTTLE*CHRISTOPH*D***MI*5AT4YP8CD65~NM1*82*1******XX*1164974580~NM1*TT*2*COLORADO DEPT OF HEALTH-MEDICAID*****PI*70037~MOA***MA01*MA07~REF*EA*9F95F21A3B034539A9E6BC6008BAA430~DTM*050*20200729~SVC*HC:99213*178.3*52.46**1~DTM*472*20200716~CAS*CO*45*112.73~CAS*PR*2*13.11~REF*LU*11~REF*6R*CPAURM0JAZ0U~AMT*B6*65.57~LQ*HE*N782~SE*259*000000002~GE*1*139~IEA*1*022400139~