ISA*00*          *00*          *ZZ*04112          *29*E13833         *200804*2359*^*00501*021700144*0*P*:~GS*HP*04112*E13833*20200804*2359*144*X*005010X221A1~ST*835*000000002~BPR*I*767.72*C*ACH*CCP*01*081517693*DA*152302017586*1205296137**01*102106569*DA*2200002989138*20200805~TRN*1*890611594*1205296137~REF*EV*E13833~DTM*405*20200804~N1*PR*NOVITAS SOLUTIONS, INC.~N3*PO BOX 3109~N4*MECHANICSBURG*PA*170551825~REF*2U*04112~PER*CX**TE*8552528782~PER*BL*NOVITAS SOLUTIONS, INC. EDI SERVICES*TE*8552528782*EX*1*EM*WEBSITEEDI@NOVITAS-SOLUTIONS.COM~N1*PE*SPANISH PEAKS NEW ALTERNATIV*XX*1508250911~N3*ATTN  BILLING*41 MONTEBELLO ROAD STE 116~N4*PUEBLO*CO*810011366~REF*TJ*841158933~LX*1~CLP*000100036746*1*178.3*61.71*15.43*MB*0220204309920*11*1~NM1*QC*1*BOTELHO*DAWN*M***MI*5VV7XF2AE38~NM1*82*1******XX*1447291851~MOA***MA01~REF*EA*4B6E9C63EF2E4A60811111E0980EA721~DTM*050*20200722~SVC*HC:99213:95*178.3*61.71**1~DTM*472*20200625~CAS*CO*45*101.16~CAS*PR*2*15.43~REF*LU*11~REF*6R*CPAEE362TDN8~AMT*B6*77.14~CLP*000100037319*19*178.3*52.46*13.11*MB*0220204309890*11*1~NM1*QC*1*CANALES*PAULETTE****MI*9TX2WP5XC70~NM1*82*1******XX*1659521045~NM1*TT*2*COLORADO DEPT OF HEALTH-MEDICAID*****PI*70037~MOA***MA01*MA07~REF*EA*7411769B89FA4104A3CBE1B2CB6B85E9~DTM*050*20200722~SVC*HC:99213*178.3*52.46**1~DTM*472*20200709~CAS*CO*45*112.73~CAS*PR*2*13.11~REF*LU*11~REF*6R*CPAE7URPV4TW~AMT*B6*65.57~LQ*HE*N782~CLP*000100036495*19*22*9.11*2.28*MB*0220204309930*02*1~NM1*QC*1*CIRULLO*ROSEANN****MI*8E35MT0UP63~NM1*82*1******XX*1164974580~NM1*TT*2*COLORADO DEPT OF HEALTH-MEDICAID*****PI*70037~MOA***MA01*MA07~REF*EA*8682192F7BF942DCA71EA4F221C76FE5~DTM*050*20200722~SVC*HC:G2012*22*9.11**1~DTM*472*20200619~CAS*CO*45*10.61~CAS*PR*2*2.28~REF*LU*02~REF*6R*CPAEUPH7V815~AMT*B6*11.39~LQ*HE*N535~LQ*HE*N782~CLP*000100036672*1*178.3*52.46*13.11*MB*0220204309910*11*1~NM1*QC*1*FISHER*RONNI*J***MI*2YR4YT6HV78~NM1*82*1******XX*1396971230~MOA***MA01~REF*EA*A72C1D7FECB84054A516D36AC02B83C5~DTM*050*20200722~SVC*HC:99213:95*178.3*52.46**1~DTM*472*20200624~CAS*CO*45*112.73~CAS*PR*2*13.11~REF*LU*11~REF*6R*CPAEA2R2O8VC~AMT*B6*65.57~CLP*000100037039*19*178.3*61.71*15.43*MB*0220204309950*11*1~NM1*QC*1*FORTUNE*CATHERINE*M***MI*5D91EH6MW35~NM1*82*1******XX*1447291851~NM1*TT*2*COLORADO DEPT OF HEALTH-MEDICAID*****PI*70037~MOA***MA01*MA07~REF*EA*F2F5086762424016B9DD49BF2D117678~DTM*050*20200722~SVC*HC:99213*178.3*61.71**1~DTM*472*20200701~CAS*CO*45*101.16~CAS*PR*2*15.43~REF*LU*11~REF*6R*CPAE8XW1G3JL~AMT*B6*77.14~CLP*000100037296*19*272.99*76.01*19*MB*0220204309850*11*1~NM1*QC*1*GREEN*DAVID****MI*1GQ2RD0FE04~NM1*82*1******XX*1659521045~NM1*TT*2*COLORADO DEPT OF HEALTH-MEDICAID*****PI*70037~MOA***MA01*MA07~REF*EA*9977928D43D54F4A882C0EEEC36BF10B~DTM*050*20200722~SVC*HC:99214*272.99*76.01**1~DTM*472*20200708~CAS*CO*45*177.98~CAS*PR*2*19~REF*LU*11~REF*6R*CPAEANY4N0G8~AMT*B6*95.01~CLP*000100036506*19*178.3*52.46*13.11*MB*0220204309800*11*1~NM1*QC*1*LATONA*LORI*L***MI*6D37TU7HA42~NM1*82*1******XX*1396971230~NM1*TT*2*AZ MEDICAID-MERCY CARE RBHA*****PI*77122~MOA***MA01*MA07~REF*EA*808D04F35F2E4A5587079C50B5D20B1B~DTM*050*20200722~SVC*HC:99213:95*178.3*52.46**1~DTM*472*20200619~CAS*CO*45*112.73~CAS*PR*2*13.11~REF*LU*11~REF*6R*CPAE16SOP6T1~AMT*B6*65.57~CLP*000100036562*19*272.99*76.01*19*MB*0220204309840*11*1~NM1*QC*1*REYNOLDS*CATHERINE*M***MI*8EV4UE2EV71~NM1*82*1******XX*1659521045~NM1*TT*2*COLORADO DEPT OF HEALTH-MEDICAID*****PI*70037~MOA***MA01*MA07~REF*EA*A3A258E16A554155A615F111036EDE90~DTM*050*20200722~SVC*HC:99214:95*272.99*76.01**1~DTM*472*20200622~CAS*CO*45*177.98~CAS*PR*2*19~REF*LU*11~REF*6R*CPAEWIUN6ORP~AMT*B6*95.01~CLP*000100037434*19*178.3*52.46*13.11*MB*0220204309810*11*1~NM1*QC*1*TAVAREZ*BALBINA*M***MI*2WQ6YP2RW60~NM1*82*1******XX*1659521045~NM1*TT*2*COLORADO DEPT OF HEALTH-MEDICAID*****PI*70037~MOA***MA01*MA07~REF*EA*35ADB216F36E47C68C26AA7BE7C4ED8A~DTM*050*20200722~SVC*HC:99213*178.3*52.46**1~DTM*472*20200713~CAS*CO*45*112.73~CAS*PR*2*13.11~REF*LU*11~REF*6R*CPAEKA9EMGII~AMT*B6*65.57~CLP*000100036179*19*178.3*52.46*13.11*MB*0220204309940*11*1~NM1*QC*1*TURNER*JOSHUA*B***MI*4WX9AW8DT41~NM1*82*1******XX*1164974580~NM1*TT*2*COLORADO DEPT OF HEALTH-MEDICAID*****PI*70037~MOA***MA01*MA07~REF*EA*D9B8C7DBEC8B4D5386EF795B2461CDC6~DTM*050*20200722~SVC*HC:99213:95*178.3*52.46**1~DTM*472*20200612~CAS*CO*45*112.73~CAS*PR*2*13.11~REF*LU*11~REF*6R*CPAE3UEY4FY7~AMT*B6*65.57~CLP*000100036537*19*587.88*183.33*41.14*MB*0220204309820*11*1~NM1*QC*1*VIGIL*AUGUSTINE****MI*3W55R98JQ75~NM1*82*1******XX*1447291851~NM1*TT*2*COLORADO DEPT OF HEALTH-MEDICAID*****PI*70037~MOA***MA01*MA07~REF*EA*CE29BAB8702041F9B65F780FD504B0F8~DTM*050*20200722~SVC*HC:99204:25*450.07*134.96**1~DTM*472*20200622~CAS*CO*45*281.37~CAS*PR*2*33.74~REF*LU*11~REF*6R*CPAEGQV6QFDR~AMT*B6*168.7~LQ*HE*N782~SVC*HC:G0444*30.75*18.75**1~DTM*472*20200622~CAS*CO*45*12~REF*LU*11~REF*6R*CPAE14C6Z0JC~AMT*B6*18.75~SVC*HC:G0396*107.06*29.62**1~DTM*472*20200622~CAS*CO*45*70.04~CAS*PR*2*7.4~REF*LU*11~REF*6R*CPAEU03IFRAG~AMT*B6*37.02~LQ*HE*N782~CLP*000100036619*19*88.54*37.54*9.38*MB*0220204309830*11*1~NM1*QC*1*VIGIL*AUGUSTINE****MI*3W55R98JQ75~NM1*82*1******XX*1447291851~NM1*TT*2*COLORADO DEPT OF HEALTH-MEDICAID*****PI*70037~MOA***MA01*MA07~REF*EA*A1033143FA3249A0A49D670FAD64C2F0~DTM*050*20200722~SVC*HC:99212*88.54*37.54**1~DTM*472*20200623~CAS*CO*45*41.62~CAS*PR*2*9.38~REF*LU*11~REF*6R*CPAERMPGAYQ4~AMT*B6*46.92~LQ*HE*N782~SE*202*000000002~GE*1*144~IEA*1*021700144~