ISA*00*          *00*          *ZZ*04112          *29*E13833         *200826*2359*^*00501*023900153*0*P*:~GS*HP*04112*E13833*20200826*2359*153*X*005010X221A1~ST*835*000000003~BPR*I*1838.12*C*ACH*CCP*01*081517693*DA*152302017586*1205296137**01*102106569*DA*2200002989138*20200827~TRN*1*890668604*1205296137~REF*EV*E13833~DTM*405*20200826~N1*PR*NOVITAS SOLUTIONS, INC.~N3*PO BOX 3109~N4*MECHANICSBURG*PA*170551825~REF*2U*04112~PER*CX**TE*8552528782~PER*BL*NOVITAS SOLUTIONS, INC. EDI SERVICES*TE*8552528782*EX*1*EM*WEBSITEEDI@NOVITAS-SOLUTIONS.COM~N1*PE*SPANISH PEAKS NEW ALTERNATIV*XX*1508250911~N3*ATTN  BILLING*41 MONTEBELLO ROAD STE 116~N4*PUEBLO*CO*810011366~REF*TJ*841158933~LX*1~CLP*000100037339*19*2082.29*1055.09*261.61*MB*0220226304640*11*1~NM1*QC*1*BARNELL*SHANNA****MI*9KW9DE2VG31~NM1*82*1******XX*1396971230~NM1*TT*2*COLORADO DEPT OF HEALTH-MEDICAID*****PI*70037~MOA***MA01*MA07~REF*EA*C6C23F78FA3044079E06B92EA3B50DCD~DTM*050*20200813~SVC*HC:99213:25*178.3*52.46**1~DTM*472*20200709~CAS*CO*45*112.73~CAS*PR*2*13.11~REF*LU*11~REF*6R*CPJ6XDN7L137~AMT*B6*65.57~LQ*HE*N782~SVC*HC:96372*83.99*9.97**1~DTM*472*20200709~CAS*CO*45*71.53~CAS*PR*2*2.49~REF*LU*11~REF*6R*CPJ64DCLKO7W~AMT*B6*12.46~LQ*HE*N782~SVC*HC:J2315*1805*984.05**380~DTM*472*20200709~CAS*CO*45*574.94~CAS*PR*2*246.01~REF*LU*11~REF*6R*CPJ6K6PBAT1L~AMT*B6*1230.06~LQ*HE*N782~SVC*HC:81025*15*8.61**1~DTM*472*20200709~CAS*CO*45*6.39~REF*LU*11~REF*6R*CPJ6WVB4QSOQ~AMT*B6*8.61~CLP*000100038007*19*587.88*183.33*41.14*MB*0220226304620*11*1~NM1*QC*1*JOHNSON*ANN*K***MI*9N89Y88EU12~NM1*82*1******XX*1447291851~NM1*TT*2*COLORADO DEPT OF HEALTH-MEDICAID*****PI*70037~MOA***MA01*MA07~REF*EA*758D4C47881844D8B22438F370581433~DTM*050*20200813~SVC*HC:99204:25*450.07*134.96**1~DTM*472*20200723~CAS*CO*45*281.37~CAS*PR*2*33.74~REF*LU*11~REF*6R*CPJ6S4BUDG7Z~AMT*B6*168.7~SVC*HC:G0444*30.75*18.75**1~DTM*472*20200723~CAS*CO*45*12~REF*LU*11~REF*6R*CPJ6ARZPWVND~AMT*B6*18.75~SVC*HC:G0396*107.06*29.62**1~DTM*472*20200723~CAS*CO*45*70.04~CAS*PR*2*7.4~REF*LU*11~REF*6R*CPJ69TZJ56NX~AMT*B6*37.02~CLP*000100038000*19*193.3*70.32*15.43*MB*0220226304600*11*1~NM1*QC*1*POLZIN*VICTORIA*D***MI*4HH0QD1MV01~NM1*82*1******XX*1447291851~NM1*TT*2*COLORADO DEPT OF HEALTH-MEDICAID*****PI*70037~MOA***MA01*MA07~REF*EA*BA575FEC7A164E708F22CCC63BE15892~DTM*050*20200813~SVC*HC:99213:25*178.3*61.71**1~DTM*472*20200723~CAS*CO*45*101.16~CAS*PR*2*15.43~REF*LU*11~REF*6R*CPJ66X4UHO3C~AMT*B6*77.14~SVC*HC:81025*15*8.61**1~DTM*472*20200723~CAS*CO*45*6.39~REF*LU*11~REF*6R*CPJ6MGN6EOTC~AMT*B6*8.61~CLP*000100037541*19*178.3*61.71*15.43*MB*0220226304610*11*1~NM1*QC*1*POLZIN*VICTORIA*D***MI*4HH0QD1MV01~NM1*82*1******XX*1447291851~NM1*TT*2*COLORADO DEPT OF HEALTH-MEDICAID*****PI*70037~MOA***MA01*MA07~REF*EA*4B46B7D8D4F64329B57523AAB3B612FF~DTM*050*20200813~SVC*HC:99213*178.3*61.71**1~DTM*472*20200714~CAS*CO*45*101.16~CAS*PR*2*15.43~REF*LU*11~REF*6R*CPJ6Q4TK6XQL~AMT*B6*77.14~CLP*000100038012*19*410.8*117.13*25.29*MB*0220226304660*11*1~NM1*QC*1*SOUSIE*KATHLENE*A***MI*3R33C59MP12~NM1*82*1******XX*1659521045~NM1*TT*2*COLORADO DEPT OF HEALTH-MEDICAID*****PI*70037~MOA***MA01*MA07~REF*EA*2063B22BDE184D949BA31A9ACB004C71~DTM*050*20200813~SVC*HC:99214:25*272.99*76.01**1~DTM*472*20200723~CAS*CO*45*177.98~CAS*PR*2*19~REF*LU*11~REF*6R*CPJ6S2FW268F~AMT*B6*95.01~LQ*HE*N782~SVC*HC:G0444*30.75*15.94**1~DTM*472*20200723~CAS*CO*45*14.81~REF*LU*11~REF*6R*CPJ68PYDVUIW~AMT*B6*15.94~SVC*HC:G0396*107.06*25.18**1~DTM*472*20200723~CAS*CO*45*75.59~CAS*PR*2*6.29~REF*LU*11~REF*6R*CPJ635PGZ6PU~AMT*B6*31.47~LQ*HE*N782~CLP*000100037894*1*587.88*155.84*34.97*MB*0220226304650*11*1~NM1*QC*1*VELASQUEZ*JOE*L***MI*4YD4M24XK79~NM1*82*1******XX*1164974580~MOA***MA01~REF*EA*5FF1415D57E94FD3B13D8265ABB636EA~DTM*050*20200813~SVC*HC:99204:25*450.07*114.72**1~DTM*472*20200721~CAS*CO*45*306.67~CAS*PR*2*28.68~REF*LU*11~REF*6R*CPJ6QWCKXBP2~AMT*B6*143.4~LQ*HE*N782~SVC*HC:G0444*30.75*15.94**1~DTM*472*20200721~CAS*CO*45*14.81~REF*LU*11~REF*6R*CPJ6DKHB3YXQ~AMT*B6*15.94~SVC*HC:G0396*107.06*25.18**1~DTM*472*20200721~CAS*CO*45*75.59~CAS*PR*2*6.29~REF*LU*11~REF*6R*CPJ669VMUEKJ~AMT*B6*31.47~LQ*HE*N782~CLP*000100038006*19*511.37*142.24*6.29*MB*0220226304670*11*1~NM1*QC*1*VIGIL*ANDREA*L***MI*8H04P57EH85~NM1*82*1******XX*1659521045~NM1*TT*2*COLORADO DEPT OF HEALTH-MEDICAID*****PI*70037~MOA***MA01*MA07~REF*EA*E120CEE36A55478CBD9FE1C9E5419644~DTM*050*20200813~SVC*HC:G0439*373.56*101.12**1~DTM*472*20200723~CAS*CO*45*272.44~REF*LU*11~REF*6R*CPJ60KEI26CI~AMT*B6*101.12~SVC*HC:G0444*30.75*15.94**1~DTM*472*20200723~CAS*CO*45*14.81~REF*LU*11~REF*6R*CPJ67Z5V39E0~AMT*B6*15.94~SVC*HC:G0396*107.06*25.18**1~DTM*472*20200723~CAS*CO*45*75.59~CAS*PR*2*6.29~REF*LU*11~REF*6R*CPJ67918SH5B~AMT*B6*31.47~LQ*HE*N782~CLP*000100037963*19*178.3*52.46*13.11*MB*0220226304580*11*1~NM1*QC*1*VIGIL*AUGUSTINE****MI*3W55R98JQ75~NM1*82*1******XX*1659521045~NM1*TT*2*COLORADO DEPT OF HEALTH-MEDICAID*****PI*70037~MOA***MA01*MA07~REF*EA*F9B1A8EE639C4302B25A792631566CA8~DTM*050*20200813~SVC*HC:99213*178.3*52.46**1~DTM*472*20200722~CAS*CO*45*112.73~CAS*PR*2*13.11~REF*LU*11~REF*6R*CPJ6FPJSFCK6~AMT*B6*65.57~LQ*HE*N782~SE*214*000000003~GE*1*153~IEA*1*023900153~