ISA*00*          *00*          *ZZ*04112          *29*E13833         *200910*2359*^*00501*025400141*0*P*:~GS*HP*04112*E13833*20200910*2359*141*X*005010X221A1~ST*835*000000002~BPR*I*488.2*C*ACH*CCP*01*081517693*DA*152302017586*1205296137**01*102106569*DA*2200002989138*20200911~TRN*1*890707456*1205296137~REF*EV*E13833~DTM*405*20200910~N1*PR*NOVITAS SOLUTIONS, INC.~N3*PO BOX 3109~N4*MECHANICSBURG*PA*170551825~REF*2U*04112~PER*CX**TE*8552528782~PER*BL*NOVITAS SOLUTIONS, INC. EDI SERVICES*TE*8552528782*EX*1*EM*WEBSITEEDI@NOVITAS-SOLUTIONS.COM~PER*IC**UR*WWW.NOVITAS-SOLUTIONS.COM~N1*PE*SPANISH PEAKS NEW ALTERNATIV*XX*1508250911~N3*ATTN  BILLING*41 MONTEBELLO ROAD STE 116~N4*PUEBLO*CO*810011366~REF*TJ*841158933~LX*1~CLP*000100033015*19*55*8.93*2.28*MB*0220241382280*02*1~NM1*QC*1*ALLEN*JODEEN*G***MI*4T10HH6WC21~NM1*82*1******XX*1659521045~NM1*TT*2*COLORADO DEPT OF HEALTH-MEDICAID*****PI*70037~MOA***MA01*MA07~REF*EA*2BCAFADAEA26400FB1B29C9C01C119A7~DTM*050*20200828~SVC*HC:G2012*55*8.93**1~DTM*472*20200409~CAS*CO*45*43.61**253*0.18~CAS*PR*2*2.28~REF*LU*02~REF*6R*CPK2D7WB9ADN~AMT*B6*11.39~LQ*HE*N535~LQ*HE*N782~CLP*000100039351*19*178.3*52.46*13.11*MB*0220241382370*11*1~NM1*QC*1*COWLING*CHRISTOPH*M***MI*8N65W12YD97~NM1*82*1******XX*1164974580~NM1*TT*2*COLORADO DEPT OF HEALTH-MEDICAID*****PI*70037~MOA***MA01*MA07~REF*EA*F1330B1E8FA94D978FC2E86E37544FFB~DTM*050*20200828~SVC*HC:99213:95*178.3*52.46**1~DTM*472*20200818~CAS*CO*45*112.73~CAS*PR*2*13.11~REF*LU*11~REF*6R*CPK2FT3CBEBU~AMT*B6*65.57~LQ*HE*N782~CLP*000100039366*19*178.3*52.46*13.11*MB*0220241382320*11*1~NM1*QC*1*LANDIS*NORMA*J***MI*7TE3DE2RU17~NM1*82*1******XX*1396971230~NM1*TT*2*CHAMPVA-VA HEALTH ADMIN CTR*****PI*80214~MOA***MA01*MA18~REF*EA*F048D197247D456C8A0E8E752C1E05FF~DTM*050*20200828~SVC*HC:99213*178.3*52.46**1~DTM*472*20200819~CAS*CO*45*112.73~CAS*PR*2*13.11~REF*LU*11~REF*6R*CPK2IE2OB4VP~AMT*B6*65.57~CLP*000100039374*19*178.3*52.46*13.11*MB*0220241382270*11*1~NM1*QC*1*LOPEZ*JOSE****MI*4A42N15AA93~NM1*82*1******XX*1164974580~NM1*TT*2*COLORADO DEPT OF HEALTH-MEDICAID*****PI*70037~MOA***MA01*MA07~REF*EA*258C57C517854721B6F0905E6FCBC527~DTM*050*20200828~SVC*HC:99213:95*178.3*52.46**1~DTM*472*20200819~CAS*CO*45*112.73~CAS*PR*2*13.11~REF*LU*11~REF*6R*CPK2KA2G33UJ~AMT*B6*65.57~LQ*HE*N782~CLP*000100037987*19*137.81*37.04*6.81*MB*0220241382250*02*1~NM1*QC*1*MAJOR*MARION*J***MI*9DH3A30JM84~NM1*82*1******XX*1447291851~NM1*TT*2*COLORADO DEPT OF HEALTH-MEDICAID*****PI*70037~MOA***MA01*MA07~REF*EA*BF5540768B3849158A6FE721B968AC2E~DTM*050*20200828~SVC*HC:G0444*30.75*9.81**1~DTM*472*20200722~CAS*CO*45*20.94~REF*LU*02~REF*6R*CPK2COA324PQ~AMT*B6*9.81~LQ*HE*N535~SVC*HC:G0396*107.06*27.23**1~DTM*472*20200722~CAS*CO*45*73.02~CAS*PR*2*6.81~REF*LU*02~REF*6R*CPK290PP99CM~AMT*B6*34.04~LQ*HE*N535~CLP*000100029946*19*271.81*114.79*25.29*MB*0220241382360*11*1~NM1*QC*1*ROBERTS*WAYNE*Y***MI*9UG8HK3JY33~NM1*82*1******XX*1659521045~NM1*TT*2*WPS - TRICARE FOR LIFE*****PI*60000~MOA***MA01*MA18~REF*EA*8359245E61514A879C7044B5A24DF1F3~DTM*050*20200828~SVC*HC:99214:25*134*74.49**1~DTM*472*20200213~CAS*CO*45*38.99**253*1.52~CAS*PR*2*19~REF*LU*11~REF*6R*CPK2KUB4S09A~AMT*B6*95.01~SVC*HC:G0444*30.75*15.62**1~DTM*472*20200213~CAS*CO*45*14.81**253*0.32~REF*LU*11~REF*6R*CPK2UMD5KNHD~AMT*B6*15.94~SVC*HC:G0396*107.06*24.68**1~DTM*472*20200213~CAS*CO*45*75.59**253*0.5~CAS*PR*2*6.29~REF*LU*11~REF*6R*CPK24DIP2ULO~AMT*B6*31.47~CLP*000100039356*1*327.66*87.98*21.99*MB*0220241382340*11*1~NM1*QC*1*ROBINSON*JASMINE*R***MI*1JR3A35TV08~NM1*82*1******XX*1164974580~MOA***MA01~REF*EA*BAD792471338404EAFA5EBFCE9C6936F~DTM*050*20200828~SVC*HC:99214:25*272.99*76.01**1~DTM*472*20200819~CAS*CO*45*177.98~CAS*PR*2*19~REF*LU*11~REF*6R*CPK2KEKZWJY5~AMT*B6*95.01~LQ*HE*N782~SVC*HC:93000*54.67*11.97**1~DTM*472*20200819~CAS*CO*45*39.71~CAS*PR*2*2.99~REF*LU*11~REF*6R*CPK219FU8GJB~AMT*B6*14.96~LQ*HE*N782~CLP*000100037820*19*137.81*29.62*7.4*MB*0220241382350*11*1~NM1*QC*1*RUDNIK*DOROTHY*L***MI*4TT1VV0YN13~NM1*82*1******XX*1447291851~NM1*TT*2*COLONIAL PENN LIFE INSURANCE CO*****PI*30326~MOA***MA01*MA18~REF*EA*04E12942B7FF4921B07F4AE70C10CE30~DTM*050*20200828~SVC*HC:G0444*30.75*0****1~DTM*472*20200720~CAS*CO*119*30.75~REF*LU*11~REF*6R*CPK2A5DNBF59~REF*0K*210.9~LQ*HE*M25~LQ*HE*N362~SVC*HC:G0396*107.06*29.62**1~DTM*472*20200720~CAS*CO*45*70.04~CAS*PR*2*7.4~REF*LU*11~REF*6R*CPK22MDTBOYR~AMT*B6*37.02~CLP*000100039381*19*178.3*52.46*13.11*MB*0220241382260*11*1~NM1*QC*1*VIGIL*AUGUSTINE****MI*3W55R98JQ75~NM1*82*1******XX*1659521045~NM1*TT*2*COLORADO DEPT OF HEALTH-MEDICAID*****PI*70037~MOA***MA01*MA07~REF*EA*6FBA41A48F3A4CBA97C5BB07FCD32F76~DTM*050*20200828~SVC*HC:99213*178.3*52.46**1~DTM*472*20200819~CAS*CO*45*112.73~CAS*PR*2*13.11~REF*LU*11~REF*6R*CPK28T9Q60EF~AMT*B6*65.57~LQ*HE*N782~SE*186*000000002~GE*1*141~IEA*1*025400141~