ISA*00*          *00*          *ZZ*04112          *29*E13833         *200917*2359*^*00501*026100148*0*P*:~GS*HP*04112*E13833*20200917*2359*148*X*005010X221A1~ST*835*000000003~BPR*I*254.75*C*ACH*CCP*01*081517693*DA*152302017586*1205296137**01*102106569*DA*2200002989138*20200918~TRN*1*890726749*1205296137~REF*EV*E13833~DTM*405*20200917~N1*PR*NOVITAS SOLUTIONS, INC.~N3*PO BOX 3109~N4*MECHANICSBURG*PA*170551825~REF*2U*04112~PER*CX**TE*8552528782~PER*BL*NOVITAS SOLUTIONS, INC. EDI SERVICES*TE*8552528782*EX*1*EM*WEBSITEEDI@NOVITAS-SOLUTIONS.COM~N1*PE*SPANISH PEAKS NEW ALTERNATIV*XX*1508250911~N3*ATTN  BILLING*41 MONTEBELLO ROAD STE 116~N4*PUEBLO*CO*810011366~REF*TJ*841158933~LX*1~CLP*000100039533*19*272.99*76.01*19*MB*0220248001220*11*1~NM1*QC*1*BURTIS*SANDRA*L***MI*8FX6QY4MD59~NM1*82*1******XX*1164974580~NM1*TT*2*ANTHEM CO*****PI*00561~MOA***MA01*MA18~REF*EA*518E2A7651A745ED9A4FD68B112C27F8~DTM*050*20200904~SVC*HC:99214*272.99*76.01**1~DTM*472*20200821~CAS*CO*45*177.98~CAS*PR*2*19~REF*LU*11~REF*6R*CPS6CIYVZKM1~AMT*B6*95.01~CLP*000100039626*19*178.3*52.46*13.11*MB*0220248001080*11*1~NM1*QC*1*DEWEY*THERESE*R***MI*8HN1AG0YR21~NM1*82*1******XX*1164974580~NM1*TT*2*UNITEDHEALTH GROUP*****PI*30002~MOA***MA01*MA18~REF*EA*DA4369D588BE4856AB86498C752ACDBD~DTM*050*20200904~SVC*HC:99213*178.3*52.46**1~DTM*472*20200825~CAS*CO*45*112.73~CAS*PR*2*13.11~REF*LU*11~REF*6R*CPS6IZS0E2NK~AMT*B6*65.57~CLP*000100033428*19*192.81*39.78*8.07*MB*0220248001120*02*1~NM1*QC*1*GREEN*DAVID****MI*1GQ2RD0FE04~NM1*82*1******XX*1659521045~NM1*TT*2*COLORADO DEPT OF HEALTH-MEDICAID*****PI*70037~MOA***MA01*MA07~REF*EA*00C0FD9F2D9249F7A7C11BD3459B40CE~DTM*050*20200904~SVC*HC:G2012*55*8.93**1~DTM*472*20200420~CAS*CO*45*43.61**253*0.18~CAS*PR*2*2.28~REF*LU*02~REF*6R*CPS6GZEP378L~AMT*B6*11.39~LQ*HE*N535~SVC*HC:G0444*30.75*8.17**1~DTM*472*20200420~CAS*CO*45*22.41**253*0.17~REF*LU*02~REF*6R*CPS6JAM71L58~AMT*B6*8.34~LQ*HE*N535~SVC*HC:G0396*107.06*22.68**1~DTM*472*20200420~CAS*CO*45*78.13**253*0.46~CAS*PR*2*5.79~REF*LU*02~REF*6R*CPS60NGDP6VR~AMT*B6*28.93~LQ*HE*N535~CLP*000100039506*19*178.3*52.46*13.11*MB*0220248001100*11*1~NM1*QC*1*HAYES*WILBUR*L***MI*5RH6QN3GE58~NM1*82*1******XX*1396971230~NM1*TT*2*UNITEDHEALTH GROUP*****PI*30002~MOA***MA01*MA18~REF*EA*1E41231E55ED4027998905312D6924F7~DTM*050*20200904~SVC*HC:99213*178.3*52.46**1~DTM*472*20200821~CAS*CO*45*112.73~CAS*PR*2*13.11~REF*LU*11~REF*6R*CPS65OL4AND1~AMT*B6*65.57~CLP*000100039489*19*178.3*35.72*8.93*MB*0220248001200*02*1~NM1*QC*1*JOHNSON*GEORGE*W***MI*9TX8RP9RD58~NM1*82*1******XX*1659521045~NM1*TT*2*COLORADO DEPT OF HEALTH-MEDICAID*****PI*70037~MOA***MA01*MA07~REF*EA*D014FB07EC8E489D9ABFF13E7AACC15B~DTM*050*20200904~SVC*HC:99213*178.3*35.72**1~DTM*472*20200820~CAS*CO*45*133.65~CAS*PR*2*8.93~REF*LU*02~REF*6R*CPS612QF8W9J~AMT*B6*44.65~LQ*HE*N535~CLP*000100039517*1*178.3*52.46*13.11*MB*0220248001240*11*1~NM1*QC*1*ROBINSON*JASMINE*R***MI*1JR3A35TV08~NM1*82*1******XX*1396971230~MOA***MA01~REF*EA*247E0F810AEE437CBAFEF191D1B0CCAF~DTM*050*20200904~SVC*HC:99213*178.3*52.46**1~DTM*472*20200821~CAS*CO*45*112.73~CAS*PR*2*13.11~REF*LU*11~REF*6R*CPS60G0PBK76~AMT*B6*65.57~LQ*HE*N782~CLP*000100039540*19*272.99*76.01*19*MB*0220248001180*11*1~NM1*QC*1*ZARATE*JOHN****MI*5XR3EQ4QH90~NM1*82*1******XX*1164974580~NM1*TT*2*COLORADO DEPT OF HEALTH-MEDICAID*****PI*70037~MOA***MA01*MA07~REF*EA*BD8F10A7305844CC98723E496EA39E95~DTM*050*20200904~SVC*HC:99214*272.99*76.01**1~DTM*472*20200821~CAS*CO*45*177.98~CAS*PR*2*19~REF*LU*11~REF*6R*CPS65XIKNBO2~AMT*B6*95.01~PLB*1508250911*20201231*WO:918320204040010    000100033717*26.29*WO:918320204040030    000100032868*26.29*WO:918320204040060    000100033666*45.3*WO:918320204040080    000100032598*32.27~SE*133*000000003~GE*1*148~IEA*1*026100148~