ISA*00*          *00*          *ZZ*04112          *29*E13833         *200930*2359*^*00501*027400140*0*P*:~GS*HP*04112*E13833*20200930*2359*140*X*005010X221A1~ST*835*000000002~BPR*I*1673.93*C*ACH*CCP*01*081517693*DA*152302017586*1205296137**01*102106569*DA*2200002989138*20201001~TRN*1*890759291*1205296137~REF*EV*E13833~DTM*405*20200930~N1*PR*NOVITAS SOLUTIONS, INC.~N3*PO BOX 3109~N4*MECHANICSBURG*PA*170551825~REF*2U*04112~PER*CX**TE*8552528782~PER*BL*NOVITAS SOLUTIONS, INC. EDI SERVICES*TE*8552528782*EX*1*EM*WEBSITEEDI@NOVITAS-SOLUTIONS.COM~N1*PE*SPANISH PEAKS NEW ALTERNATIV*XX*1508250911~N3*ATTN  BILLING*41 MONTEBELLO ROAD STE 116~N4*PUEBLO*CO*810011366~REF*TJ*841158933~LX*1~CLP*000100040087*19*88.54*37.54*9.38*MB*0220261300510*11*1~NM1*QC*1*CAMP*KAREN*N***MI*6MT2U56KQ95~NM1*82*1******XX*1447291851~NM1*TT*2*BCBS OF KANSAS*****PI*30062~MOA***MA01*MA18~REF*EA*B931BDEB9E6A40BB8D0D17F755385181~DTM*050*20200917~SVC*HC:99212*88.54*37.54**1~DTM*472*20200902~CAS*CO*45*41.62~CAS*PR*2*9.38~REF*LU*11~REF*6R*CPTA87XPFJBH~AMT*B6*46.92~CLP*000100039678*19*327.66*87.98*21.99*MB*0220261300490*11*1~NM1*QC*1*FENWICK*SUSAN*A***MI*2R81VF1PJ24~NM1*82*1******XX*1164974580~NM1*TT*2*COLORADO DEPT OF HEALTH-MEDICAID*****PI*70037~MOA***MA01*MA07~REF*EA*93D6516BB9E34D4EAA344A6CC5B9C4E3~DTM*050*20200917~SVC*HC:99214:25*272.99*76.01**1~DTM*472*20200825~CAS*CO*45*177.98~CAS*PR*2*19~REF*LU*11~REF*6R*CPTA6N6RDD68~AMT*B6*95.01~LQ*HE*N782~SVC*HC:93000*54.67*11.97**1~DTM*472*20200825~CAS*CO*45*39.71~CAS*PR*2*2.99~REF*LU*11~REF*6R*CPTAIY8LIWQD~AMT*B6*14.96~LQ*HE*N782~CLP*000100040144*1*88.54*21.13*5.28*MB*0220261300290*02*1~NM1*QC*1*MANNON*ANGELA*T***MI*2VP3RQ2MJ77~NM1*82*1******XX*1447291851~MOA***MA01~REF*EA*46EA873596FE49229066EBAEA34111AD~DTM*050*20200917~SVC*HC:99212*88.54*21.13**1~DTM*472*20200903~CAS*CO*45*62.13~CAS*PR*2*5.28~REF*LU*02~REF*6R*CPTACY9GTM4T~AMT*B6*26.41~LQ*HE*N535~CLP*000100039813*19*327.66*103.5*25.88*MB*0220261300310*11*1~NM1*QC*1*MARTINEZ*DAVID*J***MI*5AW6GX3PM74~NM1*82*1******XX*1447291851~NM1*TT*2*COLORADO DEPT OF HEALTH-MEDICAID*****PI*70037~MOA***MA01*MA07~REF*EA*EF1F6F66ED8D45F285479B931712CBAD~DTM*050*20200917~SVC*HC:99214:25*272.99*89.42**1~DTM*472*20200827~CAS*CO*45*161.21~CAS*PR*2*22.36~REF*LU*11~REF*6R*CPTA1K2SJ3EG~AMT*B6*111.78~SVC*HC:93000*54.67*14.08**1~DTM*472*20200827~CAS*CO*45*37.07~CAS*PR*2*3.52~REF*LU*11~REF*6R*CPTAD5XK46B5~AMT*B6*17.6~CLP*000100040197*19*272.99*76.01*19*MB*0220261300250*11*1~NM1*QC*1*MARTINEZ*PAULINE*M***MI*5N02T67XX27~NM1*82*1******XX*1164974580~NM1*TT*2*COLORADO DEPT OF HEALTH-MEDICAID*****PI*70037~MOA***MA01*MA07~REF*EA*A358583064AF462C912EECCFCB8B151D~DTM*050*20200917~SVC*HC:99214*272.99*76.01**1~DTM*472*20200908~CAS*CO*45*177.98~CAS*PR*2*19~REF*LU*11~REF*6R*CPTALWAC56VB~AMT*B6*95.01~CLP*000100039960*1*178.3*52.46*13.11*MB*0220261300140*11*1~NM1*QC*1*MATTHEWS*VALERIE****MI*1UR4YH0JA82~NM1*82*1******XX*1164974580~MOA***MA01~REF*EA*881E8B314DEF428EBD34F0A33BCA1C31~DTM*050*20200917~SVC*HC:99213*178.3*52.46**1~DTM*472*20200901~CAS*CO*45*112.73~CAS*PR*2*13.11~REF*LU*11~REF*6R*CPTA4DTTIFJ0~AMT*B6*65.57~CLP*000100040201*19*272.99*76.01*19*MB*0220261300360*11*1~NM1*QC*1*MATTSON*BERNANDET****MI*8YY4QH8HN88~NM1*82*1******XX*1164974580~NM1*TT*2*ANTHEM CO*****PI*00561~MOA***MA01*MA18~REF*EA*AD57C1C18F254611B2778CC919285424~DTM*050*20200917~SVC*HC:99214*272.99*76.01**1~DTM*472*20200908~CAS*CO*45*177.98~CAS*PR*2*19~REF*LU*11~REF*6R*CPTA4GVRZGUA~AMT*B6*95.01~CLP*000100039820*19*566.04*181.41*10.92*MB*0220261300230*11*1~NM1*QC*1*RAMIREZ*PABLO*C***MI*8DA7UT0FQ41~NM1*82*1******XX*1447291851~NM1*TT*2*PHYSICIANS MUTUAL INS.CO*****PI*30075~MOA***MA01*MA18~REF*EA*36178D91415D42C580CCF6E8963EC8D5~DTM*050*20200917~SVC*HC:G0439:25*373.56*118.96**1~DTM*472*20200827~CAS*CO*45*254.6~REF*LU*11~REF*6R*CPTAR41MM54N~AMT*B6*118.96~SVC*HC:G0444*30.75*18.75**1~DTM*472*20200827~CAS*CO*45*12~REF*LU*11~REF*6R*CPTAL0DZN7ZU~AMT*B6*18.75~SVC*HC:G0396*107.06*29.62**1~DTM*472*20200827~CAS*CO*45*70.04~CAS*PR*2*7.4~REF*LU*11~REF*6R*CPTAF7K8I8B3~AMT*B6*37.02~SVC*HC:93000*54.67*14.08**1~DTM*472*20200827~CAS*CO*45*37.07~CAS*PR*2*3.52~REF*LU*11~REF*6R*CPTAUVNUJ5CD~AMT*B6*17.6~CLP*000100040013*1*178.3*52.46*13.11*MB*0220261300330*11*1~NM1*QC*1*ROBINSON*JASMINE*R***MI*1JR3A35TV08~NM1*82*1******XX*1164974580~MOA***MA01~REF*EA*41935872524A4B6FBEFC13972CDC7059~DTM*050*20200917~SVC*HC:99213*178.3*52.46**1~DTM*472*20200902~CAS*CO*45*112.73~CAS*PR*2*13.11~REF*LU*11~REF*6R*CPTA1DKWXRZN~AMT*B6*65.57~LQ*HE*N782~CLP*000100029793*19*315*214.41*50*MB*0220261300120*11*1~NM1*QC*1*SINTAS*MARY*F***MI*3F05TN1GG64~NM1*82*1******XX*1447291851~NM1*TT*2*COLORADO DEPT OF HEALTH-MEDICAID*****PI*70037~MOA***MA01*MA07~REF*EA*1CC1648C73154FC38D3D94FB48D47974~DTM*050*20200917~SVC*HC:99205:25*255*167.01**1~DTM*472*20200212~CAS*CO*45*41.98**253*3.41~CAS*PR*2*42.6~REF*LU*11~REF*6R*CPTA1KYB1YTZ~AMT*B6*213.02~SVC*HC:G0444*20*18.37**1~DTM*472*20200212~CAS*CO*45*1.25**253*0.38~REF*LU*11~REF*6R*CPTA3EZAML0V~AMT*B6*18.75~SVC*HC:G0396*40*29.03**1~DTM*472*20200212~CAS*CO*45*2.98**253*0.59~CAS*PR*2*7.4~REF*LU*11~REF*6R*CPTAFS3BGKCW~AMT*B6*37.02~CLP*000100039973*19*587.88*155.84*34.97*MB*0220261300100*11*1~NM1*QC*1*ST JOHN*RICHARD*W***MI*9M17RJ1GQ62~NM1*82*1******XX*1164974580~NM1*TT*2*LOYAL AMERICAN LIFE INSURANCE CO*****PI*30054~MOA***MA01*MA18~REF*EA*36709098D2FE40FAA24938FD3DF08F2B~DTM*050*20200917~SVC*HC:99204:25*450.07*114.72**1~DTM*472*20200901~CAS*CO*45*306.67~CAS*PR*2*28.68~REF*LU*11~REF*6R*CPTAMOGFJHWT~AMT*B6*143.4~SVC*HC:G0444*30.75*15.94**1~DTM*472*20200901~CAS*CO*45*14.81~REF*LU*11~REF*6R*CPTAJ99PXEXN~AMT*B6*15.94~SVC*HC:G0396*107.06*25.18**1~DTM*472*20200901~CAS*CO*45*75.59~CAS*PR*2*6.29~REF*LU*11~REF*6R*CPTAZL56O8HA~AMT*B6*31.47~CLP*000100040035*19*602.88*164.45*34.97*MB*0220261300210*11*1~NM1*QC*1*TRUJILLO*STEPHANIE*J***MI*4FV2X51TK83~NM1*82*1******XX*1396971230~NM1*TT*2*COLORADO DEPT OF HEALTH-MEDICAID*****PI*70037~MOA***MA01*MA07~REF*EA*2A3D67288DD1453A99F76883E7E6E422~DTM*050*20200917~SVC*HC:99204:25*450.07*114.72**1~DTM*472*20200902~CAS*CO*45*306.67~CAS*PR*2*28.68~REF*LU*11~REF*6R*CPTAW7Y8ON4V~AMT*B6*143.4~SVC*HC:G0444*30.75*15.94**1~DTM*472*20200902~CAS*CO*45*14.81~REF*LU*11~REF*6R*CPTAR8SA484W~AMT*B6*15.94~SVC*HC:G0396*107.06*25.18**1~DTM*472*20200902~CAS*CO*45*75.59~CAS*PR*2*6.29~REF*LU*11~REF*6R*CPTAG3EZI6MO~AMT*B6*31.47~SVC*HC:81025*15*8.61**1~DTM*472*20200902~CAS*CO*45*6.39~REF*LU*11~REF*6R*CPTAM0HXXBGA~AMT*B6*8.61~CLP*000100034413*19*55*9.11*2.28*MB*0220261300470*02*1~NM1*QC*1*VIGIL*ANDREA*L***MI*8H04P57EH85~NM1*82*1******XX*1659521045~NM1*TT*2*COLORADO DEPT OF HEALTH-MEDICAID*****PI*70037~MOA***MA01*MA07~REF*EA*85D293C2D09B4978AA3487FC55B3E7DD~DTM*050*20200917~SVC*HC:G2012*55*9.11**1~DTM*472*20200507~CAS*CO*45*43.61~CAS*PR*2*2.28~REF*LU*02~REF*6R*CPTACLJ56U7Y~AMT*B6*11.39~LQ*HE*N535~LQ*HE*N782~CLP*000100039928*19*178.3*61.71*15.43*MB*0220261300070*11*1~NM1*QC*1*VIGIL*AUGUSTINE****MI*3W55R98JQ75~NM1*82*1******XX*1447291851~NM1*TT*2*COLORADO DEPT OF HEALTH-MEDICAID*****PI*70037~MOA***MA01*MA07~REF*EA*D02E104209714A5BAB2C97FB319EEB05~DTM*050*20200917~SVC*HC:99213*178.3*61.71**1~DTM*472*20200901~CAS*CO*45*101.16~CAS*PR*2*15.43~REF*LU*11~REF*6R*CPTAJ3OAFZC5~AMT*B6*77.14~LQ*HE*N782~CLP*000100040048*19*178.3*52.46*13.11*MB*0220261300160*11*1~NM1*QC*1*WAGNER*DOROTHY*J***MI*1WH4X03VA65~NM1*82*1******XX*1164974580~NM1*TT*2*COLORADO DEPT OF HEALTH-MEDICAID*****PI*70037~MOA***MA01*MA07~REF*EA*54524F3C7A5442BCB356C454AFBB0AB8~DTM*050*20200917~SVC*HC:99213*178.3*52.46**1~DTM*472*20200902~CAS*CO*45*112.73~CAS*PR*2*13.11~REF*LU*11~REF*6R*CPTAPWHN1CES~AMT*B6*65.57~LQ*HE*N782~CLP*000100040322*19*178.3*52.46*13.11*MB*0220261300180*11*1~NM1*QC*1*WAGNER*DOROTHY*J***MI*1WH4X03VA65~NM1*82*1******XX*1164974580~NM1*TT*2*COLORADO DEPT OF HEALTH-MEDICAID*****PI*70037~MOA***MA01*MA07~REF*EA*C8E3DC03E04C4DC29FF16961D9FA7512~DTM*050*20200917~SVC*HC:99213*178.3*52.46**1~DTM*472*20200909~CAS*CO*45*112.73~CAS*PR*2*13.11~REF*LU*11~REF*6R*CPTARALUB25V~AMT*B6*65.57~LQ*HE*N782~CLP*000100039995*19*604.98*198.98*41.14*MB*0220261300440*11*1~NM1*QC*1*WOOD*JEREMY*K***MI*2VA7UE5RQ61~NM1*82*1******XX*1467985713~NM1*TT*2*COLORADO DEPT OF HEALTH-MEDICAID*****PI*70037~MOA***MA01*MA07~REF*EA*0907CEE3645B453C98ECEA025E83DBCF~DTM*050*20200917~SVC*HC:99204:25*450.07*134.96**1~DTM*472*20200901~CAS*CO*45*281.37~CAS*PR*2*33.74~REF*LU*11~REF*6R*CPTA9T6L6T9I~AMT*B6*168.7~LQ*HE*N782~SVC*HC:99406*17.1*15.65**1~DTM*472*20200901~CAS*CO*45*1.45~REF*LU*11~REF*6R*CPTAF5M01W12~AMT*B6*15.65~SVC*HC:G0444*30.75*18.75**1~DTM*472*20200901~CAS*CO*45*12~REF*LU*11~REF*6R*CPTAUZH72D9G~AMT*B6*18.75~SVC*HC:G0396*107.06*29.62**1~DTM*472*20200901~CAS*CO*45*70.04~CAS*PR*2*7.4~REF*LU*11~REF*6R*CPTA7CCFKAS3~AMT*B6*37.02~LQ*HE*N782~CLP*000100039925*1*272.99*76.01*19*MB*0220261300410*11*1~NM1*QC*1*YANG*CHARLEEN****MI*8P45NU4PK91~NM1*82*1******XX*1164974580~MOA***MA01~REF*EA*4C3274E897634ACF9744EA5876631052~DTM*050*20200917~SVC*HC:99214*272.99*76.01**1~DTM*472*20200901~CAS*CO*45*177.98~CAS*PR*2*19~REF*LU*11~REF*6R*CPTAE17CWPD8~AMT*B6*95.01~CLP*000100033015*22*-178.3*-51.41**MB*0220240316050*11*1~NM1*QC*1*ALLEN*JODEEN*G***MI*4T10HH6WC21~NM1*82*1******XX*1659521045~MOA***MA01*MA07~REF*EA*DF52E8DBF9B144B98FB4B665C3A9CBDC~DTM*050*20200827~SVC*HC:99213*-178.3*-51.41**1~DTM*472*20200409~CAS*CO*45*-112.73**253*-1.05~CAS*PR*2*-13.11~REF*LU*11~REF*6R*CPKAY5KQ481M~AMT*B6*-65.57~LQ*HE*N782~CLP*000100033015*1*178.3*0**MB*8320266253140*11*1~NM1*QC*1*ALLEN*JODEEN*G***MI*4T10HH6WC21~NM1*82*1******XX*1659521045~MOA***MA01*MA67~REF*EA*DF52E8DBF9B144B98FB4B665C3A9CBDC~REF*F8*910220240316050~DTM*050*20200922~SVC*HC:99213*178.3*0****1~DTM*472*20200409~CAS*CO*16*178.3~REF*LU*11~REF*6R*CPKAY5KQ481M~PLB*1508250911*20201231*FB:8320266253140      000100033015*-51.41~SE*400*000000002~GE*1*140~IEA*1*027400140~