ISA*00*          *00*          *ZZ*04112          *29*E13833         *200924*2359*^*00501*026800133*0*P*:~GS*HP*04112*E13833*20200924*2359*133*X*005010X221A1~ST*835*000000001~BPR*I*1001.97*C*ACH*CCP*01*081517693*DA*152302017586*1205296137**01*102106569*DA*2200002989138*20200925~TRN*1*890743099*1205296137~REF*EV*E13833~DTM*405*20200924~N1*PR*NOVITAS SOLUTIONS, INC.~N3*PO BOX 3109~N4*MECHANICSBURG*PA*170551825~REF*2U*04112~PER*CX**TE*8552528782~PER*BL*NOVITAS SOLUTIONS, INC. EDI SERVICES*TE*8552528782*EX*1*EM*WEBSITEEDI@NOVITAS-SOLUTIONS.COM~N1*PE*SPANISH PEAKS NEW ALTERNATIV*XX*1508250911~N3*ATTN  BILLING*41 MONTEBELLO ROAD STE 116~N4*PUEBLO*CO*810011366~REF*TJ*841158933~LX*1~CLP*000100039447*19*272.99*76.01*19*MB*0220255366590*11*1~NM1*QC*1*CANNON*RICHARD****MI*1CR9DG5JV00~NM1*82*1******XX*1659521045~NM1*TT*2*COLORADO DEPT OF HEALTH-MEDICAID*****PI*70037~MOA***MA01*MA07~REF*EA*C67192AEC0404381BE1468449BC8AB72~DTM*050*20200911~SVC*HC:99214*272.99*76.01**1~DTM*472*20200820~CAS*CO*45*177.98~CAS*PR*2*19~REF*LU*11~REF*6R*CPTM25J3EXM3~AMT*B6*95.01~LQ*HE*N782~CLP*000100039598*1*327.66*87.98*21.99*MB*0220255366630*11*1~NM1*QC*1*COOK*DAVID*T***MI*6ED1FE4MH27~NM1*82*1******XX*1164974580~MOA***MA01~REF*EA*FFCE522C79594825A59918996FDAC69B~DTM*050*20200911~SVC*HC:99214:25*272.99*76.01**1~DTM*472*20200825~CAS*CO*45*177.98~CAS*PR*2*19~REF*LU*11~REF*6R*CPTMGYVCXLQ4~AMT*B6*95.01~LQ*HE*N782~SVC*HC:93000*54.67*11.97**1~DTM*472*20200825~CAS*CO*45*39.71~CAS*PR*2*2.99~REF*LU*11~REF*6R*CPTMAJGC0APJ~AMT*B6*14.96~LQ*HE*N782~CLP*000100039712*19*316.11*93.58*19.4*MB*0220255366620*11*1~NM1*QC*1*GARCIA*PAMELA*D***MI*9KC9FG5NU35~NM1*82*1******XX*1164974580~NM1*TT*2*COLORADO DEPT OF HEALTH-MEDICAID*****PI*70037~MOA***MA01*MA07~REF*EA*DE7F9AEA2CE041A5B2A885EC7CA46A0F~DTM*050*20200911~SVC*HC:99213:25*178.3*52.46**1~DTM*472*20200826~CAS*CO*45*112.73~CAS*PR*2*13.11~REF*LU*11~REF*6R*CPTMQUSOKQTU~AMT*B6*65.57~SVC*HC:G0444*30.75*15.94**1~DTM*472*20200826~CAS*CO*45*14.81~REF*LU*11~REF*6R*CPTMLH5FS9IP~AMT*B6*15.94~SVC*HC:G0396*107.06*25.18**1~DTM*472*20200826~CAS*CO*45*75.59~CAS*PR*2*6.29~REF*LU*11~REF*6R*CPTMHABJ6J77~AMT*B6*31.47~CLP*000100039824*19*178.3*52.46*13.11*MB*0220255366530*11*1~NM1*QC*1*HAYES*WILBUR*L***MI*5RH6QN3GE58~NM1*82*1******XX*1396971230~NM1*TT*2*UNITEDHEALTH GROUP*****PI*30002~MOA***MA01*MA18~REF*EA*C60D335D66824623B613D965C1A6CAD6~DTM*050*20200911~SVC*HC:99213*178.3*52.46**1~DTM*472*20200828~CAS*CO*45*112.73~CAS*PR*2*13.11~REF*LU*11~REF*6R*CPTMHL8V9PWC~AMT*B6*65.57~CLP*000100039666*19*404.65*116.38*25.1*MB*0220255366610*11*1~NM1*QC*1*HILBURN*AMANDA*M***MI*4TD6A85GX89~NM1*82*1******XX*1164974580~NM1*TT*2*COLORADO DEPT OF HEALTH-MEDICAID*****PI*70037~MOA***MA01*MA07~REF*EA*A973951B30DB4D1B9903BB44C42D1002~DTM*050*20200911~SVC*HC:99203:25*266.84*75.26**1~DTM*472*20200825~CAS*CO*45*172.77~CAS*PR*2*18.81~REF*LU*11~REF*6R*CPTMHLRJ5K08~AMT*B6*94.07~SVC*HC:G0444*30.75*15.94**1~DTM*472*20200825~CAS*CO*45*14.81~REF*LU*11~REF*6R*CPTMT926PJEA~AMT*B6*15.94~SVC*HC:G0396*107.06*25.18**1~DTM*472*20200825~CAS*CO*45*75.59~CAS*PR*2*6.29~REF*LU*11~REF*6R*CPTM1NORQABN~AMT*B6*31.47~CLP*000100039688*19*272.99*76.01*19*MB*0220255366520*11*1~NM1*QC*1*LATONA*LORI*L***MI*6D37TU7HA42~NM1*82*1******XX*1164974580~NM1*TT*2*AZ MEDICAID-MERCY CARE RBHA*****PI*77122~MOA***MA01*MA07~REF*EA*2B701574B70B45BBAA34FAEDAFE5F58C~DTM*050*20200911~SVC*HC:99214*272.99*76.01**1~DTM*472*20200825~CAS*CO*45*177.98~CAS*PR*2*19~REF*LU*11~REF*6R*CPTM59UPG0EO~AMT*B6*95.01~CLP*000100037168*19*178.3*62.75*15.43*MB*0220255366510*11*1~NM1*QC*1*MARRONE*JOHN*H***MI*6QM7UN9QU53~NM1*82*1******XX*1538435698~NM1*TT*2*COLORADO DEPT OF HEALTH-MEDICAID*****PI*70037~MOA***MA01*MA07~REF*EA*FC619E1917A64B69B945C5D2DB06BFC5~DTM*050*20200911~SVC*HC:99213*178.3*62.75**1~DTM*472*20200707~CAS*CO*45*101.16**144*-1.04~CAS*PR*2*15.43~REF*LU*11~REF*6R*CPTMCVJR1TM4~AMT*B6*77.14~LQ*HE*N807~LQ*HE*N782~CLP*000100039701*19*566.04*137.71*54.62*MB*0220255366640*11*1~NM1*QC*1*MATTISON*BARBARA*J***MI*2UF3YA9JC83~NM1*82*1******XX*1447291851~NM1*TT*2*ANTHEM CO*****PI*00561~MOA***MA01*MA18~REF*EA*8B41D3D183BF4CD48968DBA5084C83EC~DTM*050*20200911~SVC*HC:G0439:25*373.56*118.96**1~DTM*472*20200826~CAS*CO*45*254.6~REF*LU*11~REF*6R*CPTM3OSMBNF6~AMT*B6*118.96~SVC*HC:93000*54.67*0**1~DTM*472*20200826~CAS*CO*45*37.07~CAS*PR*1*17.6~REF*LU*11~REF*6R*CPTM0KAHD68F~AMT*B6*17.6~SVC*HC:G0444*30.75*18.75**1~DTM*472*20200826~CAS*CO*45*12~REF*LU*11~REF*6R*CPTMX3YMUUVP~AMT*B6*18.75~SVC*HC:G0396*107.06*0**1~DTM*472*20200826~CAS*CO*45*70.04~CAS*PR*1*37.02~REF*LU*11~REF*6R*CPTMTH3CHDC4~AMT*B6*37.02~CLP*000100039710*19*316.11*110.08*22.83*MB*0220255366580*11*1~NM1*QC*1*MONTEZ*QUINO*D***MI*4HE6N38AV40~NM1*82*1******XX*1447291851~NM1*TT*2*UNITEDHEALTH GROUP*****PI*30002~MOA***MA01*MA18~REF*EA*471A6959DAC64CD7B5601AF58FEB337A~DTM*050*20200911~SVC*HC:99213:25*178.3*61.71**1~DTM*472*20200826~CAS*CO*45*101.16~CAS*PR*2*15.43~REF*LU*11~REF*6R*CPTMCFBTVFW6~AMT*B6*77.14~SVC*HC:G0444*30.75*18.75**1~DTM*472*20200826~CAS*CO*45*12~REF*LU*11~REF*6R*CPTMB5IAGXMF~AMT*B6*18.75~SVC*HC:G0396*107.06*29.62**1~DTM*472*20200826~CAS*CO*45*70.04~CAS*PR*2*7.4~REF*LU*11~REF*6R*CPTMY5QH7Y6P~AMT*B6*37.02~CLP*000100039707*1*178.3*52.46*13.11*MB*0220255366600*11*1~NM1*QC*1*ROBINSON*JASMINE*R***MI*1JR3A35TV08~NM1*82*1******XX*1164974580~MOA***MA01~REF*EA*F3B33AE154B240ECA332E1ADE8E052FE~DTM*050*20200911~SVC*HC:99213*178.3*52.46**1~DTM*472*20200826~CAS*CO*45*112.73~CAS*PR*2*13.11~REF*LU*11~REF*6R*CPTM0GPGRKHX~AMT*B6*65.57~LQ*HE*N782~CLP*000100039816*19*137.81*48.37*7.4*MB*0220255366540*11*1~NM1*QC*1*TOMINELLO*DONALD*A***MI*7RM7WM7ME61~NM1*82*1******XX*1447291851~NM1*TT*2*COLORADO DEPT OF HEALTH-MEDICAID*****PI*70037~MOA***MA01*MA07*MA15~REF*EA*B98BEC4F50C249B7AADA1825D22C812C~DTM*050*20200911~SVC*HC:G0444*30.75*18.75**1~DTM*472*20200827~CAS*CO*45*12~REF*LU*11~REF*6R*CPTMJOJJE56C~AMT*B6*18.75~SVC*HC:G0396*107.06*29.62**1~DTM*472*20200827~CAS*CO*45*70.04~CAS*PR*2*7.4~REF*LU*11~REF*6R*CPTMNCM1F1K6~AMT*B6*37.02~LQ*HE*N782~CLP*000100039845*19*178.3*52.46*13.11*MB*0220255366550*11*1~NM1*QC*1*TREVINO CRUZ*ELVA*A***MI*9FK7DX0QT51~NM1*82*1******XX*1164974580~NM1*TT*2*COLORADO DEPT OF HEALTH-MEDICAID*****PI*70037~MOA***MA01*MA07~REF*EA*3259185995DD47BBB33C204BD41A31F9~DTM*050*20200911~SVC*HC:99213*178.3*52.46**1~DTM*472*20200828~CAS*CO*45*112.73~CAS*PR*2*13.11~REF*LU*11~REF*6R*CPTMPL8DWVNE~AMT*B6*65.57~LQ*HE*N782~CLP*000100039752*19*178.3*35.72*8.93*MB*0220255366560*02*1~NM1*QC*1*WILLIS*RALPH*E***MI*5V77QE0QE59~NM1*82*1******XX*1164974580~NM1*TT*2*COLORADO DEPT OF HEALTH-MEDICAID*****PI*70037~MOA***MA01*MA07~REF*EA*B8E2DC5203BB41B2A2C12D2B112BC454~DTM*050*20200911~SVC*HC:99213*178.3*35.72**1~DTM*472*20200826~CAS*CO*45*133.65~CAS*PR*2*8.93~REF*LU*02~REF*6R*CPTMDNI7BNZJ~AMT*B6*44.65~LQ*HE*N535~LQ*HE*N782~SE*278*000000001~GE*1*133~IEA*1*026800133~