ISA*00*          *00*          *ZZ*04112          *29*E13833         *201014*2359*^*00501*028800147*0*P*:~GS*HP*04112*E13833*20201014*2359*147*X*005010X221A1~ST*835*000000001~BPR*I*2123.13*C*ACH*CCP*01*081517693*DA*152302017586*1205296137**01*102106569*DA*2200002989138*20201015~TRN*1*890798502*1205296137~REF*EV*E13833~DTM*405*20201014~N1*PR*NOVITAS SOLUTIONS, INC.~N3*PO BOX 3109~N4*MECHANICSBURG*PA*170551825~REF*2U*04112~PER*CX**TE*8552528782~PER*BL*NOVITAS SOLUTIONS, INC. EDI SERVICES*TE*8552528782*EX*1*EM*WEBSITEEDI@NOVITAS-SOLUTIONS.COM~N1*PE*SPANISH PEAKS NEW ALTERNATIV*XX*1508250911~N3*ATTN  BILLING*41 MONTEBELLO ROAD STE 116~N4*PUEBLO*CO*810011366~REF*TJ*841158933~LX*1~CLP*000100040752*19*272.99*89.42*22.36*MB*0220275432090*11*1~NM1*QC*1*FORTUNE*CATHERINE*M***MI*5D91EH6MW35~NM1*82*1******XX*1447291851~NM1*TT*2*COLORADO DEPT OF HEALTH-MEDICAID*****PI*70037~MOA***MA01*MA07~REF*EA*755AE0C704FC4E1692C4B64AA1A0984D~DTM*050*20201001~SVC*HC:99214*272.99*89.42**1~DTM*472*20200917~CAS*CO*45*161.21~CAS*PR*2*22.36~REF*LU*11~REF*6R*CP2MRGRZGM27~AMT*B6*111.78~CLP*000100040326*19*178.3*52.46*13.11*MB*0220268399780*11*1~NM1*QC*1*GARCIA*PAMELA*D***MI*9KC9FG5NU35~NM1*82*1******XX*1164974580~NM1*TT*2*COLORADO DEPT OF HEALTH-MEDICAID*****PI*70037~MOA***MA01*MA07~REF*EA*FC749031754B47EE85F3B47656F1D452~DTM*050*20200924~SVC*HC:99213*178.3*52.46**1~DTM*472*20200909~CAS*CO*45*112.73~CAS*PR*2*13.11~REF*LU*11~REF*6R*CPUYJ6NY16W7~AMT*B6*65.57~CLP*000100040425*19*178.3*52.46*13.11*MB*0220275432010*11*1~NM1*QC*1*HAYES*WILBUR*L***MI*5RH6QN3GE58~NM1*82*1******XX*1396971230~NM1*TT*2*UNITEDHEALTH GROUP*****PI*30002~MOA***MA01*MA18~REF*EA*04306DB9416D4CC792A88318B33EA8DA~DTM*050*20201001~SVC*HC:99213*178.3*52.46**1~DTM*472*20200911~CAS*CO*45*112.73~CAS*PR*2*13.11~REF*LU*11~REF*6R*CP2M8G5PVQIE~AMT*B6*65.57~CLP*000100040742*1*195.4*77.36*15.43*MB*0220275432020*11*1~NM1*QC*1*HEASMAN*STUART*G***MI*2A93WG7UA18~NM1*82*1******XX*1447291851~MOA***MA01~REF*EA*C35F1C37A8A348AB9F4D87FA5335DFF8~DTM*050*20201001~SVC*HC:99213:25*178.3*61.71**1~DTM*472*20200917~CAS*CO*45*101.16~CAS*PR*2*15.43~REF*LU*11~REF*6R*CP2MHHLX4NKW~AMT*B6*77.14~SVC*HC:99406*17.1*15.65**1~DTM*472*20200917~CAS*CO*45*1.45~REF*LU*11~REF*6R*CP2MA2TNIX20~AMT*B6*15.65~CLP*000100040688*19*178.3*52.46*13.11*MB*0220275431970*11*1~NM1*QC*1*LATONA*LORI*L***MI*6D37TU7HA42~NM1*82*1******XX*1164974580~NM1*TT*2*AZ MEDICAID-MERCY CARE RBHA*****PI*77122~MOA***MA01*MA07~REF*EA*D011A15783D24233B617BE54DEE35008~DTM*050*20201001~SVC*HC:99213*178.3*52.46**1~DTM*472*20200916~CAS*CO*45*112.73~CAS*PR*2*13.11~REF*LU*11~REF*6R*CP2MBP4EXLYS~AMT*B6*65.57~CLP*000100040667*19*88.54*37.54*9.38*MB*0220275432060*11*1~NM1*QC*1*LOPEZ*CORINNE*A***MI*6VY9VF8XJ25~NM1*82*1******XX*1447291851~NM1*TT*2*UNITEDHEALTH GROUP*****PI*30002~MOA***MA01*MA18~REF*EA*D6C51055F6E740779B1A6C18FDE09C47~DTM*050*20201001~SVC*HC:99212*88.54*37.54**1~DTM*472*20200916~CAS*CO*45*41.62~CAS*PR*2*9.38~REF*LU*11~REF*6R*CP2MLWNAP798~AMT*B6*46.92~CLP*000100040802*19*327.66*82.47*27.5*MB*0220275432050*11*1~NM1*QC*1*MARQUEZ*ERNEST*A***MI*6RH2XG9UE88~NM1*82*1******XX*1164974580~NM1*TT*2*COLORADO DEPT OF HEALTH-MEDICAID*****PI*70037~MOA***MA01*MA07~REF*EA*7C8964AC10C845CD9D433DF2285868AD~DTM*050*20201001~SVC*HC:99214:25*272.99*70.5**1~DTM*472*20200917~CAS*CO*45*177.98~CAS*PR*1*6.89**2*17.62~REF*LU*11~REF*6R*CP2M6WD2543G~AMT*B6*95.01~LQ*HE*N782~LQ*HE*N781~SVC*HC:93000*54.67*11.97**1~DTM*472*20200917~CAS*CO*45*39.71~CAS*PR*2*2.99~REF*LU*11~REF*6R*CP2MHBWYL4V6~AMT*B6*14.96~LQ*HE*N782~CLP*000100040734*19*178.3*61.71*15.43*MB*0220275431960*11*1~NM1*QC*1*MARRONE*JOHN*H***MI*6QM7UN9QU53~NM1*82*1******XX*1467985713~NM1*TT*2*COLORADO DEPT OF HEALTH-MEDICAID*****PI*70037~MOA***MA01*MA07~REF*EA*DA9022ADDEA74977B5E16535BFB43083~DTM*050*20201001~SVC*HC:99213*178.3*61.71**1~DTM*472*20200917~CAS*CO*45*101.16~CAS*PR*2*15.43~REF*LU*11~REF*6R*CP2M7O6M2EDL~AMT*B6*77.14~LQ*HE*N782~CLP*000100040637*19*523.93*168.39*37.4*MB*0220275432030*11*1~NM1*QC*1*QUINN*JUSTIN*D***MI*2J15YP3TW97~NM1*82*1******XX*1447291851~NM1*TT*2*COLORADO DEPT OF HEALTH-MEDICAID*****PI*70037~MOA***MA01*MA07~REF*EA*7D4638F7350848E6B33AACA810AB5E00~DTM*050*20201001~SVC*HC:99215:25*386.12*120.02**1~DTM*472*20200915~CAS*CO*45*236.1~CAS*PR*2*30~REF*LU*11~REF*6R*CP2MXC8C3B6U~AMT*B6*150.02~LQ*HE*N782~SVC*HC:G0444*30.75*18.75**1~DTM*472*20200915~CAS*CO*45*12~REF*LU*11~REF*6R*CP2M73S8KUKV~AMT*B6*18.75~SVC*HC:G0396*107.06*29.62**1~DTM*472*20200915~CAS*CO*45*70.04~CAS*PR*2*7.4~REF*LU*11~REF*6R*CP2MQ3WVBSVD~AMT*B6*37.02~LQ*HE*N782~CLP*000100040737*19*272.99*76.01*19*MB*0220275432040*11*1~NM1*QC*1*RAY*ANTHONY****MI*8UX3UN1KW03~NM1*82*1******XX*1659521045~NM1*TT*2*COLORADO DEPT OF HEALTH-MEDICAID*****PI*70037~MOA***MA01*MA07~REF*EA*98EB58B8DF684E729A03BECE89E889C0~DTM*050*20201001~SVC*HC:99214*272.99*76.01**1~DTM*472*20200917~CAS*CO*45*177.98~CAS*PR*2*19~REF*LU*11~REF*6R*CP2MQ6VKSTHN~AMT*B6*95.01~CLP*000100040103*1*178.3*52.46*13.11*MB*0220275432070*11*1~NM1*QC*1*ROBINSON*JASMINE*R***MI*1JR3A35TV08~NM1*82*1******XX*1396971230~MOA***MA01~REF*EA*11D5683A63A448BF90466FE297560589~DTM*050*20201001~SVC*HC:99213*178.3*52.46**1~DTM*472*20200903~CAS*CO*45*112.73~CAS*PR*2*13.11~REF*LU*11~REF*6R*CP2M1QLNGAQW~AMT*B6*65.57~LQ*HE*N782~CLP*000100040774*19*272.99*89.42*22.36*MB*0220275432080*11*1~NM1*QC*1*STRONG*LEVERT****MI*1E31W09PJ99~NM1*82*1******XX*1447291851~NM1*TT*2*COLORADO DEPT OF HEALTH-MEDICAID*****PI*70037~MOA***MA01*MA07~REF*EA*AA0E2078ECF8407CAECE2839E8D1CEE2~DTM*050*20201001~SVC*HC:99214*272.99*89.42**1~DTM*472*20200917~CAS*CO*45*161.21~CAS*PR*2*22.36~REF*LU*11~REF*6R*CP2M2GSI3NBS~AMT*B6*111.78~LQ*HE*N782~CLP*000100040290*19*2082.29*1055.09*261.61*MB*0220268399700*11*1~NM1*QC*1*TRUJILLO*STEPHANIE*J***MI*4FV2X51TK83~NM1*82*1******XX*1396971230~NM1*TT*2*COLORADO DEPT OF HEALTH-MEDICAID*****PI*70037~MOA***MA01*MA07~REF*EA*43EE67D7EBA0431C83F01959758F64E0~DTM*050*20200924~SVC*HC:99213:25*178.3*52.46**1~DTM*472*20200909~CAS*CO*45*112.73~CAS*PR*2*13.11~REF*LU*11~REF*6R*CPUYRAPT6EXZ~AMT*B6*65.57~SVC*HC:96372*83.99*9.97**1~DTM*472*20200909~CAS*CO*45*71.53~CAS*PR*2*2.49~REF*LU*11~REF*6R*CPUY1Q8OQ2VL~AMT*B6*12.46~SVC*HC:J2315*1805*984.05**380~DTM*472*20200909~CAS*CO*45*574.94~CAS*PR*2*246.01~REF*LU*11~REF*6R*CPUYKV6KBIQW~AMT*B6*1230.06~SVC*HC:81025*15*8.61**1~DTM*472*20200909~CAS*CO*45*6.39~REF*LU*11~REF*6R*CPUYIFMEVTDN~AMT*B6*8.61~CLP*000100040582*19*178.3*61.71*15.43*MB*0220275431980*11*1~NM1*QC*1*VIGIL*AUGUSTINE****MI*3W55R98JQ75~NM1*82*1******XX*1447291851~NM1*TT*2*COLORADO DEPT OF HEALTH-MEDICAID*****PI*70037~MOA***MA01*MA07~REF*EA*408A77C216C449C5935A6EADDFCD6027~DTM*050*20201001~SVC*HC:99213*178.3*61.71**1~DTM*472*20200915~CAS*CO*45*101.16~CAS*PR*2*15.43~REF*LU*11~REF*6R*CP2MXY10EBO7~AMT*B6*77.14~LQ*HE*N782~CLP*000100037493*19*178.3*61.71*15.43*MB*0220275431990*11*1~NM1*QC*1*VIGIL*AUGUSTINE****MI*3W55R98JQ75~NM1*82*1******XX*1447291851~NM1*TT*2*COLORADO DEPT OF HEALTH-MEDICAID*****PI*70037~MOA***MA01*MA07~REF*EA*B2255BD46B3F4434AFF57C4EC5AF099E~DTM*050*20201001~SVC*HC:99213*178.3*61.71**1~DTM*472*20200714~CAS*CO*45*101.16~CAS*PR*2*15.43~REF*LU*11~REF*6R*CP2M1FD67UM9~AMT*B6*77.14~LQ*HE*N782~CLP*000100037256*19*178.3*52.46*13.11*MB*0220275432000*11*1~NM1*QC*1*VIGIL*AUGUSTINE****MI*3W55R98JQ75~NM1*82*1******XX*1396971230~NM1*TT*2*COLORADO DEPT OF HEALTH-MEDICAID*****PI*70037~MOA***MA01*MA07~REF*EA*D54FC4A34749497BA0A440F2A63FFC8C~DTM*050*20201001~SVC*HC:99213*178.3*52.46**1~DTM*472*20200708~CAS*CO*45*112.73~CAS*PR*2*13.11~REF*LU*11~REF*6R*CP2MH1BD8NKE~AMT*B6*65.57~LQ*HE*N782~SE*296*000000001~GE*1*147~IEA*1*028800147~