ISA*00*          *00*          *ZZ*04112          *29*E13833         *200909*2359*^*00501*025300142*0*P*:~GS*HP*04112*E13833*20200909*2359*142*X*005010X221A1~ST*835*000000002~BPR*I*1461.99*C*ACH*CCP*01*081517693*DA*152302017586*1205296137**01*102106569*DA*2200002989138*20200910~TRN*1*890703657*1205296137~REF*EV*E13833~DTM*405*20200909~N1*PR*NOVITAS SOLUTIONS, INC.~N3*PO BOX 3109~N4*MECHANICSBURG*PA*170551825~REF*2U*04112~PER*CX**TE*8552528782~PER*BL*NOVITAS SOLUTIONS, INC. EDI SERVICES*TE*8552528782*EX*1*EM*WEBSITEEDI@NOVITAS-SOLUTIONS.COM~N1*PE*SPANISH PEAKS NEW ALTERNATIV*XX*1508250911~N3*ATTN  BILLING*41 MONTEBELLO ROAD STE 116~N4*PUEBLO*CO*810011366~REF*TJ*841158933~LX*1~CLP*000100033015*19*178.3*51.41*13.11*MB*0220240316050*11*1~NM1*QC*1*ALLEN*JODEEN*G***MI*4T10HH6WC21~NM1*82*1******XX*1659521045~NM1*TT*2*COLORADO DEPT OF HEALTH-MEDICAID*****PI*70037~MOA***MA01*MA07~REF*EA*DF52E8DBF9B144B98FB4B665C3A9CBDC~DTM*050*20200827~SVC*HC:99213*178.3*51.41**1~DTM*472*20200409~CAS*CO*45*112.73**253*1.05~CAS*PR*2*13.11~REF*LU*11~REF*6R*CPKAY5KQ481M~AMT*B6*65.57~LQ*HE*N782~CLP*000100039039*19*327.66*87.98*21.99*MB*0220240316060*11*1~NM1*QC*1*ALLEN*JODEEN*G***MI*4T10HH6WC21~NM1*82*1******XX*1659521045~NM1*TT*2*COLORADO DEPT OF HEALTH-MEDICAID*****PI*70037~MOA***MA01*MA07~REF*EA*2204F5DE180C4EC8B7CB4BE73F18751E~DTM*050*20200827~SVC*HC:99214:25*272.99*76.01**1~DTM*472*20200812~CAS*CO*45*177.98~CAS*PR*2*19~REF*LU*11~REF*6R*CPKALNX5V8UJ~AMT*B6*95.01~LQ*HE*N782~SVC*HC:93000*54.67*11.97**1~DTM*472*20200812~CAS*CO*45*39.71~CAS*PR*2*2.99~REF*LU*11~REF*6R*CPKA6MK9PIE6~AMT*B6*14.96~LQ*HE*N782~CLP*000100026977*1*145*99.5**MB*0220240316150*11*1~NM1*QC*1*ANDERSON*KATHLEEN****MI*5RP7KT4CT34~NM1*82*1******XX*1659521045~MOA***MA01~REF*EA*C612E3BAAF564B63A4C0731AD59C05D5~DTM*050*20200827~SVC*HC:G0439*145*99.5**1~DTM*472*20191218~CAS*CO*45*43.47**253*2.03~REF*LU*11~REF*6R*CPKQ19LEK19L~AMT*B6*101.53~CLP*000100039195*19*178.3*35.72*8.93*MB*0220240316090*02*1~NM1*QC*1*BAILEY*JULIE*K***MI*1JA2D16GM88~NM1*82*1******XX*1659521045~NM1*TT*2*ANTHEM FEP COLORADO*****PI*80034~MOA***MA01*MA18~REF*EA*E944D3B1441142FE96E46174273D8F9A~DTM*050*20200827~SVC*HC:99213*178.3*35.72**1~DTM*472*20200817~CAS*CO*45*133.65~CAS*PR*2*8.93~REF*LU*02~REF*6R*CPKAXQE0NRDT~AMT*B6*44.65~LQ*HE*N535~CLP*000100021661*1*3.99*3.41**MB*0220240316230*11*1~NM1*QC*1*COOK*DAVID*T***MI*6ED1FE4MH27~NM1*82*1******XX*1164974580~MOA***MA01~REF*EA*42EEA5B2480B4961B0FA76CAB243CBD3~DTM*050*20200827~SVC*HC:81002*3.99*3.41**1~DTM*472*20190828~CAS*CO*45*0.51**253*0.07~REF*LU*11~REF*6R*CPKQQ4BFD66J~AMT*B6*3.48~CLP*000100026904*1*134*74.23*18.93*MB*0220240316120*11*1~NM1*QC*1*DUTTON*SHAWN****MI*2YF5H05PG40~NM1*82*1******XX*1659521045~MOA***MA01~REF*EA*89A0B6EDB37546F4941BB0F922599E47~DTM*050*20200827~SVC*HC:99214*134*74.23**1~DTM*472*20191217~CAS*CO*45*39.33**253*1.51~CAS*PR*2*18.93~REF*LU*11~REF*6R*CPKQHKJRUW30~AMT*B6*94.67~CLP*000100027301*1*205*113.97*25.13*MB*0220240316160*11*1~NM1*QC*1*GARCIA*BARBARA****MI*3W44K82EG50~NM1*82*1******XX*1396971230~MOA***MA01~REF*EA*FDA02AAD494046BCAFE86EDDC574641F~DTM*050*20200827~SVC*HC:99203:25*145*74.04**1~DTM*472*20191227~CAS*CO*45*50.56**253*1.51~CAS*PR*2*18.89~REF*LU*11~REF*6R*CPKAW5NBERWG~AMT*B6*94.44~SVC*HC:G0444*20*15.49**1~DTM*472*20191227~CAS*CO*45*4.19**253*0.32~REF*LU*11~REF*6R*CPKAD9KFS0J4~AMT*B6*15.81~SVC*HC:G0396*40*24.44**1~DTM*472*20191227~CAS*CO*45*8.82**253*0.5~CAS*PR*2*6.24~REF*LU*11~REF*6R*CPKABPTVVZZI~AMT*B6*31.18~CLP*000100027198*19*134*74.23*18.93*MB*0220240316170*11*1~NM1*QC*1*GRABER*CANDACE*R***MI*3Y62E25HQ17~NM1*82*1******XX*1659521045~NM1*TT*2*COLORADO DEPT OF HEALTH-MEDICAID*****PI*70037~MOA***MA01*MA07~REF*EA*DEFF0730A6A644B693A64BF3F052CCB8~DTM*050*20200827~SVC*HC:99214*134*74.23**1~DTM*472*20191223~CAS*CO*45*39.33**253*1.51~CAS*PR*2*18.93~REF*LU*11~REF*6R*CPKQIYLESY71~AMT*B6*94.67~LQ*HE*N782~CLP*000100026931*19*228.15*177.78*10.84*MB*0220240316130*11*1~NM1*QC*1*GUTIERREZ*JANEICE****MI*3R71C51DM25~NM1*82*1******XX*1447291851~NM1*TT*2*COLORADO DEPT OF HEALTH-MEDICAID*****PI*70037~MOA***MA01*MA07~REF*EA*1F444F433BF043A8B063663BF5616A80~DTM*050*20200827~SVC*HC:G0439:25*145*117.06**1~DTM*472*20191218~CAS*CO*45*25.55**253*2.39~REF*LU*11~REF*6R*CPKQ6HJSCWTS~AMT*B6*119.45~SVC*HC:93000*23.15*13.74**1~DTM*472*20191218~CAS*CO*45*5.63**253*0.28~CAS*PR*2*3.5~REF*LU*11~REF*6R*CPKQQSOHVAEZ~AMT*B6*17.52~LQ*HE*N782~SVC*HC:G0444*20*18.23**1~DTM*472*20191218~CAS*CO*45*1.4**253*0.37~REF*LU*11~REF*6R*CPKQB0SUH4WC~AMT*B6*18.6~SVC*HC:G0396*40*28.75**1~DTM*472*20191218~CAS*CO*45*3.32**253*0.59~CAS*PR*2*7.34~REF*LU*11~REF*6R*CPKQN40SH7JB~AMT*B6*36.68~LQ*HE*N782~CLP*000100039084*19*272.99*76.01*19*MB*0220240316220*11*1~NM1*QC*1*HUBBARD*LORI****MI*7MY9GW3XV24~NM1*82*1******XX*1659521045~NM1*TT*2*COLORADO DEPT OF HEALTH-MEDICAID*****PI*70037~MOA***MA01*MA07~REF*EA*40B565157298487199C43F9B9D40BCAD~DTM*050*20200827~SVC*HC:99214*272.99*76.01**1~DTM*472*20200813~CAS*CO*45*177.98~CAS*PR*2*19~REF*LU*11~REF*6R*CPKAPG55D6YD~AMT*B6*95.01~LQ*HE*N782~CLP*000100039423*19*272.99*76.01*19*MB*0220240316210*11*1~NM1*QC*1*MARRUFO*JOSEFINA*A***MI*9T69Y04JR30~NM1*82*1******XX*1659521045~NM1*TT*2*AMERICAN CONTINENTAL INSU.*****PI*30074~MOA***MA01*MA18~REF*EA*0AFD4DC2C8B1465EBFBA0B6FC41C5B4A~DTM*050*20200827~SVC*HC:99214*272.99*76.01**1~DTM*472*20200819~CAS*CO*45*177.98~CAS*PR*2*19~REF*LU*11~REF*6R*CPKA7OLK9IBV~AMT*B6*95.01~CLP*000100039409*19*272.99*65.05*29.96*MB*0220240316140*11*1~NM1*QC*1*MARTINEZ*PAULINE*M***MI*5N02T67XX27~NM1*82*1******XX*1164974580~NM1*TT*2*COLORADO DEPT OF HEALTH-MEDICAID*****PI*70037~MOA***MA01*MA07~REF*EA*75ECCA50FD5B41A0B6FC1397BBA408BF~DTM*050*20200827~SVC*HC:99214*272.99*65.05**1~DTM*472*20200819~CAS*CO*45*177.98~CAS*PR*1*13.7**2*16.26~REF*LU*11~REF*6R*CPKAHV766I4U~AMT*B6*95.01~CLP*000100039062*19*178.3*52.46*13.11*MB*0220240316070*11*1~NM1*QC*1*NIOUS*LATEEFAH*S***MI*5K05AD5CJ56~NM1*82*1******XX*1659521045~NM1*TT*2*COLORADO DEPT OF HEALTH-MEDICAID*****PI*70037~MOA***MA01*MA07~REF*EA*AEF74E1C31FB4495AB534BA75223D4B2~DTM*050*20200827~SVC*HC:99213:95*178.3*52.46**1~DTM*472*20200813~CAS*CO*45*112.73~CAS*PR*2*13.11~REF*LU*11~REF*6R*CPKALRTIL6U6~AMT*B6*65.57~LQ*HE*N782~CLP*000100039271*1*193.3*61.07*13.11*MB*0220240316180*11*1~NM1*QC*1*ROBINSON*JASMINE*R***MI*1JR3A35TV08~NM1*82*1******XX*1396971230~MOA***MA01~REF*EA*042B79239F154B5BBB925FD71BFB58DA~DTM*050*20200827~SVC*HC:99213:25*178.3*52.46**1~DTM*472*20200818~CAS*CO*45*112.73~CAS*PR*2*13.11~REF*LU*11~REF*6R*CPKAE2V65M36~AMT*B6*65.57~LQ*HE*N782~SVC*HC:81025*15*8.61**1~DTM*472*20200818~CAS*CO*45*6.39~REF*LU*11~REF*6R*CPKA0701CN0L~AMT*B6*8.61~CLP*000100039132*1*178.3*35.72*8.93*MB*0220240316200*53*1~NM1*QC*1*ROBINSON*JASMINE*R***MI*1JR3A35TV08~NM1*82*1******XX*1396971230~MOA***MA01~REF*EA*687F33B2EEFF42FE8358AE5B99DD21C4~DTM*050*20200827~SVC*HC:99213*178.3*35.72**1~DTM*472*20200814~CAS*CO*45*133.65~CAS*PR*2*8.93~REF*LU*53~REF*6R*CPKAAFADLSNL~AMT*B6*44.65~LQ*HE*N535~LQ*HE*N782~CLP*000100039065*19*272.99*76.01*19*MB*0220240316040*11*1~NM1*QC*1*SWETKY*VICTOR****MI*8GT0EP6PV20~NM1*82*1******XX*1659521045~NM1*TT*2*COLORADO DEPT OF HEALTH-MEDICAID*****PI*70037~MOA***MA01*MA07~REF*EA*E84DB27CDB3A4ACD824DA69ABDB598AE~DTM*050*20200827~SVC*HC:99214*272.99*76.01**1~DTM*472*20200813~CAS*CO*45*177.98~CAS*PR*2*19~REF*LU*11~REF*6R*CPKADC72V7DG~AMT*B6*95.01~CLP*000100031457*19*134*87.63*22.36*MB*0220240316100*11*1~NM1*QC*1*THOMAS*SIDNEY*J***MI*8D72T82JW93~NM1*82*1******XX*1447291851~NM1*TT*2*COLORADO DEPT OF HEALTH-MEDICAID*****PI*70037~MOA***MA01*MA07~REF*EA*FD4AC7F9C1DA433EACB041C653D3B428~DTM*050*20200827~SVC*HC:99214*134*87.63**1~DTM*472*20200312~CAS*CO*45*22.22**253*1.79~CAS*PR*2*22.36~REF*LU*11~REF*6R*CPKAWD8PKLIC~AMT*B6*111.78~LQ*HE*N782~CLP*000100038851*19*410.8*137.79*29.76*MB*0220240316110*11*1~NM1*QC*1*THOMAS*SIDNEY*J***MI*8D72T82JW93~NM1*82*1******XX*1447291851~NM1*TT*2*COLORADO DEPT OF HEALTH-MEDICAID*****PI*70037~MOA***MA01*MA07~REF*EA*9EB20047F6D24B3D8AD36F2D70265AA7~DTM*050*20200827~SVC*HC:99214:95:25*272.99*89.42**1~DTM*472*20200810~CAS*CO*45*161.21~CAS*PR*2*22.36~REF*LU*11~REF*6R*CPKAHFXSU57Q~AMT*B6*111.78~LQ*HE*N782~SVC*HC:G0444:95*30.75*18.75**1~DTM*472*20200810~CAS*CO*45*12~REF*LU*11~REF*6R*CPKAADP4APC2~AMT*B6*18.75~SVC*HC:G0396*107.06*29.62**1~DTM*472*20200810~CAS*CO*45*70.04~CAS*PR*2*7.4~REF*LU*11~REF*6R*CPKA0893N0SX~AMT*B6*37.02~LQ*HE*N782~CLP*000100039295*19*272.99*76.01*19*MB*0220240316080*11*1~NM1*QC*1*TUTTLE*CHRISTOPH*D***MI*5AT4YP8CD65~NM1*82*1******XX*1164974580~NM1*TT*2*COLORADO DEPT OF HEALTH-MEDICAID*****PI*70037~MOA***MA01*MA07~REF*EA*7F3A241A1B1545A695D2B4FD71BAB5D3~DTM*050*20200827~SVC*HC:99214*272.99*76.01**1~DTM*472*20200818~CAS*CO*45*177.98~CAS*PR*2*19~REF*LU*11~REF*6R*CPKA1CAGXH9O~AMT*B6*95.01~LQ*HE*N782~SE*349*000000002~GE*1*142~IEA*1*025300142~