ISA*00*          *00*          *ZZ*04112          *29*E13833         *201007*2359*^*00501*028100135*0*P*:~GS*HP*04112*E13833*20201007*2359*135*X*005010X221A1~ST*835*000000002~BPR*I*1136.2*C*ACH*CCP*01*081517693*DA*152302017586*1205296137**01*102106569*DA*2200002989138*20201008~TRN*1*890779568*1205296137~REF*EV*E13833~DTM*405*20201007~N1*PR*NOVITAS SOLUTIONS, INC.~N3*PO BOX 3109~N4*MECHANICSBURG*PA*170551825~REF*2U*04112~PER*CX**TE*8552528782~PER*BL*NOVITAS SOLUTIONS, INC. EDI SERVICES*TE*8552528782*EX*1*EM*WEBSITEEDI@NOVITAS-SOLUTIONS.COM~N1*PE*SPANISH PEAKS NEW ALTERNATIV*XX*1508250911~N3*ATTN  BILLING*41 MONTEBELLO ROAD STE 116~N4*PUEBLO*CO*810011366~REF*TJ*841158933~LX*1~CLP*000100040540*19*272.99*76.01*19*MB*0220268399800*11*1~NM1*QC*1*BACA*FLORA*J***MI*2EK9AG1AD58~NM1*82*1******XX*1659521045~NM1*TT*2*COLORADO DEPT OF HEALTH-MEDICAID*****PI*70037~MOA***MA01*MA07~REF*EA*CBE1EB7FE83C4B16BA1B0C83A22BFF4E~DTM*050*20200924~SVC*HC:99214*272.99*76.01**1~DTM*472*20200914~CAS*CO*45*177.98~CAS*PR*2*19~REF*LU*11~REF*6R*CPUYDZFNA94B~AMT*B6*95.01~LQ*HE*N782~CLP*000100040395*19*327.66*87.98*21.99*MB*0220268399710*11*1~NM1*QC*1*BAILEY*JULIE*K***MI*1JA2D16GM88~NM1*82*1******XX*1659521045~NM1*TT*2*ANTHEM FEP COLORADO*****PI*80034~MOA***MA01*MA18~REF*EA*5AC1BABA312F44C9A0B5D9F40DB0EE9E~DTM*050*20200924~SVC*HC:99214:25*272.99*76.01**1~DTM*472*20200910~CAS*CO*45*177.98~CAS*PR*2*19~REF*LU*11~REF*6R*CPUY3841AABJ~AMT*B6*95.01~SVC*HC:93000*54.67*11.97**1~DTM*472*20200910~CAS*CO*45*39.71~CAS*PR*2*2.99~REF*LU*11~REF*6R*CPUYL0OGCLP8~AMT*B6*14.96~CLP*000100040499*19*511.37*138.3*10.23*MB*0220268399750*11*1~NM1*QC*1*CLEVELAND*RHONDA*L***MI*8RH6HX5AJ62~NM1*82*1******XX*1659521045~NM1*TT*2*CHAMPVA-VA HEALTH ADMIN CTR*****PI*80214~MOA***MA01*MA18~REF*EA*3CAE96A487A24C10AF71CA489C54FFB0~DTM*050*20200924~SVC*HC:G0439:25*373.56*101.12**1~DTM*472*20200914~CAS*CO*45*272.44~REF*LU*11~REF*6R*CPUYJKQF8XTN~AMT*B6*101.12~SVC*HC:G0444*30.75*15.94**1~DTM*472*20200914~CAS*CO*45*14.81~REF*LU*11~REF*6R*CPUYNUO1R3SK~AMT*B6*15.94~SVC*HC:G0396*107.06*21.24**1~DTM*472*20200914~CAS*CO*45*75.59~CAS*PR*1*4.92**2*5.31~REF*LU*11~REF*6R*CPUYQ1XHU4ID~AMT*B6*31.47~CLP*000100040104*19*178.3*52.46*13.11*MB*0220268399810*11*1~NM1*QC*1*FENWICK*SUSAN*A***MI*2R81VF1PJ24~NM1*82*1******XX*1164974580~NM1*TT*2*COLORADO DEPT OF HEALTH-MEDICAID*****PI*70037~MOA***MA01*MA07~REF*EA*51E254EC938E44069B12A6103BCC7DAD~DTM*050*20200924~SVC*HC:99213*178.3*52.46**1~DTM*472*20200903~CAS*CO*45*112.73~CAS*PR*2*13.11~REF*LU*11~REF*6R*CPUYHZY4MPYG~AMT*B6*65.57~LQ*HE*N782~CLP*000100040162*19*178.3*61.71*15.43*MB*0220268399820*11*1~NM1*QC*1*FORTUNE*CATHERINE*M***MI*5D91EH6MW35~NM1*82*1******XX*1447291851~NM1*TT*2*COLORADO DEPT OF HEALTH-MEDICAID*****PI*70037~MOA***MA01*MA07~REF*EA*12C25DA2E9A54D428CD51C21E3342A84~DTM*050*20200924~SVC*HC:99213*178.3*61.71**1~DTM*472*20200903~CAS*CO*45*101.16~CAS*PR*2*15.43~REF*LU*11~REF*6R*CPUY1X7O8SYX~AMT*B6*77.14~CLP*000100026940*1*407.73*142.13**MB*0220268399690*11*1~NM1*QC*1*KLIPFEL*SHARON*L***MI*7DK8P22VU22~NM1*82*1******XX*1164974580~MOA***MA01~REF*EA*EFAC5C7FA0E04EE483E583EBCA60969B~DTM*050*20200924~SVC*HC:G0402*407.73*142.13**1~DTM*472*20191218~CAS*CO*45*262.7**253*2.9~REF*LU*11~REF*6R*CPUYX3FFGUYS~AMT*B6*145.03~CLP*000100040239*19*178.3*52.46*13.11*MB*0220268399660*11*1~NM1*QC*1*MARRONE*JOHN*H***MI*6QM7UN9QU53~NM1*82*1******XX*1396971230~NM1*TT*2*COLORADO DEPT OF HEALTH-MEDICAID*****PI*70037~MOA***MA01*MA07~REF*EA*B80934C04F4C436A9E7DFB79CB435673~DTM*050*20200924~SVC*HC:99213*178.3*52.46**1~DTM*472*20200908~CAS*CO*45*112.73~CAS*PR*2*13.11~REF*LU*11~REF*6R*CPUYQ6D4JQH2~AMT*B6*65.57~LQ*HE*N782~CLP*000100040157*19*178.3*61.71*15.43*MB*0220268399720*11*1~NM1*QC*1*RAMIREZ*PABLO*C***MI*8DA7UT0FQ41~NM1*82*1******XX*1447291851~NM1*TT*2*PHYSICIANS MUTUAL INS.CO*****PI*30075~MOA***MA01*MA18~REF*EA*862EA663E6F7438783C11BAEE71A1E79~DTM*050*20200924~SVC*HC:99213*178.3*61.71**1~DTM*472*20200903~CAS*CO*45*101.16~CAS*PR*2*15.43~REF*LU*11~REF*6R*CPUYDIGMFRNF~AMT*B6*77.14~CLP*000100040330*19*316.11*93.58*19.4*MB*0220268399730*11*1~NM1*QC*1*REINSMITH*GARY*L***MI*7P34G54TQ64~NM1*82*1******XX*1164974580~NM1*TT*2*COLORADO DEPT OF HEALTH-MEDICAID*****PI*70037~MOA***MA01*MA07~REF*EA*39BE7779B3994F84925EAA4B5EEF6E9C~DTM*050*20200924~SVC*HC:99213*178.3*52.46**1~DTM*472*20200909~CAS*CO*45*112.73~CAS*PR*2*13.11~REF*LU*11~REF*6R*CPUYOMHSKI8F~AMT*B6*65.57~SVC*HC:G0444*30.75*15.94**1~DTM*472*20200909~CAS*CO*45*14.81~REF*LU*11~REF*6R*CPUY4SG2PM7M~AMT*B6*15.94~SVC*HC:G0396*107.06*25.18**1~DTM*472*20200909~CAS*CO*45*75.59~CAS*PR*2*6.29~REF*LU*11~REF*6R*CPUY434PFSA1~AMT*B6*31.47~CLP*000100039861*1*182.3*65.19*15.43*MB*0220268399760*11*1~NM1*QC*1*ROBINSON*JASMINE*R***MI*1JR3A35TV08~NM1*82*1******XX*1467985713~MOA***MA01~REF*EA*6BA13C0EF9544386883A53A7F5D6C703~DTM*050*20200924~SVC*HC:99213:25*178.3*61.71**1~DTM*472*20200828~CAS*CO*45*101.16~CAS*PR*2*15.43~REF*LU*11~REF*6R*CPUYYJ8XQQU6~AMT*B6*77.14~LQ*HE*N782~SVC*HC:81002*4*3.48**1~DTM*472*20200828~CAS*CO*45*0.52~REF*LU*11~REF*6R*CPUYN9E4BZ8O~AMT*B6*3.48~CLP*000100040356*1*272.99*76.01*19*MB*0220268399770*11*1~NM1*QC*1*ROBINSON*JASMINE*R***MI*1JR3A35TV08~NM1*82*1******XX*1396971230~MOA***MA01~REF*EA*C69255DDD438427A862C5C24306CEA87~DTM*050*20200924~SVC*HC:99214*272.99*76.01**1~DTM*472*20200910~CAS*CO*45*177.98~CAS*PR*2*19~REF*LU*11~REF*6R*CPUYJM7LK4D3~AMT*B6*95.01~LQ*HE*N782~CLP*000100040545*19*272.99*64.67*16.17*MB*0220268399790*02*1~NM1*QC*1*RUDNIK*DOROTHY*L***MI*4TT1VV0YN13~NM1*82*1******XX*1447291851~NM1*TT*2*COLONIAL PENN LIFE INSURANCE CO*****PI*30326~MOA***MA01*MA18~REF*EA*32F1A9C237DE4B469C02C6BDFCAA6A45~DTM*050*20200924~SVC*HC:99214*272.99*64.67**1~DTM*472*20200914~CAS*CO*45*192.15~CAS*PR*2*16.17~REF*LU*02~REF*6R*CPUYG4CA0XE0~AMT*B6*80.84~LQ*HE*N535~CLP*000100040576*19*272.99*76.01*19*MB*0220268399670*11*1~NM1*QC*1*ST JOHN*RICHARD*W***MI*9M17RJ1GQ62~NM1*82*1******XX*1164974580~NM1*TT*2*LOYAL AMERICAN LIFE INSURANCE CO*****PI*30054~MOA***MA01*MA18~REF*EA*48F0A36C27B048F296A6E049262F68BA~DTM*050*20200924~SVC*HC:99214*272.99*76.01**1~DTM*472*20200915~CAS*CO*45*177.98~CAS*PR*2*19~REF*LU*11~REF*6R*CPUYVBZI4IMR~AMT*B6*95.01~CLP*000100040438*19*327.66*87.98*21.99*MB*0220268399740*11*1~NM1*QC*1*ZARATE*JOHN****MI*5XR3EQ4QH90~NM1*82*1******XX*1164974580~NM1*TT*2*COLORADO DEPT OF HEALTH-MEDICAID*****PI*70037~MOA***MA01*MA07~REF*EA*E0B72557C36B4509A1B51ADEBC017AA8~DTM*050*20200924~SVC*HC:99214:25*272.99*76.01**1~DTM*472*20200911~CAS*CO*45*177.98~CAS*PR*2*19~REF*LU*11~REF*6R*CPUY2MXSBDI1~AMT*B6*95.01~SVC*HC:93000*54.67*11.97**1~DTM*472*20200911~CAS*CO*45*39.71~CAS*PR*2*2.99~REF*LU*11~REF*6R*CPUYRMH74QVU~AMT*B6*14.96~SE*260*000000002~GE*1*135~IEA*1*028100135~