ISA*00*          *00*          *ZZ*04112          *29*E13833         *201104*2359*^*00501*030900140*0*P*:~GS*HP*04112*E13833*20201104*2359*140*X*005010X221A1~ST*835*000000001~BPR*I*773.28*C*ACH*CCP*01*081517693*DA*152302017586*1205296137**01*102106569*DA*2200002989138*20201105~TRN*1*890857913*1205296137~REF*EV*E13833~DTM*405*20201104~N1*PR*NOVITAS SOLUTIONS, INC.~N3*PO BOX 3109~N4*MECHANICSBURG*PA*170551825~REF*2U*04112~PER*CX**TE*8552528782~PER*BL*NOVITAS SOLUTIONS, INC. EDI SERVICES*TE*8552528782*EX*1*EM*WEBSITEEDI@NOVITAS-SOLUTIONS.COM~N1*PE*SPANISH PEAKS NEW ALTERNATIV*XX*1508250911~N3*ATTN  BILLING*41 MONTEBELLO ROAD STE 116~N4*PUEBLO*CO*810011366~REF*TJ*841158933~LX*1~CLP*000100041975*19*316.11*110.08*22.83*MB*0220296358830*11*1~NM1*QC*1*BIBLE*JEAN****MI*7AA5NK0YY80~NM1*82*1******XX*1447291851~NM1*TT*2*COLORADO DEPT OF HEALTH-MEDICAID*****PI*70037~MOA***MA01*MA07~REF*EA*6B8CFCDED7FC4D05A22CDB92434D9BC4~DTM*050*20201022~SVC*HC:99213:25*178.3*61.71**1~DTM*472*20201008~CAS*CO*45*101.16~CAS*PR*2*15.43~REF*LU*11~REF*6R*CP4EPQ26ZUOD~AMT*B6*77.14~LQ*HE*N782~SVC*HC:G0444*30.75*18.75**1~DTM*472*20201008~CAS*CO*45*12~REF*LU*11~REF*6R*CP4EL5X8LUDJ~AMT*B6*18.75~SVC*HC:G0396*107.06*29.62**1~DTM*472*20201008~CAS*CO*45*70.04~CAS*PR*2*7.4~REF*LU*11~REF*6R*CP4EWH4LQES6~AMT*B6*37.02~LQ*HE*N782~CLP*000100041544*19*566.04*181.41*10.92*MB*0220296358820*11*1~NM1*QC*1*FRENDT*DIANN*C***MI*7A49KR3CC14~NM1*82*1******XX*1447291851~NM1*TT*2*BCBS OF MASSACHUSETTS INC.*****PI*00212~MOA***MA01*MA18~REF*EA*7B096D9A2AFB47478B7C83AFCB52E146~DTM*050*20201022~SVC*HC:G0439:25*373.56*118.96**1~DTM*472*20200930~CAS*CO*45*254.6~REF*LU*11~REF*6R*CP4E43D32L25~AMT*B6*118.96~SVC*HC:93000*54.67*14.08**1~DTM*472*20200930~CAS*CO*45*37.07~CAS*PR*2*3.52~REF*LU*11~REF*6R*CP4EGULEVQQQ~AMT*B6*17.6~SVC*HC:G0444*30.75*18.75**1~DTM*472*20200930~CAS*CO*45*12~REF*LU*11~REF*6R*CP4E5AMHMQDL~AMT*B6*18.75~SVC*HC:G0396*107.06*29.62**1~DTM*472*20200930~CAS*CO*45*70.04~CAS*PR*2*7.4~REF*LU*11~REF*6R*CP4EPVYQOKKB~AMT*B6*37.02~CLP*000100042277*19*272.99*76.15*19*MB*0220296358840*11*1~NM1*QC*1*GETTERLY*VALENE****MI*4W18VN3DP41~NM1*82*1******XX*1386181444~NM1*TT*2*COLORADO DEPT OF HEALTH-MEDICAID*****PI*70037~MOA***MA01*MA07~REF*EA*DB850650D06B41DD9566675392EB909C~DTM*050*20201022~SVC*HC:99214*272.99*76.15**1~DTM*472*20201014~CAS*CO*45*177.98**144*-0.14~CAS*PR*2*19~REF*LU*11~REF*6R*CP4ED7YQZV18~AMT*B6*95.01~LQ*HE*N807~LQ*HE*N782~CLP*000100042176*19*178.3*61.71*15.43*MB*0220296358790*11*1~NM1*QC*1*GREAVES*PHILLIP****MI*3VV2QU1VK13~NM1*82*1******XX*1467985713~NM1*TT*2*COLORADO DEPT OF HEALTH-MEDICAID*****PI*70037~MOA***MA01*MA07~REF*EA*39503A047145431EBBF385DC2F1F412C~DTM*050*20201022~SVC*HC:99213*178.3*61.71**1~DTM*472*20201013~CAS*CO*45*101.16~CAS*PR*2*15.43~REF*LU*11~REF*6R*CP4EGDWF4W7N~AMT*B6*77.14~LQ*HE*N782~CLP*000100041393*19*178.3*52.46*13.11*MB*0220296358810*11*1~NM1*QC*1*LANDIS*NORMA*J***MI*7TE3DE2RU17~NM1*82*1******XX*1396971230~NM1*TT*2*CHAMPVA-VA HEALTH ADMIN CTR*****PI*80214~MOA***MA01*MA18~REF*EA*206ED0FE124D475CB5C76C872DF49B58~DTM*050*20201022~SVC*HC:99213*178.3*52.46**1~DTM*472*20200929~CAS*CO*45*112.73~CAS*PR*2*13.11~REF*LU*11~REF*6R*CP4E1600070D~AMT*B6*65.57~CLP*000100042075*19*178.3*52.46*13.11*MB*0220296358770*11*1~NM1*QC*1*LATONA*LORI*L***MI*6D37TU7HA42~NM1*82*1******XX*1164974580~NM1*TT*2*AZ MEDICAID-MERCY CARE RBHA*****PI*77122~MOA***MA01*MA07~REF*EA*53FDE456190B4169B9D4C5EF826E1C49~DTM*050*20201022~SVC*HC:99213*178.3*52.46**1~DTM*472*20201009~CAS*CO*45*112.73~CAS*PR*2*13.11~REF*LU*11~REF*6R*CP4EHL8NHH7G~AMT*B6*65.57~CLP*000100041522*19*272.99*76.01*19*MB*0220296358800*11*1~NM1*QC*1*MARQUEZ*ERNEST*A***MI*6RH2XG9UE88~NM1*82*1******XX*1164974580~NM1*TT*2*COLORADO DEPT OF HEALTH-MEDICAID*****PI*70037~MOA***MA01*MA07~REF*EA*572289F35BB2463996AE78099800BA4B~DTM*050*20201022~SVC*HC:99214*272.99*76.01**1~DTM*472*20200930~CAS*CO*45*177.98~CAS*PR*2*19~REF*LU*11~REF*6R*CP4ERDESUCGT~AMT*B6*95.01~LQ*HE*N782~CLP*000100041473*19*523.93*163*42.79*MB*0220296358780*11*1~NM1*QC*1*QUINTANA*EMILO*J***MI*2EW4TC7YP97~NM1*82*1******XX*1447291851~NM1*TT*2*COLORADO DEPT OF HEALTH-MEDICAID*****PI*70037~MOA***MA01*MA07~REF*EA*94A8B6C7B1E04D9DB084CDE17B86824C~DTM*050*20201022~SVC*HC:99215:25*386.12*114.63**1~DTM*472*20200929~CAS*CO*45*236.1~CAS*PR*1*6.73**2*28.66~REF*LU*11~REF*6R*CP4EM46R389A~AMT*B6*150.02~SVC*HC:G0444*30.75*18.75**1~DTM*472*20200929~CAS*CO*45*12~REF*LU*11~REF*6R*CP4E7EY0T21N~AMT*B6*18.75~SVC*HC:G0396*107.06*29.62**1~DTM*472*20200929~CAS*CO*45*70.04~CAS*PR*2*7.4~REF*LU*11~REF*6R*CP4EDDUN06IR~AMT*B6*37.02~SE*180*000000001~GE*1*140~IEA*1*030900140~