ISA*00*          *00*          *ZZ*04112          *29*E13833         *201028*2359*^*00501*030200139*0*P*:~GS*HP*04112*E13833*20201028*2359*139*X*005010X221A1~ST*835*000000002~BPR*I*986.44*C*ACH*CCP*01*081517693*DA*152302017586*1205296137**01*102106569*DA*2200002989138*20201029~TRN*1*890838682*1205296137~REF*EV*E13833~DTM*405*20201028~N1*PR*NOVITAS SOLUTIONS, INC.~N3*PO BOX 3109~N4*MECHANICSBURG*PA*170551825~REF*2U*04112~PER*CX**TE*8552528782~PER*BL*NOVITAS SOLUTIONS, INC. EDI SERVICES*TE*8552528782*EX*1*EM*WEBSITEEDI@NOVITAS-SOLUTIONS.COM~PER*IC**UR*WWW.NOVITAS-SOLUTIONS.COM~N1*PE*SPANISH PEAKS NEW ALTERNATIV*XX*1508250911~N3*ATTN  BILLING*41 MONTEBELLO ROAD STE 116~N4*PUEBLO*CO*810011366~REF*TJ*841158933~LX*1~CLP*000100041500*19*178.3*61.71*15.43*MB*0220290007280*11*1~NM1*QC*1*ARAGON*DIANA*L***MI*8MC6C04KH85~NM1*82*1******XX*1447291851~NM1*TT*2*COLORADO DEPT OF HEALTH-MEDICAID*****PI*70037~MOA***MA01*MA07~REF*EA*C61513E9AB52494D8D73B0132EF3FF67~DTM*050*20201015~SVC*HC:99213*178.3*61.71**1~DTM*472*20200930~CAS*CO*45*101.16~CAS*PR*2*15.43~REF*LU*11~REF*6R*CP3QDMA1L5Z0~AMT*B6*77.14~CLP*000100041610*19*178.3*52.46*13.11*MB*0220290007250*11*1~NM1*QC*1*ARNETT*ROBERTA*R***MI*9YM7E99HA48~NM1*82*1******XX*1659521045~NM1*TT*2*INDIVIDUAL ASSURANCE COMPANY*****PI*30360~MOA***MA01*MA18~REF*EA*38FBCC3AD5654F0CA181A52C1A3B6DA8~DTM*050*20201015~SVC*HC:99213*178.3*52.46**1~DTM*472*20201001~CAS*CO*45*112.73~CAS*PR*2*13.11~REF*LU*11~REF*6R*CP3QQJ12WATH~AMT*B6*65.57~CLP*000100041207*19*178.3*52.46*13.11*MB*0220290007330*11*1~NM1*QC*1*CALLISON*LINDA*J***MI*8KQ0G01MR04~NM1*82*1******XX*1659521045~NM1*TT*2*MUTUAL OF OMAHA INSURANCE COMP*****PI*30090~MOA***MA01*MA18~REF*EA*2EBFEF33BAD443C9837BBBAD8BD8EC8E~DTM*050*20201015~SVC*HC:99213*178.3*52.46**1~DTM*472*20200924~CAS*CO*45*112.73~CAS*PR*2*13.11~REF*LU*11~REF*6R*CP3QMXWRH7BW~AMT*B6*65.57~CLP*000100041234*19*226.64*76.16*6.29*MB*0220290007180*11*1~NM1*QC*1*DEWEY*THERESE*R***MI*8HN1AG0YR21~NM1*82*1******XX*1164974580~NM1*TT*2*UNITEDHEALTH GROUP*****PI*30002~MOA***MA01*MA18~REF*EA*561A3FE20F9B45CEB295BC53A16C933F~DTM*050*20201015~SVC*HC:G0101*88.83*35.04**1~DTM*472*20200925~CAS*CO*45*53.79~REF*LU*11~REF*6R*CP3Q06XUA7YS~AMT*B6*35.04~SVC*HC:G0444*30.75*15.94**1~DTM*472*20200925~CAS*CO*45*14.81~REF*LU*11~REF*6R*CP3QXMDS75OA~AMT*B6*15.94~SVC*HC:G0396*107.06*25.18**1~DTM*472*20200925~CAS*CO*45*75.59~CAS*PR*2*6.29~REF*LU*11~REF*6R*CP3QCQOHYC7W~AMT*B6*31.47~CLP*000100041253*19*178.3*52.46*13.11*MB*0220290007320*11*1~NM1*QC*1*FENWICK*SUSAN*A***MI*2R81VF1PJ24~NM1*82*1******XX*1164974580~NM1*TT*2*COLORADO DEPT OF HEALTH-MEDICAID*****PI*70037~MOA***MA01*MA07~REF*EA*6EAC5344A1AB4032A2EE4E0E3E8AE2E7~DTM*050*20201015~SVC*HC:99213*178.3*52.46**1~DTM*472*20200925~CAS*CO*45*112.73~CAS*PR*2*13.11~REF*LU*11~REF*6R*CP3QBYZ8GPZX~AMT*B6*65.57~LQ*HE*N782~CLP*000100041357*19*178.3*61.71*15.43*MB*0220290007260*11*1~NM1*QC*1*FROST*ROBERT*C***MI*1HG2D93CN04~NM1*82*1******XX*1447291851~NM1*TT*2*ANTHEM FEP COLORADO*****PI*80034~MOA***MA01*MA18~REF*EA*4160C393360D4B6DA73C463D8C6EE505~DTM*050*20201015~SVC*HC:99213*178.3*61.71**1~DTM*472*20200928~CAS*CO*45*101.16~CAS*PR*2*15.43~REF*LU*11~REF*6R*CP3QC342QW25~AMT*B6*77.14~CLP*000100041627*19*272.99*76.01*19*MB*0220290007170*11*1~NM1*QC*1*GURGANUS*ANTHONY*P***MI*4VR6GQ6WE45~NM1*82*1******XX*1659521045~NM1*TT*2*COLORADO DEPT OF HEALTH-MEDICAID*****PI*70037~MOA***MA01*MA07~REF*EA*5968CA797A9541118A2A5618AA671E5D~DTM*050*20201015~SVC*HC:99214*272.99*76.01**1~DTM*472*20201001~CAS*CO*45*177.98~CAS*PR*2*19~REF*LU*11~REF*6R*CP3QHRYOFG3Q~AMT*B6*95.01~LQ*HE*N782~CLP*000100041219*19*209.05*52.46*13.11*MB*0220290007210*11*1~NM1*QC*1*HAYES*WILBUR*L***MI*5RH6QN3GE58~NM1*82*1******XX*1396971230~NM1*TT*2*UNITEDHEALTH GROUP*****PI*30002~MOA***MA01*MA18~REF*EA*851BE516FAF340F5BD73613F1F397A2D~DTM*050*20201015~SVC*HC:99213:25*178.3*52.46**1~DTM*472*20200925~CAS*CO*45*112.73~CAS*PR*2*13.11~REF*LU*11~REF*6R*CP3Q2L3KRA9J~AMT*B6*65.57~SVC*HC:G0444*30.75*0****1~DTM*472*20200925~CAS*CO*119*30.75~REF*LU*11~REF*6R*CP3QPVR3XKJC~REF*0K*210.9~LQ*HE*M25~LQ*HE*N362~CLP*000100041535*19*272.99*89.42*22.36*MB*0220290007240*11*1~NM1*QC*1*LATKA*CHARLES****MI*5VY1Y26YY97~NM1*82*1******XX*1447291851~NM1*TT*2*UNITEDHEALTH GROUP*****PI*30002~MOA***MA01*MA18~REF*EA*464ECCD8E48D4707BA69E35719F70DC0~DTM*050*20201015~SVC*HC:99214*272.99*89.42**1~DTM*472*20200930~CAS*CO*45*161.21~CAS*PR*2*22.36~REF*LU*11~REF*6R*CP3QGFU5MKTK~AMT*B6*111.78~CLP*000100041161*19*316.11*93.58*19.4*MB*0220290007200*11*1~NM1*QC*1*LOPEZ*JOSE****MI*4A42N15AA93~NM1*82*1******XX*1164974580~NM1*TT*2*COLORADO DEPT OF HEALTH-MEDICAID*****PI*70037~MOA***MA01*MA07~REF*EA*465DABACD84445A8BEF640BFED26486A~DTM*050*20201015~SVC*HC:99213:25*178.3*52.46**1~DTM*472*20200924~CAS*CO*45*112.73~CAS*PR*2*13.11~REF*LU*11~REF*6R*CP3Q39I10JW7~AMT*B6*65.57~LQ*HE*N782~SVC*HC:G0444*30.75*15.94**1~DTM*472*20200924~CAS*CO*45*14.81~REF*LU*11~REF*6R*CP3Q0QLV4HRN~AMT*B6*15.94~SVC*HC:G0396*107.06*25.18**1~DTM*472*20200924~CAS*CO*45*75.59~CAS*PR*2*6.29~REF*LU*11~REF*6R*CP3QC5H47WCA~AMT*B6*31.47~LQ*HE*N782~CLP*000100041596*19*272.99*76.01*19*MB*0220290007300*11*1~NM1*QC*1*ROBERTS*WAYNE*Y***MI*9UG8HK3JY33~NM1*82*1******XX*1659521045~NM1*TT*2*WPS - TRICARE FOR LIFE*****PI*60000~MOA***MA01*MA18~REF*EA*9EE37EFF8FD04DFFA7EB8F3759AD6221~DTM*050*20201015~SVC*HC:99214*272.99*76.01**1~DTM*472*20201001~CAS*CO*45*177.98~CAS*PR*2*19~REF*LU*11~REF*6R*CP3QJF370HL7~AMT*B6*95.01~CLP*000100041192*19*193.3*61.07*13.11*MB*0220290007290*11*1~NM1*QC*1*ROBINSON*JASMINE*R***MI*1JR3A35TV08~NM1*82*1******XX*1396971230~NM1*TT*2*COLORADO DEPT OF HEALTH-MEDICAID*****PI*70037~MOA***MA01*MA07~REF*EA*9A9B5892534F46629A2440A4E5207C2C~DTM*050*20201015~SVC*HC:99213:25*178.3*52.46**1~DTM*472*20200924~CAS*CO*45*112.73~CAS*PR*2*13.11~REF*LU*11~REF*6R*CP3QY7KWD7XE~AMT*B6*65.57~LQ*HE*N782~SVC*HC:81025*15*8.61**1~DTM*472*20200924~CAS*CO*45*6.39~REF*LU*11~REF*6R*CP3Q9QNRD39N~AMT*B6*8.61~CLP*000100041579*19*272.99*76.01*19*MB*0220290007190*11*1~NM1*QC*1*ST JOHN*RICHARD*W***MI*9M17RJ1GQ62~NM1*82*1******XX*1164974580~NM1*TT*2*LOYAL AMERICAN LIFE INSURANCE CO*****PI*30054~MOA***MA01*MA18~REF*EA*AC8A5E63B5AA419080C68CB5009531E3~DTM*050*20201015~SVC*HC:99214*272.99*76.01**1~DTM*472*20201001~CAS*CO*45*177.98~CAS*PR*2*19~REF*LU*11~REF*6R*CP3QJ2W0L502~AMT*B6*95.01~CLP*000100041080*19*178.3*52.46*13.11*MB*0220290007230*11*1~NM1*QC*1*TRUJILLO*STEPHANIE*J***MI*4FV2X51TK83~NM1*82*1******XX*1396971230~NM1*TT*2*COLORADO DEPT OF HEALTH-MEDICAID*****PI*70037~MOA***MA01*MA07~REF*EA*BDC254021B044032915DADD3B1BB04D5~DTM*050*20201015~SVC*HC:99213*178.3*52.46**1~DTM*472*20200923~CAS*CO*45*112.73~CAS*PR*2*13.11~REF*LU*11~REF*6R*CP3QYJQ3I9SL~AMT*B6*65.57~CLP*000100041507*19*178.3*52.46*13.11*MB*0220290007220*11*1~NM1*QC*1*WAGNER*DOROTHY*J***MI*1WH4X03VA65~NM1*82*1******XX*1164974580~NM1*TT*2*COLORADO DEPT OF HEALTH-MEDICAID*****PI*70037~MOA***MA01*MA07~REF*EA*01FE4FF5B8914C98A657839EE499BBE3~DTM*050*20201015~SVC*HC:99213*178.3*52.46**1~DTM*472*20200930~CAS*CO*45*112.73~CAS*PR*2*13.11~REF*LU*11~REF*6R*CP3QAMINC1XS~AMT*B6*65.57~LQ*HE*N782~SE*273*000000002~GE*1*139~IEA*1*030200139~