ISA*00*          *00*          *ZZ*04112          *29*E13833         *201110*2359*^*00501*031500143*0*P*:~GS*HP*04112*E13833*20201110*2359*143*X*005010X221A1~ST*835*000000002~BPR*I*917.89*C*ACH*CCP*01*081517693*DA*152302017586*1205296137**01*102106569*DA*2200002989138*20201112~TRN*1*890875244*1205296137~REF*EV*E13833~DTM*405*20201110~N1*PR*NOVITAS SOLUTIONS, INC.~N3*PO BOX 3109~N4*MECHANICSBURG*PA*170551825~REF*2U*04112~PER*CX**TE*8552528782~PER*BL*NOVITAS SOLUTIONS, INC. EDI SERVICES*TE*8552528782*EX*1*EM*WEBSITEEDI@NOVITAS-SOLUTIONS.COM~N1*PE*SPANISH PEAKS NEW ALTERNATIV*XX*1508250911~N3*ATTN  BILLING*41 MONTEBELLO ROAD STE 116~N4*PUEBLO*CO*810011366~REF*TJ*841158933~LX*1~CLP*000100042178*19*428.23*113.09*2.99*MB*0220303397430*11*1~NM1*QC*1*CIRULLO*ROSEANN*M***MI*8E35MT0UP63~NM1*82*1******XX*1164974580~NM1*TT*2*COLORADO DEPT OF HEALTH-MEDICAID*****PI*70037~MOA***MA01*MA07~REF*EA*88030A57B8094287A7368B040E87DD58~DTM*050*20201029~SVC*HC:G0439:25*373.56*101.12**1~DTM*472*20201013~CAS*CO*45*272.44~REF*LU*11~REF*6R*CP4U24JJ3M4Q~AMT*B6*101.12~SVC*HC:93000*54.67*11.97**1~DTM*472*20201013~CAS*CO*45*39.71~CAS*PR*2*2.99~REF*LU*11~REF*6R*CP4UM5TZCNPC~AMT*B6*14.96~LQ*HE*N782~CLP*000100041166*19*535.1*170.39*38.6*MB*0220303397400*11*1~NM1*QC*1*DICKERSON*RAUNITA****MI*4P14HM7YM09~NM1*82*1******XX*1659521045~NM1*TT*2*COLORADO DEPT OF HEALTH-MEDICAID*****PI*70037~MOA***MA01*MA07~REF*EA*5BD7766EBB124B37A7F133B318B50D0A~DTM*050*20201029~SVC*HC:99213:25:FP*178.3*52.46**1~DTM*472*20200924~CAS*CO*45*112.73~CAS*PR*2*13.11~REF*LU*11~REF*6R*CP4UA1U1PYBW~AMT*B6*65.57~LQ*HE*N782~SVC*HC:96372:FP*83.99*9.97**1~DTM*472*20200924~CAS*CO*45*71.53~CAS*PR*2*2.49~REF*LU*11~REF*6R*CP4UZ8JAM6WW~AMT*B6*12.46~LQ*HE*N782~SVC*HC:J1050:FP*135*66.84**150~DTM*472*20200924~CAS*CO*45*51.45~CAS*PR*2*16.71~REF*LU*11~REF*6R*CP4UMEZBDW2I~AMT*B6*83.55~LQ*HE*N782~SVC*HC:G0444*30.75*15.94**1~DTM*472*20200924~CAS*CO*45*14.81~REF*LU*11~REF*6R*CP4UXMPUJYMF~AMT*B6*15.94~SVC*HC:G0396*107.06*25.18**1~DTM*472*20200924~CAS*CO*45*75.59~CAS*PR*2*6.29~REF*LU*11~REF*6R*CP4UCZAIHZ9O~AMT*B6*31.47~LQ*HE*N782~CLP*000100036358*19*22*9.11*2.28*MB*0220303397350*02*1~NM1*QC*1*GARCIA*DANIELLE*E***MI*8DM1PN6HN80~NM1*82*1******XX*1396971230~NM1*TT*2*COLORADO DEPT OF HEALTH-MEDICAID*****PI*70037~MOA***MA01*MA07~REF*EA*3231AD408F3F446FBD181E429E68131A~DTM*050*20201029~SVC*HC:G2012*22*9.11**1~DTM*472*20200617~CAS*CO*45*10.61~CAS*PR*2*2.28~REF*LU*02~REF*6R*CP4EGGCCLINH~AMT*B6*11.39~LQ*HE*N535~CLP*000100041604*19*587.88*156.14*34.97*MB*0220303397440*11*1~NM1*QC*1*GETTERLY*VALENE****MI*4W18VN3DP41~NM1*82*1******XX*1386181444~NM1*TT*2*COLORADO DEPT OF HEALTH-MEDICAID*****PI*70037~MOA***MA01*MA07~REF*EA*3801A1E0011F4FD6BFAA9BC843BBD927~DTM*050*20201029~SVC*HC:99204:25*450.07*114.94**1~DTM*472*20201001~CAS*CO*45*306.67**144*-0.22~CAS*PR*2*28.68~REF*LU*11~REF*6R*CP4UDNTPH7WB~AMT*B6*143.4~LQ*HE*N807~LQ*HE*N782~SVC*HC:G0444*30.75*15.97**1~DTM*472*20201001~CAS*CO*45*14.81**144*-0.03~REF*LU*11~REF*6R*CP4U487C1B08~AMT*B6*15.94~LQ*HE*N807~SVC*HC:G0396*107.06*25.23**1~DTM*472*20201001~CAS*CO*45*75.59**144*-0.05~CAS*PR*2*6.29~REF*LU*11~REF*6R*CP4U1L4R1SAZ~AMT*B6*31.47~LQ*HE*N807~LQ*HE*N782~CLP*000100041638*19*371.52*76.01*19*MB*0220303397360*11*1~NM1*QC*1*GREEN*DAVID****MI*1GQ2RD0FE04~NM1*82*1******XX*1659521045~NM1*TT*2*COLORADO DEPT OF HEALTH-MEDICAID*****PI*70037~MOA***MA01*MA07~REF*EA*CF098294498946F79B7657DB027C8357~DTM*050*20201029~SVC*HC:99214:25*272.99*76.01**1~DTM*472*20201001~CAS*CO*45*177.98~CAS*PR*2*19~REF*LU*11~REF*6R*CP4UQK975Y2J~AMT*B6*95.01~SVC*HC:G0008*53.53*0****1~DTM*472*20201001~CAS*CO*114*53.53~REF*LU*11~REF*6R*CP4UCRKB4B13~SVC*HC:Q2038*45*0****1~DTM*472*20201001~CAS*CO*114*45~REF*LU*11~REF*6R*CP4UN1FZQ5Q2~CLP*000100042401*1*272.99*76.01*19*MB*0220303397390*11*1~NM1*QC*1*GREEN*DEBORAH*S***MI*5TY0D08EA28~NM1*82*1******XX*1659521045~MOA***MA01~REF*EA*20086E36450143148CF7F1C082E156C2~DTM*050*20201029~SVC*HC:99214*272.99*76.01**1~DTM*472*20201015~CAS*CO*45*177.98~CAS*PR*2*19~REF*LU*11~REF*6R*CP4UQ2FDC2RJ~AMT*B6*95.01~CLP*000100042404*19*272.99*76.01*19*MB*0220303397330*11*1~NM1*QC*1*GURGANUS*ANTHONY*P***MI*4VR6GQ6WE45~NM1*82*1******XX*1659521045~NM1*TT*2*COLORADO DEPT OF HEALTH-MEDICAID*****PI*70037~MOA***MA01*MA07~REF*EA*00C31EC959DD447C9A54FC5A61995ECA~DTM*050*20201029~SVC*HC:99214*272.99*76.01**1~DTM*472*20201015~CAS*CO*45*177.98~CAS*PR*2*19~REF*LU*11~REF*6R*CP4UB7L3SHTQ~AMT*B6*95.01~LQ*HE*N782~CLP*000100042376*19*272.99*89.42*22.36*MB*0220303397410*11*1~NM1*QC*1*LUCERO*JOSEPH*M***MI*2D14J19GD01~NM1*82*1******XX*1447291851~NM1*TT*2*COLORADO DEPT OF HEALTH-MEDICAID*****PI*70037~MOA***MA01*MA07~REF*EA*87EA22B257034FE09B31D2986906D0C0~DTM*050*20201029~SVC*HC:99214*272.99*89.42**1~DTM*472*20201015~CAS*CO*45*161.21~CAS*PR*2*22.36~REF*LU*11~REF*6R*CP4UL5KZF9AM~AMT*B6*111.78~LQ*HE*N782~CLP*000100041594*19*187.07*37.54*9.38*MB*0220303397420*11*1~NM1*QC*1*MONTEZ*QUINO*D***MI*4HE6N38AV40~NM1*82*1******XX*1447291851~NM1*TT*2*UNITEDHEALTH GROUP*****PI*30002~MOA***MA01*MA18~REF*EA*530704AA941F4B02B2B6FCDC335D475B~DTM*050*20201029~SVC*HC:99212:25*88.54*37.54**1~DTM*472*20201001~CAS*CO*45*41.62~CAS*PR*2*9.38~REF*LU*11~REF*6R*CP4U60AROWH3~AMT*B6*46.92~SVC*HC:G0008*53.53*0****1~DTM*472*20201001~CAS*CO*114*53.53~REF*LU*11~REF*6R*CP4U0FT7TODK~SVC*HC:Q2038*45*0****1~DTM*472*20201001~CAS*CO*114*45~REF*LU*11~REF*6R*CP4UKA0CC82M~CLP*000100042288*1*178.3*52.46*13.11*MB*0220303397380*11*1~NM1*QC*1*ROBINSON*CAROL****MI*4QY1AK6GY37~NM1*82*1******XX*1396971230~MOA***MA01~REF*EA*A3A724F28009483581A9EA4C38FDD44C~DTM*050*20201029~SVC*HC:99213*178.3*52.46**1~DTM*472*20201014~CAS*CO*45*112.73~CAS*PR*2*13.11~REF*LU*11~REF*6R*CP4UW09UQH82~AMT*B6*65.57~CLP*000100042161*19*178.3*61.71*15.43*MB*0220303397340*11*1~NM1*QC*1*VIGIL*AUGUSTINE****MI*3W55R98JQ75~NM1*82*1******XX*1447291851~NM1*TT*2*COLORADO DEPT OF HEALTH-MEDICAID*****PI*70037~MOA***MA01*MA07~REF*EA*A65A9EED8C524341A3BA9FC237AFCDF6~DTM*050*20201029~SVC*HC:99213*178.3*61.71**1~DTM*472*20201013~CAS*CO*45*101.16~CAS*PR*2*15.43~REF*LU*11~REF*6R*CP4UHYNNVJQW~AMT*B6*77.14~LQ*HE*N782~SE*249*000000002~GE*1*143~IEA*1*031500143~