ISA*00*          *00*          *ZZ*04112          *29*E13833         *201118*2359*^*00501*032300144*0*P*:~GS*HP*04112*E13833*20201118*2359*144*X*005010X221A1~ST*835*000000002~BPR*I*1956.83*C*ACH*CCP*01*081517693*DA*152302017586*1205296137**01*102106569*DA*2200002989138*20201119~TRN*1*890895642*1205296137~REF*EV*E13833~DTM*405*20201118~N1*PR*NOVITAS SOLUTIONS, INC.~N3*PO BOX 3109~N4*MECHANICSBURG*PA*170551825~REF*2U*04112~PER*CX**TE*8552528782~PER*BL*NOVITAS SOLUTIONS, INC. EDI SERVICES*TE*8552528782*EX*1*EM*WEBSITEEDI@NOVITAS-SOLUTIONS.COM~PER*IC**UR*WWW.NOVITAS-SOLUTIONS.COM~N1*PE*SPANISH PEAKS NEW ALTERNATIV*XX*1508250911~N3*ATTN  BILLING*41 MONTEBELLO ROAD STE 116~N4*PUEBLO*CO*810011366~REF*TJ*841158933~LX*1~CLP*000100042580*19*410.8*117.13*25.29*MB*0220310309660*11*1~NM1*QC*1*BAILEY*RONALD*C***MI*9Y03EA4JN09~NM1*82*1******XX*1659521045~NM1*TT*2*ANTHEM FEP COLORADO*****PI*80034~MOA***MA01*MA18~REF*EA*98ED6F3F68BC420191F0364C185DA65D~DTM*050*20201105~SVC*HC:99214:25*272.99*76.01**1~DTM*472*20201019~CAS*CO*45*177.98~CAS*PR*2*19~REF*LU*11~REF*6R*CPCQAQ47SKDO~AMT*B6*95.01~SVC*HC:G0444*30.75*15.94**1~DTM*472*20201019~CAS*CO*45*14.81~REF*LU*11~REF*6R*CPCQKT80PDAT~AMT*B6*15.94~SVC*HC:G0396*107.06*25.18**1~DTM*472*20201019~CAS*CO*45*75.59~CAS*PR*2*6.29~REF*LU*11~REF*6R*CPCQI1LGN06K~AMT*B6*31.47~CLP*000100041778*19*587.88*156.14*34.97*MB*0220310309620*11*1~NM1*QC*1*BARNARD*DEBORAH****MI*6HG3G79WU79~NM1*82*1******XX*1386181444~NM1*TT*2*COLORADO DEPT OF HEALTH-MEDICAID*****PI*70037~MOA***MA01*MA07~REF*EA*715A37BD10F64BAFA2B5D360E9933371~DTM*050*20201105~SVC*HC:99204:25*450.07*114.94**1~DTM*472*20201006~CAS*CO*45*306.67**144*-0.22~CAS*PR*2*28.68~REF*LU*11~REF*6R*CPCQWRBNZWQB~AMT*B6*143.4~LQ*HE*N807~SVC*HC:G0444*30.75*15.97**1~DTM*472*20201006~CAS*CO*45*14.81**144*-0.03~REF*LU*11~REF*6R*CPCQMMNSTDW2~AMT*B6*15.94~LQ*HE*N807~SVC*HC:G0396*107.06*25.23**1~DTM*472*20201006~CAS*CO*45*75.59**144*-0.05~CAS*PR*2*6.29~REF*LU*11~REF*6R*CPCQBK4JE1SH~AMT*B6*31.47~LQ*HE*N807~CLP*000100042595*19*353.3*198.77*15.43*MB*0220310309510*11*1~NM1*QC*1*BUTCHER*DOROTHY*B***MI*8N55UV9XD56~NM1*82*1******XX*1447291851~NM1*TT*2*UNITEDHEALTH GROUP*****PI*30002~MOA***MA01*MA18~REF*EA*E7A062D0C3CC4C0C9291511701979188~DTM*050*20201105~SVC*HC:99213:25*178.3*61.71**1~DTM*472*20201019~CAS*CO*45*101.16~CAS*PR*2*15.43~REF*LU*11~REF*6R*CPCQSMHCOOMX~AMT*B6*77.14~SVC*HC:G0009*45*17.14**1~DTM*472*20201019~CAS*CO*45*27.86~REF*LU*11~REF*6R*CPCQP6ZZBM4O~AMT*B6*17.14~SVC*HC:90732*130*119.92**1~DTM*472*20201019~CAS*CO*45*10.08~REF*LU*11~REF*6R*CPCQMVMMPR9F~AMT*B6*119.92~CLP*000100041881*1*410.8*86.45*19.53*MB*0220310309590*02*1~NM1*QC*1*CLEVELAND*TOM*W***MI*2VV0C07AE18~NM1*82*1******XX*1164974580~MOA***MA01~REF*EA*67425DB41BBB443CA6690F80598E7ED0~DTM*050*20201105~SVC*HC:99214:25:95*272.99*54.97**1~DTM*472*20201007~CAS*CO*45*204.28~CAS*PR*2*13.74~REF*LU*02~REF*6R*CPCQJ3BCP28B~AMT*B6*68.71~LQ*HE*N535~SVC*HC:G0444:95*30.75*8.34**1~DTM*472*20201007~CAS*CO*45*22.41~REF*LU*02~REF*6R*CPCQ8114027D~AMT*B6*8.34~LQ*HE*N535~SVC*HC:G0396:95*107.06*23.14**1~DTM*472*20201007~CAS*CO*45*78.13~CAS*PR*2*5.79~REF*LU*02~REF*6R*CPCQC63L98XY~AMT*B6*28.93~LQ*HE*N535~CLP*000100042216*19*178.3*52.46*13.11*MB*0220310309630*11*1~NM1*QC*1*COLLIER*COLE*T***MI*5QJ1J98PV32~NM1*82*1******XX*1164974580~NM1*TT*2*COLORADO DEPT OF HEALTH-MEDICAID*****PI*70037~MOA***MA01*MA07~REF*EA*BA76784D814741AFACA690C841CE2DB6~DTM*050*20201105~SVC*HC:99213*178.3*52.46**1~DTM*472*20201013~CAS*CO*45*112.73~CAS*PR*2*13.11~REF*LU*11~REF*6R*CPCQAS7X6P9O~AMT*B6*65.57~CLP*000100041816*19*272.99*54.97*13.74*MB*0220310309680*02*1~NM1*QC*1*GARCIA*PAMELA*D***MI*9KC9FG5NU35~NM1*82*1******XX*1164974580~NM1*TT*2*COLORADO DEPT OF HEALTH-MEDICAID*****PI*70037~MOA***MA01*MA07~REF*EA*7AD3BDB2E83749E5835CDA95500249C0~DTM*050*20201105~SVC*HC:99214*272.99*54.97**1~DTM*472*20201006~CAS*CO*45*204.28~CAS*PR*2*13.74~REF*LU*02~REF*6R*CPCQXN6277E5~AMT*B6*68.71~LQ*HE*N535~CLP*000100042645*19*178.3*52.46*13.11*MB*0220310309610*11*1~NM1*QC*1*GRAVES*JOAN*D***MI*4MY2DC8NX16~NM1*82*1******XX*1164974580~NM1*TT*2*MUTUAL OF OMAHA INSURANCE COMP*****PI*30090~MOA***MA01*MA18~REF*EA*E24C446C05FD44F4B898D4B06EEC81C4~DTM*050*20201105~SVC*HC:99213*178.3*52.46**1~DTM*472*20201020~CAS*CO*45*112.73~CAS*PR*2*13.11~REF*LU*11~REF*6R*CPCQ4KPYRD5N~AMT*B6*65.57~CLP*000100041893*1*593.02*190.37*47.6*MB*0220310309530*11*1~NM1*QC*1*GREEN*DEBORAH*S***MI*5TY0D08EA28~NM1*82*1******XX*1467985713~MOA***MA01~REF*EA*FDF1013A06AF492580266AB291716AEB~DTM*050*20201105~SVC*HC:99214:25*272.99*89.42**1~DTM*472*20201007~CAS*CO*45*161.21~CAS*PR*2*22.36~REF*LU*11~REF*6R*CPCQBB5IM8B0~AMT*B6*111.78~SVC*HC:10060*320.03*100.95**1~DTM*472*20201007~CAS*CO*45*193.84~CAS*PR*2*25.24~REF*LU*11~REF*6R*CPCQ66O5G4FB~AMT*B6*126.19~CLP*000100041700*19*523.93*127.2*31.79*MB*0220310309540*11*1~NM1*QC*1*HAWTHORNE*ROBERT*J***MI*9MN4MT5UE01~NM1*82*1******XX*1396971230~NM1*TT*2*COLORADO DEPT OF HEALTH-MEDICAID*****PI*70037~MOA***MA01*MA07~REF*EA*CBE1CA5FD2E44709889D8F7F0C3D9528~DTM*050*20201105~SVC*HC:99215:25*386.12*102.02**1~DTM*472*20201002~CAS*CO*45*258.6~CAS*PR*2*25.5~REF*LU*11~REF*6R*CPCQCB7LDZOT~AMT*B6*127.52~LQ*HE*N782~SVC*HC:G0444*30.75*0****1~DTM*472*20201002~CAS*CO*119*30.75~REF*LU*11~REF*6R*CPCQEMETEOY1~REF*0K*210.9~LQ*HE*M25~LQ*HE*N362~SVC*HC:G0396*107.06*25.18**1~DTM*472*20201002~CAS*CO*45*75.59~CAS*PR*2*6.29~REF*LU*11~REF*6R*CPCQU1P1IGYA~AMT*B6*31.47~LQ*HE*N782~CLP*000100042030*19*178.3*52.46*13.11*MB*0220310309500*11*1~NM1*QC*1*HAYES*WILBUR*L***MI*5RH6QN3GE58~NM1*82*1******XX*1396971230~NM1*TT*2*UNITEDHEALTH GROUP*****PI*30002~MOA***MA01*MA18~REF*EA*618DDC62111444719D6C5D0B5F371FA2~DTM*050*20201105~SVC*HC:99213*178.3*52.46**1~DTM*472*20201009~CAS*CO*45*112.73~CAS*PR*2*13.11~REF*LU*11~REF*6R*CPCQH9A7D7ZW~AMT*B6*65.57~CLP*000100041945*19*410.8*117.13*25.29*MB*0220310309670*11*1~NM1*QC*1*JOHNSON*JAIME*M***MI*9CD7T00NF35~NM1*82*1******XX*1164974580~NM1*TT*2*COLORADO DEPT OF HEALTH-MEDICAID*****PI*70037~MOA***MA01*MA07~REF*EA*961D61F6D5644D82B2344246D9B43798~DTM*050*20201105~SVC*HC:99214:25:95*272.99*76.01**1~DTM*472*20201007~CAS*CO*45*177.98~CAS*PR*2*19~REF*LU*11~REF*6R*CPCQNBSM00KZ~AMT*B6*95.01~SVC*HC:G0396:95*107.06*25.18**1~DTM*472*20201007~CAS*CO*45*75.59~CAS*PR*2*6.29~REF*LU*11~REF*6R*CPCQC55DNGF5~AMT*B6*31.47~SVC*HC:G0444:95*30.75*15.94**1~DTM*472*20201007~CAS*CO*45*14.81~REF*LU*11~REF*6R*CPCQKHZEHD9K~AMT*B6*15.94~CLP*000100039937*19*209.05*68.4*13.11*MB*0220310309570*11*1~NM1*QC*1*LANDIS*NORMA*J***MI*7TE3DE2RU17~NM1*82*1******XX*1396971230~NM1*TT*2*CHAMPVA-VA HEALTH ADMIN CTR*****PI*80214~MOA***MA01*MA18~REF*EA*AF2E8AB121AA470197BC169C9B2B962E~DTM*050*20201105~SVC*HC:99213:25*178.3*52.46**1~DTM*472*20200901~CAS*CO*45*112.73~CAS*PR*2*13.11~REF*LU*11~REF*6R*CPCQUW4XEWVW~AMT*B6*65.57~SVC*HC:G0444*30.75*15.94**1~DTM*472*20200901~CAS*CO*45*14.81~REF*LU*11~REF*6R*CPCQUU515ZCU~AMT*B6*15.94~CLP*000100039937*19*107.06*25.18*6.29*MB*0220310309580*11*1~NM1*QC*1*LANDIS*NORMA*J***MI*7TE3DE2RU17~NM1*82*1******XX*1396971230~NM1*TT*2*CHAMPVA-VA HEALTH ADMIN CTR*****PI*80214~MOA***MA01*MA18~REF*EA*AC946BF3F28F4EDFB0EAEB4AFDCD128C~DTM*050*20201105~SVC*HC:G0396*107.06*25.18**1~DTM*472*20200901~CAS*CO*45*75.59~CAS*PR*2*6.29~REF*LU*11~REF*6R*CPCQZZC9UEPA~AMT*B6*31.47~CLP*000100041705*1*290.09*105.07*22.36*MB*0220310309710*11*1~NM1*QC*1*MAJORS*BRANDON*T***MI*4XC9X65QR33~NM1*82*1******XX*1467985713~MOA***MA01~REF*EA*AF2877BF2F744A69939B5F06D8067CB0~DTM*050*20201105~SVC*HC:99214:25*272.99*89.42**1~DTM*472*20201002~CAS*CO*45*161.21~CAS*PR*2*22.36~REF*LU*11~REF*6R*CPCQMQJRWMN9~AMT*B6*111.78~SVC*HC:99406*17.1*15.65**1~DTM*472*20201002~CAS*CO*45*1.45~REF*LU*11~REF*6R*CPCQMCA4WHC5~AMT*B6*15.65~CLP*000100042472*19*272.99*64.67*16.17*MB*0220310309490*53*1~NM1*QC*1*MARRONE*JOHN*H***MI*6QM7UN9QU53~NM1*82*1******XX*1467985713~NM1*TT*2*COLORADO DEPT OF HEALTH-MEDICAID*****PI*70037~MOA***MA01*MA07~REF*EA*3A23992D0282419189BCB5974AE5CEE7~DTM*050*20201105~SVC*HC:99214*272.99*64.67**1~DTM*472*20201016~CAS*CO*45*192.15~CAS*PR*2*16.17~REF*LU*53~REF*6R*CPCQEMTXM0CI~AMT*B6*80.84~LQ*HE*N535~LQ*HE*N782~CLP*000100041980*19*226.35*85.91*16.78*MB*0220310309600*11*1~NM1*QC*1*MARTINEZ*DAVID*J***MI*5AW6GX3PM74~NM1*82*1******XX*1447291851~NM1*TT*2*COLORADO DEPT OF HEALTH-MEDICAID*****PI*70037~MOA***MA01*MA07~REF*EA*612B6490F3EE4041B5C278A16A366EF5~DTM*050*20201105~SVC*HC:99212:25*88.54*37.54**1~DTM*472*20201008~CAS*CO*45*41.62~CAS*PR*2*9.38~REF*LU*11~REF*6R*CPCQT3WBG8R8~AMT*B6*46.92~SVC*HC:G0444*30.75*18.75**1~DTM*472*20201008~CAS*CO*45*12~REF*LU*11~REF*6R*CPCQQK81Q4QC~AMT*B6*18.75~SVC*HC:G0396*107.06*29.62**1~DTM*472*20201008~CAS*CO*45*70.04~CAS*PR*2*7.4~REF*LU*11~REF*6R*CPCQNLGA3EMX~AMT*B6*37.02~CLP*000100041962*1*316.11*110.08*22.83*MB*0220310309690*11*1~NM1*QC*1*MONTEZ*TABITHA*L***MI*7YE4K09AM91~NM1*82*1******XX*1447291851~MOA***MA01~REF*EA*DFAB9FF06870408985169D75A25B3382~DTM*050*20201105~SVC*HC:99213:25*178.3*61.71**1~DTM*472*20201008~CAS*CO*45*101.16~CAS*PR*2*15.43~REF*LU*11~REF*6R*CPCQ6WVFNC5E~AMT*B6*77.14~SVC*HC:G0444*30.75*18.75**1~DTM*472*20201008~CAS*CO*45*12~REF*LU*11~REF*6R*CPCQDMD2E5RF~AMT*B6*18.75~SVC*HC:G0396*107.06*29.62**1~DTM*472*20201008~CAS*CO*45*70.04~CAS*PR*2*7.4~REF*LU*11~REF*6R*CPCQNR7E4BUP~AMT*B6*37.02~CLP*000100041850*19*178.3*35.72*8.93*MB*0220310309700*02*1~NM1*QC*1*SANBORN*SARAH****MI*5YV9KE0UR47~NM1*82*1******XX*1164974580~NM1*TT*2*COLORADO DEPT OF HEALTH-MEDICAID*****PI*70037~MOA***MA01*MA07~REF*EA*2FB64481CBD44FECB82E17AC7AAF1A32~DTM*050*20201105~SVC*HC:99213*178.3*35.72**1~DTM*472*20201006~CAS*CO*45*133.65~CAS*PR*2*8.93~REF*LU*02~REF*6R*CPCQ93QROB7I~AMT*B6*44.65~LQ*HE*N535~LQ*HE*N782~CLP*000100040638*2*272.99*30**MB*0220310309640*02*1~NM1*QC*1*TALBERT*DAVID*G***MI*2KE8ND4HY61~NM1*82*1******XX*1336489053~MOA***MA01~REF*EA*26DEF7677C8D4E7AA63A28BA0894AB7A~DTM*050*20201105~SVC*HC:99214*272.99*30**1~DTM*472*20200915~CAS*OA*23*242.99~REF*LU*02~REF*6R*CPCQ8982PLQQ~AMT*B6*68.71~CLP*000100039685*2*493.11*30**MB*0220310309650*02*1~NM1*QC*1*TALBERT*DAVID*G***MI*2KE8ND4HY61~NM1*82*1******XX*1336489053~MOA***MA01~REF*EA*13B71CC28F004B96BF7FF6C151212BB5~DTM*050*20201105~SVC*HC:90792*493.11*30**1~DTM*472*20200825~CAS*OA*23*463.11~REF*LU*02~REF*6R*CPCQOSS0TLOY~AMT*B6*121.76~CLP*000100041796*19*178.3*35.72*8.93*MB*0220310309720*02*1~NM1*QC*1*TURNER*JOSHUA*B***MI*4WX9AW8DT41~NM1*82*1******XX*1164974580~NM1*TT*2*COLORADO DEPT OF HEALTH-MEDICAID*****PI*70037~MOA***MA01*MA07~REF*EA*E7C5DCD223FC4BBCBDCE75688169EB3A~DTM*050*20201105~SVC*HC:99213*178.3*35.72**1~DTM*472*20201006~CAS*CO*45*133.65~CAS*PR*2*8.93~REF*LU*02~REF*6R*CPCQTOX14LU8~AMT*B6*44.65~LQ*HE*N535~CLP*000100041701*19*404.65*100.63*25.1*MB*0220310309550*11*1~NM1*QC*1*VIGIL*ERNESTINE****MI*5D22M96CH97~NM1*82*1******XX*1386181444~NM1*TT*2*COLORADO DEPT OF HEALTH-MEDICAID*****PI*70037~MOA***MA01*MA07~REF*EA*73BF94D133654B2C841BD384A695D1D4~DTM*050*20201105~SVC*HC:99203:25*266.84*75.4**1~DTM*472*20201002~CAS*CO*45*172.77**144*-0.14~CAS*PR*2*18.81~REF*LU*11~REF*6R*CPCQZEK5WCQE~AMT*B6*94.07~LQ*HE*N807~LQ*HE*N782~SVC*HC:G0444*30.75*0****1~DTM*472*20201002~CAS*CO*119*30.75~REF*LU*11~REF*6R*CPCQDLWZIU9S~REF*0K*210.9~LQ*HE*M25~LQ*HE*N362~SVC*HC:G0396*107.06*25.23**1~DTM*472*20201002~CAS*CO*45*75.59**144*-0.05~CAS*PR*2*6.29~REF*LU*11~REF*6R*CPCQW01TMCJZ~AMT*B6*31.47~LQ*HE*N807~LQ*HE*N782~CLP*000100042493*19*178.3*35.72*8.93*MB*0220310309520*02*1~NM1*QC*1*WAGNER*DOROTHY*J***MI*1WH4X03VA65~NM1*82*1******XX*1164974580~NM1*TT*2*COLORADO DEPT OF HEALTH-MEDICAID*****PI*70037~MOA***MA01*MA07~REF*EA*FCB6E02AFC2C4B26B5DFA63C10527FF9~DTM*050*20201105~SVC*HC:99213*178.3*35.72**1~DTM*472*20201016~CAS*CO*45*133.65~CAS*PR*2*8.93~REF*LU*02~REF*6R*CPCQDCDYF3L4~AMT*B6*44.65~LQ*HE*N535~LQ*HE*N782~CLP*000100041960*19*272.99*76.01*19*MB*0220310309560*11*1~NM1*QC*1*ZARATE*JOHN****MI*5XR3EQ4QH90~NM1*82*1******XX*1164974580~NM1*TT*2*COLORADO DEPT OF HEALTH-MEDICAID*****PI*70037~MOA***MA01*MA07~REF*EA*6A5EE7B295044E4B9C0D8D53E2D338EC~DTM*050*20201105~SVC*HC:99214:95*272.99*76.01**1~DTM*472*20201008~CAS*CO*45*177.98~CAS*PR*2*19~REF*LU*11~REF*6R*CPCQ5ZSCO7P5~AMT*B6*95.01~PLB*1508250911*20201231*WO:918320266253140    000100033015*51.82~SE*506*000000002~GE*1*144~IEA*1*032300144~