ISA*00*          *00*          *ZZ*04112          *29*E13833         *201125*2359*^*00501*033000153*0*P*:~GS*HP*04112*E13833*20201125*2359*153*X*005010X221A1~ST*835*000000002~BPR*I*2477.35*C*ACH*CCP*01*081517693*DA*152302017586*1205296137**01*102106569*DA*2200002989138*20201127~TRN*1*890913955*1205296137~REF*EV*E13833~DTM*405*20201125~N1*PR*NOVITAS SOLUTIONS, INC.~N3*PO BOX 3109~N4*MECHANICSBURG*PA*170551825~REF*2U*04112~PER*CX**TE*8552528782~PER*BL*NOVITAS SOLUTIONS, INC. EDI SERVICES*TE*8552528782*EX*1*EM*WEBSITEEDI@NOVITAS-SOLUTIONS.COM~N1*PE*SPANISH PEAKS NEW ALTERNATIV*XX*1508250911~N3*ATTN  BILLING*41 MONTEBELLO ROAD STE 116~N4*PUEBLO*CO*810011366~REF*TJ*841158933~LX*1~CLP*000100040039*1*178.3*61.71*15.43*MB*0220317736360*11*1~NM1*QC*1*BOTELHO*DAWN*M***MI*5VV7XF2AE38~NM1*82*1******XX*1447291851~MOA***MA01~REF*EA*E3644CBD2AE34B0793BB2573F7224E54~DTM*050*20201112~SVC*HC:99213*178.3*61.71**1~DTM*472*20200902~CAS*CO*45*101.16~CAS*PR*2*15.43~REF*LU*11~REF*6R*CPDUR0ASX0UJ~AMT*B6*77.14~CLP*000100040321*19*488.99*248.74*62.18*MB*0220317736380*11*1~NM1*QC*1*CAMP*KAREN*N***MI*6MT2U56KQ95~NM1*82*1******XX*1467985713~NM1*TT*2*BCBS OF KANSAS*****PI*30062~MOA***MA01*MA18~REF*EA*355C8AF00D7E4CD88BFD880BF0C10274~DTM*050*20201112~SVC*HC:99214:25*272.99*89.42**1~DTM*472*20200909~CAS*CO*45*161.21~CAS*PR*2*22.36~REF*LU*11~REF*6R*CPDUD885VJ7J~AMT*B6*111.78~SVC*HC:11301:51*144*108.46**2~DTM*472*20200909~CAS*CO*59*8.43~CAS*PR*2*27.11~REF*LU*11~REF*6R*CPDUA5AKSS2Z~AMT*B6*135.57~SVC*HC:11301:51*72*50.86**1~DTM*472*20200909~CAS*CO*59*8.43~CAS*PR*2*12.71~REF*LU*11~REF*6R*CPDUXSXKOFWO~AMT*B6*63.57~CLP*000100042779*1*178.3*52.46*13.11*MB*0220317736300*11*1~NM1*QC*1*CLEVELAND*TOM*W***MI*2VV0C07AE18~NM1*82*1******XX*1164974580~MOA***MA01~REF*EA*260D1DAE739A4E098920F59DE113256C~DTM*050*20201112~SVC*HC:99213*178.3*52.46**1~DTM*472*20201021~CAS*CO*45*112.73~CAS*PR*2*13.11~REF*LU*11~REF*6R*CPDEDGF94HAV~AMT*B6*65.57~CLP*000100040120*19*410.8*137.79*29.76*MB*0220317736370*11*1~NM1*QC*1*DURAN*PAMELA*S***MI*2W48F60QK51~NM1*82*1******XX*1447291851~NM1*TT*2*CONNECTICUT GENERAL INSURANCE CO*****PI*00018~MOA***MA01*MA18~REF*EA*28978CA2D1DE442C9470DAFCC0C67CBD~DTM*050*20201112~SVC*HC:99214:25*272.99*89.42**1~DTM*472*20200903~CAS*CO*45*161.21~CAS*PR*2*22.36~REF*LU*11~REF*6R*CPDUGZRO8LFS~AMT*B6*111.78~SVC*HC:G0444*30.75*18.75**1~DTM*472*20200903~CAS*CO*45*12~REF*LU*11~REF*6R*CPDUI5NBC57A~AMT*B6*18.75~SVC*HC:G0396*107.06*29.62**1~DTM*472*20200903~CAS*CO*45*70.04~CAS*PR*2*7.4~REF*LU*11~REF*6R*CPDU2P5RM7CX~AMT*B6*37.02~CLP*000100042791*19*272.99*89.42*22.36*MB*0220317736350*11*1~NM1*QC*1*GRIEGO*ALYSIA****MI*5H04YE6YY60~NM1*82*1******XX*1467985713~NM1*TT*2*COLORADO DEPT OF HEALTH-MEDICAID*****PI*70037~MOA***MA01*MA07~REF*EA*E1F976EC337045788607AFC5D03697FE~DTM*050*20201112~SVC*HC:99214*272.99*89.42**1~DTM*472*20201021~CAS*CO*45*161.21~CAS*PR*2*22.36~REF*LU*11~REF*6R*CPDEFTAUK85Y~AMT*B6*111.78~LQ*HE*N782~CLP*000100043018*19*178.3*35.72*8.93*MB*0220317736230*02*1~NM1*QC*1*KLIPFEL*SHARON*L***MI*7DK8P22VU22~NM1*82*1******XX*1164974580~NM1*TT*2*COLORADO DEPT OF HEALTH-MEDICAID*****PI*70037~MOA***MA01*MA07~REF*EA*44D0A4D62C584A85A85158B9D8731F62~DTM*050*20201112~SVC*HC:99213*178.3*35.72**1~DTM*472*20201027~CAS*CO*45*133.65~CAS*PR*2*8.93~REF*LU*02~REF*6R*CPDEAMLCW51E~AMT*B6*44.65~LQ*HE*N535~CLP*000100037525*19*178.3*61.71*15.43*MB*0220317736290*11*1~NM1*QC*1*LANDIS*NORMA*J***MI*7TE3DE2RU17~NM1*82*1******XX*1447291851~NM1*TT*2*CHAMPVA-VA HEALTH ADMIN CTR*****PI*80214~MOA***MA01*MA18~REF*EA*F903D2098C6A424E885010D6B5A64898~DTM*050*20201112~SVC*HC:99213*178.3*61.71**1~DTM*472*20200714~CAS*CO*45*101.16~CAS*PR*2*15.43~REF*LU*11~REF*6R*CPDUT6MC626X~AMT*B6*77.14~CLP*000100042781*19*272.99*89.42*22.36*MB*0220317736310*11*1~NM1*QC*1*LUCERO*JOSEPH*M***MI*2D14J19GD01~NM1*82*1******XX*1447291851~NM1*TT*2*COLORADO DEPT OF HEALTH-MEDICAID*****PI*70037~MOA***MA01*MA07~REF*EA*4DF2F1AA27804C498EE829CD0EA4E20B~DTM*050*20201112~SVC*HC:99214*272.99*89.42**1~DTM*472*20201021~CAS*CO*45*161.21~CAS*PR*2*22.36~REF*LU*11~REF*6R*CPDEDX2VE06L~AMT*B6*111.78~LQ*HE*N782~CLP*000100042140*19*178.3*61.71*15.43*MB*0220317736220*11*1~NM1*QC*1*MURPHY*JAMES*P***MI*9DH1U42AP36~NM1*82*1******XX*1447291851~NM1*TT*2*COLORADO DEPT OF HEALTH-MEDICAID*****PI*70037~MOA***MA01*MA07~REF*EA*71FFFD4188144041A4E36F4A8BFA2328~DTM*050*20201112~SVC*HC:99213:95*178.3*61.71**1~DTM*472*20201012~CAS*CO*45*101.16~CAS*PR*2*15.43~REF*LU*11~REF*6R*CPDESD3UZ6X8~AMT*B6*77.14~LQ*HE*N782~CLP*000100037418*19*401.12*128.63*30*MB*0220317736260*11*1~NM1*QC*1*POLZIN*VICTORIA*D***MI*4HH0QD1MV01~NM1*82*1******XX*1447291851~NM1*TT*2*COLORADO DEPT OF HEALTH-MEDICAID*****PI*70037~MOA***MA01*MA07~REF*EA*9F7485A70AB447B497FC9972119DDDE9~DTM*050*20201112~SVC*HC:99215:25*386.12*120.02**1~DTM*472*20200713~CAS*CO*45*236.1~CAS*PR*2*30~REF*LU*11~REF*6R*CPDU7PGXHD4Y~AMT*B6*150.02~SVC*HC:81025*15*8.61**1~DTM*472*20200713~CAS*CO*45*6.39~REF*LU*11~REF*6R*CPDUN5NZF34W~AMT*B6*8.61~CLP*000100042760*1*178.3*52.46*13.11*MB*0220317736250*11*1~NM1*QC*1*ROBINSON*CAROL****MI*4QY1AK6GY37~NM1*82*1******XX*1396971230~MOA***MA01~REF*EA*8C1EA52B90C94C61B1AE5386FD2B2F8C~DTM*050*20201112~SVC*HC:99213*178.3*52.46**1~DTM*472*20201021~CAS*CO*45*112.73~CAS*PR*2*13.11~REF*LU*11~REF*6R*CPDEFP4VSJRD~AMT*B6*65.57~CLP*000100038644*19*152.81*49.73*6.29*MB*0220317736320*11*1~NM1*QC*1*ROBINSON*JASMINE*R***MI*1JR3A35TV08~NM1*82*1******XX*1164974580~NM1*TT*2*COLORADO DEPT OF HEALTH-MEDICAID*****PI*70037~MOA***MA01*MA07~REF*EA*9D45AAE9301E47CAB73C7D3FB5C1AA0A~DTM*050*20201112~SVC*HC:G0444*30.75*15.94**1~DTM*472*20200805~CAS*CO*45*14.81~REF*LU*11~REF*6R*CPDEW13NY6O1~AMT*B6*15.94~SVC*HC:G0396*107.06*25.18**1~DTM*472*20200805~CAS*CO*45*75.59~CAS*PR*2*6.29~REF*LU*11~REF*6R*CPDEYFTZLVWM~AMT*B6*31.47~LQ*HE*N782~SVC*HC:81025*15*8.61**1~DTM*472*20200805~CAS*CO*45*6.39~REF*LU*11~REF*6R*CPDEU4FGD4Q5~AMT*B6*8.61~CLP*000100043017*1*272.99*89.42*22.36*MB*0220317736340*11*1~NM1*QC*1*SOILEAU*JOSEPH****MI*3RH4PK1NK92~NM1*82*1******XX*1467985713~MOA***MA01~REF*EA*85810ADAA3D14EAC9C28F9F0DD38D6E6~DTM*050*20201112~SVC*HC:99214*272.99*89.42**1~DTM*472*20201027~CAS*CO*45*161.21~CAS*PR*2*22.36~REF*LU*11~REF*6R*CPDESV8CP79Y~AMT*B6*111.78~CLP*000100042920*19*178.3*52.46*13.11*MB*0220317736210*11*1~NM1*QC*1*ST JOHN*RICHARD*W***MI*9M17RJ1GQ62~NM1*82*1******XX*1164974580~NM1*TT*2*LOYAL AMERICAN LIFE INSURANCE CO*****PI*30054~MOA***MA01*MA18~REF*EA*4C5A0BC28BD542AEA6B2D9DBDD8ECC86~DTM*050*20201112~SVC*HC:99213*178.3*52.46**1~DTM*472*20201023~CAS*CO*45*112.73~CAS*PR*2*13.11~REF*LU*11~REF*6R*CPDEJKJE2GI2~AMT*B6*65.57~CLP*000100042769*19*178.3*61.71*15.43*MB*0220317736330*11*1~NM1*QC*1*TILLEY*DARRELL*L***MI*8PU5U13TY73~NM1*82*1******XX*1447291851~NM1*TT*2*LOYAL AMERICAN LIFE INSURANCE CO*****PI*30054~MOA***MA01*MA18~REF*EA*C860BB78A3384428B3F099B362ED7EBD~DTM*050*20201112~SVC*HC:99213*178.3*61.71**1~DTM*472*20201021~CAS*CO*45*101.16~CAS*PR*2*15.43~REF*LU*11~REF*6R*CPDET15PD68T~AMT*B6*77.14~CLP*000100041884*19*2082.29*1062.38*263.44*MB*0220317736240*11*1~NM1*QC*1*TRUJILLO*STEPHANIE*J***MI*4FV2X51TK83~NM1*82*1******XX*1396971230~NM1*TT*2*COLORADO DEPT OF HEALTH-MEDICAID*****PI*70037~MOA***MA01*MA07~REF*EA*5011052BDEC64C2CA9EE80F33E8C23E5~DTM*050*20201112~SVC*HC:99213:25*178.3*52.46**1~DTM*472*20201007~CAS*CO*45*112.73~CAS*PR*2*13.11~REF*LU*11~REF*6R*CPDEQ6PBUV1P~AMT*B6*65.57~SVC*HC:96372*83.99*9.97**1~DTM*472*20201007~CAS*CO*45*71.53~CAS*PR*2*2.49~REF*LU*11~REF*6R*CPDE3PTEZO1K~AMT*B6*12.46~SVC*HC:J2315*1805*991.34**380~DTM*472*20201007~CAS*CO*45*565.82~CAS*PR*2*247.84~REF*LU*11~REF*6R*CPDELJJWJCC5~AMT*B6*1239.18~SVC*HC:81025*15*8.61**1~DTM*472*20201007~CAS*CO*45*6.39~REF*LU*11~REF*6R*CPDEK3GUQKZI~AMT*B6*8.61~CLP*000100042958*19*272.99*89.42*22.36*MB*0220317736280*11*1~NM1*QC*1*WELLS*LAURA*R***MI*7E06R65AM48~NM1*82*1******XX*1467985713~NM1*TT*2*COLORADO DEPT OF HEALTH-MEDICAID*****PI*70037~MOA***MA01*MA07~REF*EA*ABA0B88268CB4C76A9DD77BD16288286~DTM*050*20201112~SVC*HC:99214*272.99*89.42**1~DTM*472*20201023~CAS*CO*45*161.21~CAS*PR*2*22.36~REF*LU*11~REF*6R*CPDERETU93CC~AMT*B6*111.78~LQ*HE*N782~CLP*000100042751*19*178.3*52.46*13.11*MB*0220317736270*11*1~NM1*QC*1*ZARATE*JOHN****MI*5XR3EQ4QH90~NM1*82*1******XX*1164974580~NM1*TT*2*COLORADO DEPT OF HEALTH-MEDICAID*****PI*70037~MOA***MA01*MA07~REF*EA*BB859F7AB4D24C12B8468880134A3795~DTM*050*20201112~SVC*HC:99213*178.3*52.46**1~DTM*472*20201021~CAS*CO*45*112.73~CAS*PR*2*13.11~REF*LU*11~REF*6R*CPDEHBEC8QFA~AMT*B6*65.57~SE*336*000000002~GE*1*153~IEA*1*033000153~