ISA*00*          *00*          *ZZ*04112          *29*E13833         *201202*2359*^*00501*033700139*0*P*:~GS*HP*04112*E13833*20201202*2359*139*X*005010X221A1~ST*835*000000001~BPR*I*814.33*C*ACH*CCP*01*081517693*DA*152302017586*1205296137**01*102106569*DA*2200002989138*20201203~TRN*1*890930791*1205296137~REF*EV*E13833~DTM*405*20201202~N1*PR*NOVITAS SOLUTIONS, INC.~N3*PO BOX 3109~N4*MECHANICSBURG*PA*170551825~REF*2U*04112~PER*CX**TE*8552528782~PER*BL*NOVITAS SOLUTIONS, INC. EDI SERVICES*TE*8552528782*EX*1*EM*WEBSITEEDI@NOVITAS-SOLUTIONS.COM~PER*IC**UR*WWW.NOVITAS-SOLUTIONS.COM~N1*PE*SPANISH PEAKS NEW ALTERNATIV*XX*1508250911~N3*ATTN  BILLING*41 MONTEBELLO ROAD STE 116~N4*PUEBLO*CO*810011366~REF*TJ*841158933~LX*1~CLP*000100043073*19*272.99*76.15*19*MB*0220324309580*11*1~NM1*QC*1*GETTERLY*VALENE****MI*4W18VN3DP41~NM1*82*1******XX*1386181444~NM1*TT*2*COLORADO DEPT OF HEALTH-MEDICAID*****PI*70037~MOA***MA01*MA07~REF*EA*7BEA4F95EF8C454B8CB14246AB5A1E58~DTM*050*20201119~SVC*HC:99214*272.99*76.15**1~DTM*472*20201027~CAS*CO*45*177.98**144*-0.14~CAS*PR*2*19~REF*LU*11~REF*6R*CPDUX0XU5MM2~AMT*B6*95.01~LQ*HE*N807~LQ*HE*N782~CLP*000100042842*19*428.23*133.04*3.52*MB*0220324309570*11*1~NM1*QC*1*GRIEGO SANCHE*MARYJANE*C***MI*6M13PV3YU05~NM1*82*1******XX*1447291851~NM1*TT*2*CIGNA HEALTH & LIFE INS. CO.*****PI*30380~MOA***MA01*MA18~REF*EA*5F7C6D912E6C43698183A83B323D1673~DTM*050*20201119~SVC*HC:G0439:25*373.56*118.96**1~DTM*472*20201022~CAS*CO*45*254.6~REF*LU*11~REF*6R*CPDU8UK732DB~AMT*B6*118.96~SVC*HC:93000*54.67*14.08**1~DTM*472*20201022~CAS*CO*45*37.07~CAS*PR*2*3.52~REF*LU*11~REF*6R*CPDUK3LQRZPS~AMT*B6*17.6~CLP*000100043105*19*178.3*52.46*13.11*MB*0220324309550*11*1~NM1*QC*1*LANDIS*NORMA*J***MI*7TE3DE2RU17~NM1*82*1******XX*1396971230~NM1*TT*2*CHAMPVA-VA HEALTH ADMIN CTR*****PI*80214~MOA***MA01*MA18~REF*EA*A506C84294704B14B0092ACCF9F403B9~DTM*050*20201119~SVC*HC:99213*178.3*52.46**1~DTM*472*20201028~CAS*CO*45*112.73~CAS*PR*2*13.11~REF*LU*11~REF*6R*CPDU0TVV9VX1~AMT*B6*65.57~CLP*000100042905*19*287.99*84.62*19*MB*0220324309520*11*1~NM1*QC*1*POLZIN*VICTORIA*D***MI*4HH0QD1MV01~NM1*82*1******XX*1396971230~NM1*TT*2*COLORADO DEPT OF HEALTH-MEDICAID*****PI*70037~MOA***MA01*MA07~REF*EA*805E40298DDF4C74B4BABF8DDFB03E0B~DTM*050*20201119~SVC*HC:99214:25*272.99*76.01**1~DTM*472*20201023~CAS*CO*45*177.98~CAS*PR*2*19~REF*LU*11~REF*6R*CPDUGP353YUF~AMT*B6*95.01~SVC*HC:81025*15*8.61**1~DTM*472*20201023~CAS*CO*45*6.39~REF*LU*11~REF*6R*CPDUISLJLGKF~AMT*B6*8.61~CLP*000100042606*19*287.99*84.62*19*MB*0220324309530*11*1~NM1*QC*1*POLZIN*VICTORIA*D***MI*4HH0QD1MV01~NM1*82*1******XX*1396971230~NM1*TT*2*COLORADO DEPT OF HEALTH-MEDICAID*****PI*70037~MOA***MA01*MA07~REF*EA*A319B9F4228F45DC81529CA12EBFA985~DTM*050*20201119~SVC*HC:99214:25*272.99*76.01**1~DTM*472*20201020~CAS*CO*45*177.98~CAS*PR*2*19~REF*LU*11~REF*6R*CPDU1GLBZ546~AMT*B6*95.01~SVC*HC:81025*15*8.61**1~DTM*472*20201020~CAS*CO*45*6.39~REF*LU*11~REF*6R*CPDUMK71SYIZ~AMT*B6*8.61~CLP*000100043158*1*178.3*52.46*13.11*MB*0220324309510*11*1~NM1*QC*1*ROBINSON*CAROL****MI*4QY1AK6GY37~NM1*82*1******XX*1396971230~MOA***MA01~REF*EA*25C9844AB33449148F61E4C1AF206437~DTM*050*20201119~SVC*HC:99213*178.3*52.46**1~DTM*472*20201028~CAS*CO*45*112.73~CAS*PR*2*13.11~REF*LU*11~REF*6R*CPDU3ORAQ5LK~AMT*B6*65.57~CLP*000100043097*19*712.88*229.79*52.75*MB*0220324309560*11*1~NM1*QC*1*SCHICK*MARCIA****MI*2NK6A63AP88~NM1*82*1******XX*1467985713~NM1*TT*2*COLORADO DEPT OF HEALTH-MEDICAID*****PI*70037~MOA***MA01*MA07~REF*EA*EC90206B3B544CA283D88BDF1DE143E6~DTM*050*20201119~SVC*HC:99204:25*450.07*134.96**1~DTM*472*20201028~CAS*CO*45*281.37~CAS*PR*2*33.74~REF*LU*11~REF*6R*CPDUM8ASB8UJ~AMT*B6*168.7~SVC*HC:20552*125*46.46**1~DTM*472*20201028~CAS*CO*45*66.93~CAS*PR*2*11.61~REF*LU*11~REF*6R*CPDU01OJLOKF~AMT*B6*58.07~SVC*HC:G0444*30.75*18.75**1~DTM*472*20201028~CAS*CO*45*12~REF*LU*11~REF*6R*CPDUR2Z7GHJS~AMT*B6*18.75~SVC*HC:G0396*107.06*29.62**1~DTM*472*20201028~CAS*CO*45*70.04~CAS*PR*2*7.4~REF*LU*11~REF*6R*CPDUBO8N8L93~AMT*B6*37.02~CLP*000100042917*19*410.8*101.19*25.29*MB*0220324309540*11*1~NM1*QC*1*TREVINO CRUZ*ELVA*A***MI*9FK7DX0QT51~NM1*82*1******XX*1164974580~NM1*TT*2*COLORADO DEPT OF HEALTH-MEDICAID*****PI*70037~MOA***MA01*MA07~REF*EA*A4F980F41BC0440FB7DC0AEBE0338950~DTM*050*20201119~SVC*HC:99214:25*272.99*76.01**1~DTM*472*20201023~CAS*CO*45*177.98~CAS*PR*2*19~REF*LU*11~REF*6R*CPDUCQZ2XTN5~AMT*B6*95.01~LQ*HE*N782~SVC*HC:G0444*30.75*0****1~DTM*472*20201023~CAS*CO*119*30.75~REF*LU*11~REF*6R*CPDUUKDV9B2J~REF*0K*210.9~LQ*HE*M25~LQ*HE*N362~SVC*HC:G0396*107.06*25.18**1~DTM*472*20201023~CAS*CO*45*75.59~CAS*PR*2*6.29~REF*LU*11~REF*6R*CPDUCUEKCJQD~AMT*B6*31.47~LQ*HE*N782~SE*186*000000001~GE*1*139~IEA*1*033700139~