ISA*00*          *00*          *ZZ*COMEDASSISTPROG*ZZ*6769489        *200224*0233*^*00501*100018284*0*P*:~GS*HP*COMEDASSISTPROG*6769489*20200224*023333*100018284*X*005010X221A1~ST*835*000010012~BPR*I*433.78*C*CHK************20200224~TRN*1*000025386*1811725341~REF*EV*1508250911~DTM*405*20200221~N1*PR*CO_TXIX*XV*7912900843~N3*P.O. BOX 30~N4*DENVER*CO*80201~PER*CX*MEDICAID PROVIDER SERVICES*TE*8442352387~PER*BL*MEDICAID PROVIDER SERVICES*TE*8442352387~N1*PE*HEALTH SOLUTIONS MED CENTER*XX*1508250911~REF*TJ*841158933~LX*1~CLP*000100028459*2*134*19**MC*2020052002749~NM1*QC*1*ANDERSON*KATHLEEN*R***MR*P388137~NM1*82*1*GRONEMEYER*LEANNE*R***XX*1659521045~REF*EA*A5254416FF8448269F814342CD4D804B~DTM*232*20200120~DTM*233*20200120~SVC*HC:99214*134*19**1~DTM*472*20200120~CAS*CO*45*115~REF*6R*CPUY7MAEF4B4~AMT*B6*19~LQ*HE*N381~LQ*HE*N381~CLP*000100028271*2*180*69.74**MC*2020052002741~NM1*QC*1*AVILA*ROBERT*B***MR*F251953~NM1*82*1*CADDALI*ESTRELLA*A***XX*1164974580~REF*EA*8C2A12BC859742EBA3FC512526FF04CF~DTM*232*20200115~DTM*233*20200115~SVC*HC:99215*180*69.74**1~DTM*472*20200115~CAS*CO*45*110.26~REF*6R*CPUYI8Z4QGQS~AMT*B6*69.74~LQ*HE*N381~LQ*HE*N381~CLP*000100028542*2*134*19**MC*2020052002734~NM1*QC*1*DIAZ*CARL*J***MR*I533514~NM1*82*1*LUCAS*PEGGI*S***XX*1366419582~REF*EA*E1F9BB98E41440C79B0A397C947B5C01~DTM*232*20200121~DTM*233*20200121~SVC*HC:99214*134*19**1~DTM*472*20200121~CAS*CO*45*115~REF*6R*CPUYJMUCMFYT~AMT*B6*19~LQ*HE*N381~LQ*HE*N381~CLP*000100028919*2*90*5.33**MC*2020052002731~NM1*QC*1*FINTO*TRINA*A***MR*P483240~NM1*82*1*HOOSHMAND-PARSI*KAYHOSROW****XX*1447291851~REF*EA*08109F51635A4F88AE293E7A1E36E7E2~DTM*232*20200127~DTM*233*20200127~SVC*HC:99213*90*5.33**1~DTM*472*20200127~CAS*CO*45*84.67~REF*6R*CPUYZD7JQLE4~AMT*B6*5.33~LQ*HE*N381~LQ*HE*N381~CLP*000100028724*2*90*13.11**MC*2020052002738~NM1*QC*1*GARCIA*LONNIE****MR*A671148~NM1*82*1*CADDALI*ESTRELLA*A***XX*1164974580~REF*EA*75B45A0E76EC42FEAE6A1D094DBFDC42~DTM*232*20200123~DTM*233*20200123~SVC*HC:99213*90*13.11**1~DTM*472*20200123~CAS*CO*45*76.89~REF*6R*CPUY55WKV1VQ~AMT*B6*13.11~LQ*HE*N381~LQ*HE*N381~CLP*000100029295*2*134*95.01**MC*2020052002744~NM1*QC*1*HOBBS*LESLYE*M***MR*Y116733~NM1*82*1*GRONEMEYER*LEANNE*R***XX*1659521045~REF*EA*22EEE2D71E68451297F9E8B68F178738~DTM*232*20200203~DTM*233*20200203~SVC*HC:99214*134*95.01**1~DTM*472*20200203~CAS*CO*45*38.99~REF*6R*CPVEA09XZZHC~AMT*B6*95.01~LQ*HE*N381~LQ*HE*N381~CLP*000100029176*2*134*95.01**MC*2020052002728~NM1*QC*1*REYNOLDS*CATHERINE****MR*P336806~NM1*82*1*GRONEMEYER*LEANNE*R***XX*1659521045~REF*EA*00FA86B6635343F6BB3AD2C85B5A5B1C~DTM*232*20200130~DTM*233*20200130~SVC*HC:99214*134*95.01**1~DTM*472*20200130~CAS*CO*45*38.99~REF*6R*CPVEL9ZUGFQX~AMT*B6*95.01~LQ*HE*N381~LQ*HE*N381~CLP*000100028594*2*205*125.54**MC*2020052002747~NM1*QC*1*TUTTLE*CHRISTOPH*D***MR*W102437~NM1*82*1*CADDALI*ESTRELLA*A***XX*1164974580~REF*EA*1BC55033DB2B431EA4940109C5DE199D~DTM*232*20200122~DTM*233*20200122~SVC*HC:99203:25*145*94.07**1~DTM*472*20200122~CAS*CO*45*50.93~REF*6R*CPUYZL07YFNX~AMT*B6*94.07~LQ*HE*N381~LQ*HE*N381~SVC*HC:G0444*20*0**1~DTM*472*20200122~CAS*CO*45*20~REF*6R*CPUYL8OPII28~SVC*HC:G0396*40*31.47**1~DTM*472*20200122~CAS*OA*P22*8.53~REF*6R*CPUY051VEJMW~AMT*B6*31.47~LQ*HE*MA125~CLP*000100028470*2*134*87.98**MC*2020052002729~NM1*QC*1*VIGIL*CHRISTOPH****MR*F001911~NM1*82*1*GRONEMEYER*LEANNE*R***XX*1659521045~REF*EA*E687A18D74A14A3A93A658243B21D693~DTM*232*20200120~DTM*233*20200120~SVC*HC:99214*134*87.98**1~DTM*472*20200120~CAS*CO*45*46.02~REF*6R*CPUYL3JS68PA~AMT*B6*87.98~LQ*HE*N381~LQ*HE*N381~CLP*000100028687*2*134*19**MC*2020052002750~NM1*QC*1*WAGNER*DOROTHY*J***MR*P790476~NM1*82*1*CADDALI*ESTRELLA*A***XX*1164974580~REF*EA*4F2F1E1311EF49B1BFFDA2F4E1C0BECC~DTM*232*20200123~DTM*233*20200123~SVC*HC:99214*134*19**1~DTM*472*20200123~CAS*CO*45*115~REF*6R*CPUYWL7TSPAH~AMT*B6*19~LQ*HE*N381~LQ*HE*N381~CLP*000100026940*4*245*0**MC*2020050033029~NM1*QC*1*KLIPFEL*SHARON*L***MR*B029833~NM1*82*1*CADDALI*ESTRELLA*A***XX*1164974580~DTM*232*20191218~DTM*233*20191218~SVC*HC:99396:25*175*0**0**1~DTM*472*20191218~CAS*PI*16*175~LQ*HE*M47~SVC*HC:90471*35*0**0**1~DTM*472*20191218~CAS*PI*16*35~LQ*HE*M47~SVC*HC:90674*35*0**0**1~DTM*472*20191218~CAS*PI*16*35~LQ*HE*M47~CLP*000100026940*22*-245*-114.94**MC*2020002041192~NM1*QC*1*KLIPFEL*SHARON*L***MR*B029833~NM1*82*1*CADDALI*ESTRELLA*A***XX*1164974580~REF*EA*10D1D0153D7145C4BB0B3F5551B0F150~DTM*232*20191218~DTM*233*20191218~SVC*HC:99396:25*-175*-114.94**1~DTM*472*20191218~CAS*CO*45*-60.06~REF*6R*CPKEYQ9Q54S0~AMT*B6*114.94~LQ*HE*N381~SVC*HC:90471*-35*0**0**1~DTM*472*20191218~CAS*PI*16*-35~REF*6R*CPKEQIQJQBMY~LQ*HE*MA92~LQ*HE*MA92~LQ*HE*N56~SVC*HC:90674*-35*0**0**1~DTM*472*20191218~CAS*PI*16*-35~REF*6R*CPKE38XDV0C6~LQ*HE*MA92~LQ*HE*MA92~LQ*HE*N56~CLP*000100026940*4*245*0**MC*5920050012174~NM1*QC*1*KLIPFEL*SHARON*L***MR*B029833~NM1*82*1*CADDALI*ESTRELLA*A***XX*1164974580~REF*EA*10D1D0153D7145C4BB0B3F5551B0F150~DTM*232*20191218~DTM*233*20191218~SVC*HC:99396:25*175*0**1~DTM*472*20191218~CAS*CO*129*175~REF*6R*CPKEYQ9Q54S0~LQ*HE*N59~SVC*HC:90471*35*0**0**1~DTM*472*20191218~CAS*CO*129*35~REF*6R*CPKEQIQJQBMY~LQ*HE*N59~SVC*HC:90674*35*0**0**1~DTM*472*20191218~CAS*CO*129*35~REF*6R*CPKE38XDV0C6~LQ*HE*N59~PLB*1508250911*20201231*CS:0000374434098*-114.94*CS:0000374434098*114.94~SE*219*000010012~GE*1*100018284~IEA*1*100018284~