ISA*00*          *00*          *ZZ*COMEDASSISTPROG*ZZ*6769489        *191021*0231*^*00501*200004027*0*P*:~GS*HP*COMEDASSISTPROG*6769489*20191021*023110*200004027*X*005010X221A1~ST*835*000010013~BPR*I*20953.84*C*ACH*CCP*01*075911603*DA*00000004556640373*1811725341**01*102000076*DA*2838835219*20191021~TRN*1*000792696*1811725341~REF*EV*1508250911~DTM*405*20191018~N1*PR*CO_TXIX*XV*7912900843~N3*P.O. BOX 30~N4*DENVER*CO*80201~PER*CX*MEDICAID PROVIDER SERVICES*TE*8442352387~PER*BL*MEDICAID PROVIDER SERVICES*TE*8442352387~N1*PE*HEALTH SOLUTIONS MED CENTER*XX*1508250911~REF*TJ*841158933~LX*1~CLP*000100022845*2*134*9.79**MC*2019290005379~NM1*QC*1*CLARK*PATRICK*M***MR*O278601~NM1*82*1*HOOSHMAND-PARSI*KAYHOSROW****XX*1447291851~REF*EA*CC651391745C4D78BBC59C193A378ABD~DTM*232*20190926~DTM*233*20190926~SVC*HC:99214*134*9.79**1~DTM*472*20190926~CAS*CO*45*124.21~REF*6R*CPVTL96IHWDW~AMT*B6*9.79~LQ*HE*N381~LQ*HE*N381~CLP*000100022744*2*54*3.07**MC*2019290005365~NM1*QC*1*COLLIER*COLE*T***MR*Y002360~NM1*82*1*HOOSHMAND-PARSI*KAYHOSROW****XX*1447291851~REF*EA*CD225E92B2A04AC4A2AD8D17CDDB4544~DTM*232*20190925~DTM*233*20190925~SVC*HC:99212*54*3.07**1~DTM*472*20190925~CAS*CO*45*50.93~REF*6R*CPVTOZC68H47~AMT*B6*3.07~LQ*HE*N381~LQ*HE*N381~CLP*000100022854*2*90*6.14**MC*2019290005383~NM1*QC*1*HIJAR CONVERS*PATRICIA****MR*C886363~NM1*74*1*CONVERSE~NM1*82*1*HOOSHMAND-PARSI*KAYHOSROW****XX*1447291851~REF*EA*8D9B70DD6653489889AA7CA7377EAE70~DTM*232*20190926~DTM*233*20190926~SVC*HC:99213*90*6.14**1~DTM*472*20190926~CAS*CO*45*83.86~REF*6R*CPVTCZZ0JH2D~AMT*B6*6.14~LQ*HE*N381~LQ*HE*N381~CLP*000100022791*2*134*9.79**MC*2019290005388~NM1*QC*1*ENCINA*MARTA****MR*I139437~NM1*82*1*HOOSHMAND-PARSI*KAYHOSROW****XX*1447291851~REF*EA*FF1E34CE29E54BD68D9E48A626720CC0~DTM*232*20190925~DTM*233*20190925~SVC*HC:99214*134*9.79**1~DTM*472*20190925~CAS*CO*45*124.21~REF*6R*CPVT43N4DKPE~AMT*B6*9.79~LQ*HE*N381~LQ*HE*N381~CLP*000100022794*2*134*9.79**MC*2019290005355~NM1*QC*1*FELLNER*CYNTHIA*D***MR*G408163~NM1*82*1*HOOSHMAND-PARSI*KAYHOSROW****XX*1447291851~REF*EA*CA97ED2F89B244238AAF708D43E8CC42~DTM*232*20190925~DTM*233*20190925~SVC*HC:99214*134*9.79**1~DTM*472*20190925~CAS*CO*45*124.21~REF*6R*CPVT2V081030~AMT*B6*9.79~LQ*HE*N381~LQ*HE*N381~CLP*000100022840*2*90*6.14**MC*2019290005376~NM1*QC*1*FORTUNE*CATHERINE*M***MR*O812250~NM1*82*1*HOOSHMAND-PARSI*KAYHOSROW****XX*1447291851~REF*EA*C7A7571666344DFFB41A018A1BA062CC~DTM*232*20190926~DTM*233*20190926~SVC*HC:99213*90*6.14**1~DTM*472*20190926~CAS*CO*45*83.86~REF*6R*CPVTLE4Q9S0F~AMT*B6*6.14~LQ*HE*N381~LQ*HE*N381~CLP*000100022949*2*134*9.79**MC*2019291003704~NM1*QC*1*JOHA*DARLA*L***MR*H540882~NM1*82*1*HOOSHMAND-PARSI*KAYHOSROW****XX*1447291851~REF*EA*489D87039EB64A0F87D5F52671DA9166~DTM*232*20190930~DTM*233*20190930~SVC*HC:99214*134*9.79**1~DTM*472*20190930~CAS*CO*45*124.21~REF*6R*CP2D8Z3JJA65~AMT*B6*9.79~LQ*HE*N381~LQ*HE*N381~CLP*000100022814*2*90*6.14**MC*2019290005370~NM1*QC*1*JOHNSON*JAIME*M***MR*M613609~NM1*82*1*HOOSHMAND-PARSI*KAYHOSROW****XX*1447291851~REF*EA*AFC6923074B54326BBFE37E5AEDAD3F5~DTM*232*20190926~DTM*233*20190926~SVC*HC:99213*90*6.14**1~DTM*472*20190926~CAS*CO*45*83.86~REF*6R*CPVTSB2AKYK4~AMT*B6*6.14~LQ*HE*N381~LQ*HE*N381~CLP*000100022504*2*55*0**MC*2019290054846~NM1*QC*1*LOPEZ*JOSE****MR*I605668~NM1*82*1*CADDALI*ESTRELLA*A***XX*1164974580~REF*EA*E0D092B6716E4E699259EA859EAB9BD1~DTM*232*20190918~DTM*233*20190918~SVC*HC:69200*55*0**1~DTM*472*20190918~CAS*CO*45*26.91~CAS*OA*23*28.09~REF*6R*CP392S0IU7ZW~LQ*HE*N381~LQ*HE*N381~CLP*000100022354*2*25*0**MC*2019285002329~NM1*QC*1*TYNAN*NICOLE****MR*J159994~NM1*82*1*HOOSHMAND-PARSI*KAYHOSROW****XX*1447291851~REF*EA*CA9511319C4247918B8D26555A0A9540~DTM*232*20190913~DTM*233*20190913~SVC*HC:99211*25*0**1~DTM*472*20190913~CAS*CO*45*6.9~CAS*OA*23*18.1~REF*6R*CPUHYEM1D5OD~LQ*HE*N381~LQ*HE*N381~CLP*39669*4*246.28*0**MC*2219288006938~NM1*QC*1*SOILEAU*JOSEPH*W***MR*O245736~DTM*232*20190731~DTM*233*20190731~SVC*HC:99205:25*190*0**0**1~DTM*472*20190731~CAS*PI*96*190~REF*HPI*1366419582~LQ*HE*N56~SVC*HC:G0444*20.12*0**0**1~DTM*472*20190731~CAS*PI*96*20.12~REF*HPI*1366419582~LQ*HE*N56~SVC*HC:G0396*36.16*0**0**1~DTM*472*20190731~CAS*CO*56*36.16~REF*HPI*1366419582~LQ*HE*N130~CLP*000100023653*1*175*114.94**MC*2019290061005~NM1*QC*1*ALBERT*RICHARD*C***MR*O437978~NM1*82*1*GRONEMEYER*LEANNE*R***XX*1659521045~REF*EA*65BA4EB66BD041D88A616F84B9E91267~DTM*232*20191014~DTM*233*20191014~SVC*HC:99396*175*114.94**1~DTM*472*20191014~CAS*CO*45*60.06~REF*6R*CP39P0ZCFI22~AMT*B6*114.94~LQ*HE*N381~CLP*000100023417*1*281*191.03**MC*2019287060149~NM1*QC*1*ALLISON*JAXON****MR*Y010654~NM1*82*1*LUCAS*PEGGI*S***XX*1366419582~REF*EA*91326C9321CC48FFBAB8C59F41C256C5~DTM*232*20191009~DTM*233*20191009~SVC*HC:99204:25*205*149.59**1~DTM*472*20191009~CAS*CO*45*55.41~REF*6R*CP3X2KNLQM91~AMT*B6*149.59~LQ*HE*N381~SVC*HC:H0049*36*10.92**1~DTM*472*20191009~CAS*CO*45*25.08~REF*6R*CP3XKI2B2AUL~AMT*B6*10.92~LQ*HE*N381~SVC*HC:G8431*40*30.52**1~DTM*472*20191009~CAS*CO*45*9.48~REF*6R*CP3XNXOW7BY1~AMT*B6*30.52~LQ*HE*N381~CLP*000100023590*1*134*97.11**MC*2019288052693~NM1*QC*1*ALLISON*JAXON****MR*Y010654~NM1*82*1*LUCAS*PEGGI*S***XX*1366419582~REF*EA*64FEFF1A46ED4458856AF08F710990E9~DTM*232*20191011~DTM*233*20191011~SVC*HC:99214*134*97.11**1~DTM*472*20191011~CAS*CO*45*36.89~REF*6R*CP3P3P8Z4A0S~AMT*B6*97.11~LQ*HE*N381~CLP*000100023477*1*134*95.11*2*MC*2019287060207~NM1*QC*1*ANDREWS*HEIDI****MR*O787323~NM1*82*1*GRONEMEYER*LEANNE*R***XX*1659521045~REF*EA*A29EF364E8684437BDCC7E9BD3B90AEA~DTM*232*20191009~DTM*233*20191009~SVC*HC:99214*134*95.11**1~DTM*472*20191009~CAS*PR*3*2~CAS*CO*45*36.89~REF*6R*CP3X336K8CEU~AMT*B6*97.11~LQ*HE*N381~LQ*HE*N381~CLP*000100023561*1*90*65.81**MC*2019288052793~NM1*QC*1*ANTHONY*MELVIN*T***MR*Y839789~NM1*82*1*CADDALI*ESTRELLA*A***XX*1164974580~REF*EA*DE79DBDEA0FD44DA8179B47E58BB3DC3~DTM*232*20191011~DTM*233*20191011~SVC*HC:99213*90*65.81**1~DTM*472*20191011~CAS*CO*45*24.19~REF*6R*CP3PYZH6R97I~AMT*B6*65.81~LQ*HE*N381~CLP*000100023392*1*149*103.45*2*MC*2019287059936~NM1*QC*1*APODACA*RAQUEL*L***MR*F222913~NM1*82*1*HOOSHMAND-PARSI*KAYHOSROW****XX*1447291851~REF*EA*FF2B0DCB77154F059131FF9FCF84A653~DTM*232*20191008~DTM*233*20191008~SVC*HC:99214:25*134*95.11**1~DTM*472*20191008~CAS*PR*3*2~CAS*CO*45*36.89~REF*6R*CP3XIBFKZMHN~AMT*B6*97.11~LQ*HE*N381~LQ*HE*N381~SVC*HC:81025*15*8.34**1~DTM*472*20191008~CAS*CO*45*6.66~REF*6R*CP3XQBDBOPQB~AMT*B6*8.34~LQ*HE*N381~CLP*000100023376*1*281*171.51**MC*2019287060032~NM1*QC*1*ARAGON*NESTOR****MR*R427575~NM1*82*1*LUCAS*PEGGI*S***XX*1366419582~REF*EA*2833A2142CE0419C98096D5C1F881F72~DTM*232*20191008~DTM*233*20191008~SVC*HC:99204:25*205*149.59**1~DTM*472*20191008~CAS*CO*45*55.41~REF*6R*CP3XYUWCWGRX~AMT*B6*149.59~LQ*HE*N381~SVC*HC:H0049*36*10.92**1~DTM*472*20191008~CAS*CO*45*25.08~REF*6R*CP3XT1KQVDO7~AMT*B6*10.92~LQ*HE*N381~SVC*HC:G8510*40*11**1~DTM*472*20191008~CAS*CO*45*29~REF*6R*CP3XX88I2F9R~AMT*B6*11~LQ*HE*N381~CLP*000100023726*1*165*107.82**MC*2019290061177~NM1*QC*1*ARCHULETA*DAVID*M***MR*D940730~NM1*82*1*SEARLES*DENISE*A***XX*1396971230~REF*EA*E838D336D02444A6A41EA8EA53341CC8~DTM*232*20191015~DTM*233*20191015~SVC*HC:99395*165*107.82**1~DTM*472*20191015~CAS*CO*45*57.18~REF*6R*CP39Z0SI5O4Y~AMT*B6*107.82~LQ*HE*N381~CLP*000100023474*1*65*55.35**MC*2019287060212~NM1*QC*1*ARMSTRONG*JONATHON*H***MR*N774392~NM1*82*1*LEWIS*HOLLY*G***XX*1295234128~REF*EA*8D3FFFC2DB044F50A1636B6E12C8DF71~DTM*232*20191009~DTM*233*20191009~SVC*HC:90832*65*55.35**1~DTM*472*20191009~CAS*CO*45*9.65~REF*6R*CP3XWYKK2YCG~AMT*B6*55.35~LQ*HE*N381~CLP*000100023464*1*145*97.43**MC*2019287060218~NM1*QC*1*ARMSTRONG*JONATHON*H***MR*N774392~NM1*82*1*CADDALI*ESTRELLA*A***XX*1164974580~REF*EA*1A108EF93B8D4F2D9726554F2FC93ECE~DTM*232*20191009~DTM*233*20191009~SVC*HC:99203*145*97.43**1~DTM*472*20191009~CAS*CO*45*47.57~REF*6R*CP3XOEUCGLWD~AMT*B6*97.43~LQ*HE*N381~CLP*000100023707*1*144.77*97.11**MC*2019290061484~NM1*QC*1*ARPAN*AZELIA*T***MR*Y992951~NM1*82*1*GRONEMEYER*LEANNE*R***XX*1659521045~REF*EA*D3F766D68E294913A3109BB0DFDEC5FA~DTM*232*20191015~DTM*233*20191015~SVC*HC:99214:25*134*97.11**1~DTM*472*20191015~CAS*CO*45*36.89~REF*6R*CP39UI2MS97D~AMT*B6*97.11~LQ*HE*N381~SVC*HC:87880*10.77*0**0**1~DTM*472*20191015~CAS*PI*B7*10.77~REF*6R*CP39DRQL60I8~LQ*HE*MA120~CLP*000100023483*1*149*105.45**MC*2019287060086~NM1*QC*1*AVILA*KRISTA*M***MR*K943511~NM1*82*1*SEARLES*DENISE*A***XX*1396971230~REF*EA*066759F07BFB4A1299652289C2B33840~DTM*232*20191010~DTM*233*20191010~SVC*HC:99214:25*134*97.11**1~DTM*472*20191010~CAS*CO*45*36.89~REF*6R*CP3XHNI9WZPW~AMT*B6*97.11~LQ*HE*N381~SVC*HC:81025*15*8.34**1~DTM*472*20191010~CAS*CO*45*6.66~REF*6R*CP3X8KAA9X8Y~AMT*B6*8.34~LQ*HE*N381~CLP*000100023699*1*134*95.11*2*MC*2019290061364~NM1*QC*1*AZZAM*KELLI*J***MR*T224226~NM1*82*1*GRONEMEYER*LEANNE*R***XX*1659521045~REF*EA*A9E5D1F03DEE4A6DAB4DA21D0DD579ED~DTM*232*20191015~DTM*233*20191015~SVC*HC:99214*134*95.11**1~DTM*472*20191015~CAS*PR*3*2~CAS*CO*45*36.89~REF*6R*CP390KSM5WQD~AMT*B6*97.11~LQ*HE*N381~LQ*HE*N381~CLP*000100023410*1*1895*1259.01**MC*2019287060185~NM1*QC*1*BACA*DONOVAN*D***MR*U406657~NM1*82*1*GRONEMEYER*LEANNE*R***XX*1659521045~REF*EA*B259698C64134EBD9FAFE386C970B9B9~DTM*232*20191009~DTM*233*20191009~SVC*HC:99213:25*90*65.81**1~DTM*472*20191009~CAS*CO*45*24.19~REF*6R*CP3XQHMEH7NM~AMT*B6*65.81~LQ*HE*N381~SVC*HC:J2315*1805*1193.2**380~DTM*472*20191009~CAS*CO*45*611.8~REF*6R*CP3XI6FOSNXU~AMT*B6*1193.2~LQ*HE*N381~CLP*000100023742*1*134*97.11**MC*2019290061297~NM1*QC*1*BACKUSH*SUMAYAH*H***MR*Y862562~NM1*82*1*GRONEMEYER*LEANNE*R***XX*1659521045~REF*EA*4014774A804B4D48A23F24B4048F7E03~DTM*232*20191015~DTM*233*20191015~SVC*HC:99214*134*97.11**1~DTM*472*20191015~CAS*CO*45*36.89~REF*6R*CP39GD13C9XZ~AMT*B6*97.11~LQ*HE*N381~CLP*000100023652*1*134*97.11**MC*2019290061518~NM1*QC*1*BAKER*TYRIE*R***MR*Q329871~NM1*82*1*HOOSHMAND-PARSI*KAYHOSROW****XX*1447291851~REF*EA*C300986B3E0A472EB448F6E3210D6870~DTM*232*20191014~DTM*233*20191014~SVC*HC:99214*134*97.11**1~DTM*472*20191014~CAS*CO*45*36.89~REF*6R*CP399RZ9ZYE2~AMT*B6*97.11~LQ*HE*N381~CLP*000100023502*1*149*105.45**MC*2019287060139~NM1*QC*1*BANKSTON*AMANDA*M***MR*G892642~NM1*82*1*SEARLES*DENISE*A***XX*1396971230~REF*EA*6345A9ECEE6941A399E7F9C8F7713B5A~DTM*232*20191010~DTM*233*20191010~SVC*HC:99214:25*134*97.11**1~DTM*472*20191010~CAS*CO*45*36.89~REF*6R*CP3XBTQC4ZU6~AMT*B6*97.11~LQ*HE*N381~SVC*HC:81025*15*8.34**1~DTM*472*20191010~CAS*CO*45*6.66~REF*6R*CP3X79Q5X15X~AMT*B6*8.34~LQ*HE*N381~CLP*000100023681*1*105*74.15**MC*2019290061207~NM1*QC*1*BAROS*MELANIE*A***MR*L096798~NM1*82*1*HOOSHMAND-PARSI*KAYHOSROW****XX*1447291851~REF*EA*F7B4B17B8939427E81EF8748DCAC14E6~DTM*232*20191015~DTM*233*20191015~SVC*HC:99213:25*90*65.81**1~DTM*472*20191015~CAS*CO*45*24.19~REF*6R*CP395VSLA1E2~AMT*B6*65.81~LQ*HE*N381~SVC*HC:81025*15*8.34**1~DTM*472*20191015~CAS*CO*45*6.66~REF*6R*CP393RJ51DMK~AMT*B6*8.34~LQ*HE*N381~CLP*000100021782*1*15*8.34**MC*2019288052498~NM1*QC*1*BOULIER*JEWEL*R***MR*W913486~NM1*82*1*SEARLES*DENISE*A***XX*1396971230~REF*EA*B1EA607E2841447499539894C44F446D~DTM*232*20190829~DTM*233*20190829~SVC*HC:81025*15*8.34**1~DTM*472*20190829~CAS*CO*45*6.66~REF*6R*CP3P6QS9JB1D~AMT*B6*8.34~LQ*HE*N381~CLP*000100021782*1*134*97.11**MC*2019290061107~NM1*QC*1*BOULIER*JEWEL*R***MR*W913486~NM1*82*1*SEARLES*DENISE*A***XX*1396971230~REF*EA*1984772591C94A418B7B0503EC0FB435~DTM*232*20190829~DTM*233*20190829~SVC*HC:99214:25*134*97.11**1~DTM*472*20190829~CAS*CO*45*36.89~REF*6R*CP39BTYNNVFX~AMT*B6*97.11~LQ*HE*N381~CLP*000100023739*1*134*97.11**MC*2019290061243~NM1*QC*1*BURACKER MARTINEZ*BRENDON*G***MR*Y807368~NM1*74*1*BURACKERMARTINE~NM1*82*1*GRONEMEYER*LEANNE*R***XX*1659521045~REF*EA*D12135528BC64F41B1442CE19467C191~DTM*232*20191015~DTM*233*20191015~SVC*HC:99214*134*97.11**1~DTM*472*20191015~CAS*CO*45*36.89~REF*6R*CP39TCLUMMO4~AMT*B6*97.11~LQ*HE*N381~CLP*000100023430*1*105*72.15*2*MC*2019287059966~NM1*QC*1*BUSTILLOS*DESIREE****MR*Y193127~NM1*82*1*LANE*DELLA*J***XX*1417151630~REF*EA*0DD878F537F3440688952D46DEA263C0~DTM*232*20191009~DTM*233*20191009~SVC*HC:99213:25*90*63.81**1~DTM*472*20191009~CAS*PR*3*2~CAS*CO*45*24.19~REF*6R*CP3X6LTYFZOT~AMT*B6*65.81~LQ*HE*N381~LQ*HE*N381~SVC*HC:81025*15*8.34**1~DTM*472*20191009~CAS*CO*45*6.66~REF*6R*CP3XKGUOKUM4~AMT*B6*8.34~LQ*HE*N381~CLP*000100023390*1*149*103.45*2*MC*2019287060169~NM1*QC*1*CALDERON*DAVINA*R***MR*J450070~NM1*82*1*HOOSHMAND-PARSI*KAYHOSROW****XX*1447291851~REF*EA*A8168D3169584806A8C0B09F922AA3A5~DTM*232*20191008~DTM*233*20191008~SVC*HC:99214:25*134*95.11**1~DTM*472*20191008~CAS*PR*3*2~CAS*CO*45*36.89~REF*6R*CP3XDBVUML52~AMT*B6*97.11~LQ*HE*N381~LQ*HE*N381~SVC*HC:81025*15*8.34**1~DTM*472*20191008~CAS*CO*45*6.66~REF*6R*CP3XT5TE8TW1~AMT*B6*8.34~LQ*HE*N381~CLP*000100023565*1*134*97.11**MC*2019288052528~NM1*QC*1*CALKINS*CARISSA****MR*P086416~NM1*82*1*LUCAS*PEGGI*S***XX*1366419582~REF*EA*21F817498D1C4B0A832AA254DD6D1048~DTM*232*20191011~DTM*233*20191011~SVC*HC:99214*134*97.11**1~DTM*472*20191011~CAS*CO*45*36.89~REF*6R*CP3PDRAS24FN~AMT*B6*97.11~LQ*HE*N381~CLP*000100023331*1*221*119.35**MC*2019287060009~NM1*QC*1*CARROL*ERIC****MR*P857714~NM1*74*1*CARROLL~NM1*82*1*SEARLES*DENISE*A***XX*1396971230~REF*EA*5D80BDEBD7DF48E895EEEF9456A7FA94~DTM*232*20191008~DTM*233*20191008~SVC*HC:99203:25*145*97.43**1~DTM*472*20191008~CAS*CO*45*47.57~REF*6R*CP3X9V7UZ6NO~AMT*B6*97.43~LQ*HE*N381~SVC*HC:H0049*36*10.92**1~DTM*472*20191008~CAS*CO*45*25.08~REF*6R*CP3X2GXEOUTD~AMT*B6*10.92~LQ*HE*N381~SVC*HC:G8510*40*11**1~DTM*472*20191008~CAS*CO*45*29~REF*6R*CP3XEA9YNIEP~AMT*B6*11~LQ*HE*N381~CLP*000100023631*1*134*97.11**MC*2019290061286~NM1*QC*1*CASACK*JACOB****MR*Y190717~NM1*82*1*LUCAS*PEGGI*S***XX*1366419582~REF*EA*9F405A4D925649999528C11ED989436A~DTM*232*20191014~DTM*233*20191014~SVC*HC:99214*134*97.11**1~DTM*472*20191014~CAS*CO*45*36.89~REF*6R*CP39U1DK0Q0I~AMT*B6*97.11~LQ*HE*N381~CLP*000100023668*1*90*65.81**MC*2019290061227~NM1*QC*1*CHAVEZ*CLAYTON*J***MR*H783417~NM1*82*1*CADDALI*ESTRELLA*A***XX*1164974580~REF*EA*8135E4927E0644C886AC9CF9AC652A6B~DTM*232*20191015~DTM*233*20191015~SVC*HC:99213*90*65.81**1~DTM*472*20191015~CAS*CO*45*24.19~REF*6R*CP39J9CDJR77~AMT*B6*65.81~LQ*HE*N381~CLP*000100023569*1*165*107.82**MC*2019288052765~NM1*QC*1*CHAVEZ*DALTON****MR*Q846049~NM1*82*1*SEARLES*DENISE*A***XX*1396971230~REF*EA*7EFD66499EF74FBEA7DEBE47AF96CEAA~DTM*232*20191011~DTM*233*20191011~SVC*HC:99395*165*107.82**1~DTM*472*20191011~CAS*CO*45*57.18~REF*6R*CP3PJX3CZTBU~AMT*B6*107.82~LQ*HE*N381~CLP*000100023678*1*134*97.11**MC*2019290061471~NM1*QC*1*CHAVEZ*DALTON****MR*Q846049~NM1*82*1*HOOSHMAND-PARSI*KAYHOSROW****XX*1447291851~REF*EA*B61153E5D25345D6A378F43E5C0FF94F~DTM*232*20191015~DTM*233*20191015~SVC*HC:99214*134*97.11**1~DTM*472*20191015~CAS*CO*45*36.89~REF*6R*CP39LJF8N2TL~AMT*B6*97.11~LQ*HE*N381~CLP*000100023546*1*149*105.45**MC*2019288052272~NM1*QC*1*CHAVEZ*MELISSA****MR*J002962~NM1*82*1*SEARLES*DENISE*A***XX*1396971230~REF*EA*C4C593F8E54647309343E6F83F4ECE9C~DTM*232*20191011~DTM*233*20191011~SVC*HC:99214:25*134*97.11**1~DTM*472*20191011~CAS*CO*45*36.89~REF*6R*CP3PB5CDM3LR~AMT*B6*97.11~LQ*HE*N381~SVC*HC:81025*15*8.34**1~DTM*472*20191011~CAS*CO*45*6.66~REF*6R*CP3PCMQTFM9U~AMT*B6*8.34~LQ*HE*N381~CLP*000100023708*1*124*78.59*2*MC*2019290061185~NM1*QC*1*CORDOVA*GINA****MR*Q922006~NM1*82*1*GRONEMEYER*LEANNE*R***XX*1659521045~REF*EA*F02EF2156B4541A8AE8FFBA16C5E0B19~DTM*232*20191015~DTM*233*20191015~SVC*HC:99212:25*54*37.39**1~DTM*472*20191015~CAS*PR*3*2~CAS*CO*45*14.61~REF*6R*CP39KL0F07ZS~AMT*B6*39.39~LQ*HE*N381~LQ*HE*N381~SVC*HC:90471*35*19.46**1~DTM*472*20191015~CAS*CO*45*15.54~REF*6R*CP39NHWIC051~AMT*B6*19.46~LQ*HE*N381~SVC*HC:90674*35*21.74**1~DTM*472*20191015~CAS*CO*45*13.26~REF*6R*CP39V77LRGOW~AMT*B6*21.74~LQ*HE*N381~CLP*000100023690*1*296*199.37**MC*2019290061406~NM1*QC*1*CORDOVA*REBECCA*E***MR*Y334431~NM1*82*1*HOOSHMAND-PARSI*KAYHOSROW****XX*1447291851~REF*EA*D8B09667E184417486B3192544B394A9~DTM*232*20191015~DTM*233*20191015~SVC*HC:99204:25*205*149.59**1~DTM*472*20191015~CAS*CO*45*55.41~REF*6R*CP39J8XHNOV9~AMT*B6*149.59~LQ*HE*N381~SVC*HC:H0049*36*10.92**1~DTM*472*20191015~CAS*CO*45*25.08~REF*6R*CP39RH6HIPYD~AMT*B6*10.92~LQ*HE*N381~SVC*HC:G8431*40*30.52**1~DTM*472*20191015~CAS*CO*45*9.48~REF*6R*CP398UNO1CV0~AMT*B6*30.52~LQ*HE*N381~SVC*HC:81025*15*8.34**1~DTM*472*20191015~CAS*CO*45*6.66~REF*6R*CP39PL60Z4SR~AMT*B6*8.34~LQ*HE*N381~CLP*000100023388*1*149*105.45**MC*2019287060061~NM1*QC*1*CRUZ*MARIAH****MR*U875752~NM1*82*1*HOOSHMAND-PARSI*KAYHOSROW****XX*1447291851~REF*EA*D0C063FFC6114C23B85DCB31D74719DC~DTM*232*20191008~DTM*233*20191008~SVC*HC:99214:25*134*97.11**1~DTM*472*20191008~CAS*CO*45*36.89~REF*6R*CP3XCMCWY5AQ~AMT*B6*97.11~LQ*HE*N381~SVC*HC:81025*15*8.34**1~DTM*472*20191008~CAS*CO*45*6.66~REF*6R*CP3XOZZSW6WG~AMT*B6*8.34~LQ*HE*N381~CLP*000100023634*1*105*74.15**MC*2019290061155~NM1*QC*1*CRUZ*MARIAH****MR*U875752~NM1*82*1*HOOSHMAND-PARSI*KAYHOSROW****XX*1447291851~REF*EA*F316BCA5E791457A83FC90C8B7AE07BC~DTM*232*20191014~DTM*233*20191014~SVC*HC:99213:25*90*65.81**1~DTM*472*20191014~CAS*CO*45*24.19~REF*6R*CP39DOU8IERY~AMT*B6*65.81~LQ*HE*N381~SVC*HC:81025*15*8.34**1~DTM*472*20191014~CAS*CO*45*6.66~REF*6R*CP39OL51GZXL~AMT*B6*8.34~LQ*HE*N381~CLP*000100023488*1*134*97.11**MC*2019290061477~NM1*QC*1*DAVIS*ZACHARIAH*C***MR*Y127898~NM1*82*1*GRONEMEYER*LEANNE*R***XX*1659521045~REF*EA*AE7C2344E9FA4C97A178A02101E70F1C~DTM*232*20191010~DTM*233*20191010~SVC*HC:99214*134*97.11**1~DTM*472*20191010~CAS*CO*45*36.89~REF*6R*CP39ZP7SE9TT~AMT*B6*97.11~LQ*HE*N381~CLP*000100023496*1*69*47.73**MC*2019287060224~NM1*QC*1*DEHERRERA*JORDAHN****MR*W490337~NM1*82*1*SEARLES*DENISE*A***XX*1396971230~REF*EA*4F7096C9314A4E859638F0DC41645D55~DTM*232*20191010~DTM*233*20191010~SVC*HC:99212:25*54*39.39**1~DTM*472*20191010~CAS*CO*45*14.61~REF*6R*CP3X8CV27QEA~AMT*B6*39.39~LQ*HE*N381~SVC*HC:81025*15*8.34**1~DTM*472*20191010~CAS*CO*45*6.66~REF*6R*CP3XXP5KYI0K~AMT*B6*8.34~LQ*HE*N381~CLP*000100023400*1*148*96.78**MC*2019287060241~NM1*QC*1*DELOSANTOS*KENAU*W***MR*P701215~NM1*74*1*DELOSSANTOS*KEANU~NM1*82*1*GRONEMEYER*LEANNE*R***XX*1659521045~REF*EA*20FC28DAFAE34814B2B090B8996D25FE~DTM*232*20191008~DTM*233*20191008~SVC*HC:99392*148*96.78**1~DTM*472*20191008~CAS*CO*45*51.22~REF*6R*CP3XITU28ACW~AMT*B6*96.78~LQ*HE*N381~CLP*000100023429*1*134*97.11**MC*2019287059997~NM1*QC*1*DUMAS*NYAH*L***MR*G529608~NM1*82*1*LUCAS*PEGGI*S***XX*1366419582~REF*EA*8A1B3F42533F493E9B2B148C42C15B95~DTM*232*20191009~DTM*233*20191009~SVC*HC:99214*134*97.11**1~DTM*472*20191009~CAS*CO*45*36.89~REF*6R*CP3XZ9GF250P~AMT*B6*97.11~LQ*HE*N381~CLP*000100023540*1*134*97.11**MC*2019287060026~NM1*QC*1*DURAN*ALVIN*R***MR*W176209~NM1*82*1*KLAKER*JULIE*M***XX*1215134705~REF*EA*E79960CF90124335BDF44C98CB41699E~DTM*232*20191010~DTM*233*20191010~SVC*HC:99214*134*97.11**1~DTM*472*20191010~CAS*CO*45*36.89~REF*6R*CP3XPMTGVSH5~AMT*B6*97.11~LQ*HE*N381~CLP*000100023258*1*149*105.45**MC*2019287059891~NM1*QC*1*EISLER*KRISTIN*A***MR*P782592~NM1*82*1*KLAKER*JULIE*M***XX*1215134705~REF*EA*83CD35A2DC4242B39225F7019D69FBBE~DTM*232*20191004~DTM*233*20191004~SVC*HC:99214:25*134*97.11**1~DTM*472*20191004~CAS*CO*45*36.89~REF*6R*CP3XWZVYKYG0~AMT*B6*97.11~LQ*HE*N381~SVC*HC:81025*15*8.34**1~DTM*472*20191004~CAS*CO*45*6.66~REF*6R*CP3XQ4X1VOPK~AMT*B6*8.34~LQ*HE*N381~CLP*000100023481*1*134*97.11**MC*2019287060115~NM1*QC*1*EWING*ALEX*J***MR*O325830~NM1*82*1*KLAKER*JULIE*M***XX*1215134705~REF*EA*EBCB7A57CA234F31A0B8900EC78B2B60~DTM*232*20191010~DTM*233*20191010~SVC*HC:99214*134*97.11**1~DTM*472*20191010~CAS*CO*45*36.89~REF*6R*CP3XI4N7KWQI~AMT*B6*97.11~LQ*HE*N381~CLP*000100023435*1*134*97.11**MC*2019287060177~NM1*QC*1*FERRIS*JOSHUA*R***MR*U655766~NM1*82*1*LANE*DELLA*J***XX*1417151630~REF*EA*391ECA98A8D84C8CA02274221D3BA03F~DTM*232*20191009~DTM*233*20191009~SVC*HC:99214*134*97.11**1~DTM*472*20191009~CAS*CO*45*36.89~REF*6R*CP3XWCKZ6PFR~AMT*B6*97.11~LQ*HE*N381~CLP*000100023574*1*315.23*210.79**MC*2019288052579~NM1*QC*1*FIERRO*VIRGINIA****MR*B600385~NM1*82*1*LUCAS*PEGGI*S***XX*1366419582~REF*EA*A89CCF9719754C5BAB4FB9E576B7E162~DTM*232*20191011~DTM*233*20191011~SVC*HC:99396:25*175*114.94**1~DTM*472*20191011~CAS*CO*45*60.06~REF*6R*CP3P9RFF6I3O~AMT*B6*114.94~LQ*HE*N381~SVC*HC:90471*35*19.46**1~DTM*472*20191011~CAS*CO*45*15.54~REF*6R*CP3PYC1HHGQ8~AMT*B6*19.46~LQ*HE*N381~SVC*HC:90715*53*43.35**1~DTM*472*20191011~CAS*CO*45*9.65~REF*6R*CP3POUBRGMX6~AMT*B6*43.35~LQ*HE*N381~SVC*HC:90472*17.23*11.3**1~DTM*472*20191011~CAS*CO*45*5.93~REF*6R*CP3PDFB47HPM~AMT*B6*11.3~LQ*HE*N381~SVC*HC:90674*35*21.74**1~DTM*472*20191011~CAS*CO*45*13.26~REF*6R*CP3P0ZV3SYLP~AMT*B6*21.74~LQ*HE*N381~CLP*000100023560*1*134*97.11**MC*2019288052551~NM1*QC*1*GARCIA*CARLY****MR*O305641~NM1*82*1*CADDALI*ESTRELLA*A***XX*1164974580~REF*EA*947DBAAD84AE435E947DAF4B2AFBEF71~DTM*232*20191011~DTM*233*20191011~SVC*HC:99214*134*97.11**1~DTM*472*20191011~CAS*CO*45*36.89~REF*6R*CP3PQMWSEQR5~AMT*B6*97.11~LQ*HE*N381~CLP*000100023409*1*90*63.81*2*MC*2019287060193~NM1*QC*1*GARCIA*DANIEL*R***MR*S702489~NM1*82*1*KLAKER*JULIE*M***XX*1215134705~REF*EA*FB2E88F189CD43F4B52AD64C0A68B40A~DTM*232*20191009~DTM*233*20191009~SVC*HC:99213*90*63.81**1~DTM*472*20191009~CAS*PR*3*2~CAS*CO*45*24.19~REF*6R*CP3X7GOCFQGS~AMT*B6*65.81~LQ*HE*N381~LQ*HE*N381~CLP*000100023669*1*134*97.11**MC*2019290061024~NM1*QC*1*GARCIA*MARIO****MR*D425963~NM1*82*1*LUCAS*PEGGI*S***XX*1366419582~REF*EA*8F38ECA069E3433E8F58B5AF3EB59F30~DTM*232*20191015~DTM*233*20191015~SVC*HC:99214*134*97.11**1~DTM*472*20191015~CAS*CO*45*36.89~REF*6R*CP39UCLHYOUE~AMT*B6*97.11~LQ*HE*N381~CLP*000100023552*1*270*149.35**MC*2019288052703~NM1*QC*1*GOIN*JOSHUA****MR*G127292~NM1*82*1*KLAKER*JULIE*M***XX*1215134705~REF*EA*1DF11C849F174D5298B7369A708B4DF2~DTM*232*20191011~DTM*233*20191011~SVC*HC:99203:25*145*97.43**1~DTM*472*20191011~CAS*CO*45*47.57~REF*6R*CP3PD24VIM6L~AMT*B6*97.43~LQ*HE*N381~SVC*HC:99415*45*7.11**1~DTM*472*20191011~CAS*CO*45*37.89~REF*6R*CP3P6VIQQ09L~AMT*B6*7.11~LQ*HE*N381~SVC*HC:H0049*36*10.92**1~DTM*472*20191011~CAS*CO*45*25.08~REF*6R*CP3PQYHDJT0X~AMT*B6*10.92~LQ*HE*N381~SVC*HC:G8431*40*30.52**1~DTM*472*20191011~CAS*CO*45*9.48~REF*6R*CP3PIL0K3GOR~AMT*B6*30.52~LQ*HE*N381~SVC*HC:81002*4*3.37**1~DTM*472*20191011~CAS*CO*45*.63~REF*6R*CP3P1RCH10HZ~AMT*B6*3.37~LQ*HE*N381~CLP*000100023607*1*1971*1290.31**MC*2019290061312~NM1*QC*1*GOIN*JOSHUA****MR*G127292~NM1*82*1*LUCAS*PEGGI*S***XX*1366419582~REF*EA*25EEC4A3F34E40199C25A28A1EB6C3C2~DTM*232*20191014~DTM*233*20191014~SVC*HC:99214:25*134*97.11**1~DTM*472*20191014~CAS*CO*45*36.89~REF*6R*CP39D7JRDC5H~AMT*B6*97.11~LQ*HE*N381~SVC*HC:96372*32*0**0**1~DTM*472*20191014~CAS*CO*109*32~REF*6R*CP39BVJFQEI9~LQ*HE*N381~SVC*HC:J2315*1805*1193.2**380~DTM*472*20191014~CAS*CO*45*611.8~REF*6R*CP390AOW6S8V~AMT*B6*1193.2~LQ*HE*N381~CLP*000100023578*1*105*74.15**MC*2019288052513~NM1*QC*1*GONZALES*DESTINEY*M***MR*Y786132~NM1*82*1*CADDALI*ESTRELLA*A***XX*1164974580~REF*EA*CEDF5550972641868598665D4744E019~DTM*232*20191011~DTM*233*20191011~SVC*HC:99213:25*90*65.81**1~DTM*472*20191011~CAS*CO*45*24.19~REF*6R*CP3PO7EY1AIF~AMT*B6*65.81~LQ*HE*N381~SVC*HC:81025*15*8.34**1~DTM*472*20191011~CAS*CO*45*6.66~REF*6R*CP3PY2RNZ17I~AMT*B6*8.34~LQ*HE*N381~CLP*000100023704*1*90*65.81**MC*2019290061143~NM1*QC*1*GONZALES*DESTINEY*M***MR*Y786132~NM1*82*1*CADDALI*ESTRELLA*A***XX*1164974580~REF*EA*4BC6CDFE2C2447889457741C4C743F29~DTM*232*20191015~DTM*233*20191015~SVC*HC:99213*90*65.81**1~DTM*472*20191015~CAS*CO*45*24.19~REF*6R*CP394BMC19AG~AMT*B6*65.81~LQ*HE*N381~CLP*000100023664*1*90*65.81**MC*2019290061197~NM1*QC*1*GONZALES*KAYLA****MR*P429565~NM1*74*1*GONZALEZ**A~NM1*82*1*GRONEMEYER*LEANNE*R***XX*1659521045~REF*EA*C6F4D8905443443D84B64FB4F66BABDE~DTM*232*20191014~DTM*233*20191014~SVC*HC:99213*90*65.81**1~DTM*472*20191014~CAS*CO*45*24.19~REF*6R*CP39A3A4JKZE~AMT*B6*65.81~LQ*HE*N381~CLP*000100023516*1*134*97.11**MC*2019287059973~NM1*QC*1*GRAVES*DILLON*M***MR*Y440957~NM1*82*1*KLAKER*JULIE*M***XX*1215134705~REF*EA*8C2BF627F91145698DA2C3021692F1BA~DTM*232*20191010~DTM*233*20191010~SVC*HC:99214*134*97.11**1~DTM*472*20191010~CAS*CO*45*36.89~REF*6R*CP3XHM2499E3~AMT*B6*97.11~LQ*HE*N381~CLP*000100023517*1*90*63.81*2*MC*2019287060019~NM1*QC*1*GROBE*GREGG*A***MR*P407681~NM1*82*1*CADDALI*ESTRELLA*A***XX*1164974580~REF*EA*32F8B16A2081481AA43D2DA66F36C444~DTM*232*20191010~DTM*233*20191010~SVC*HC:99213*90*63.81**1~DTM*472*20191010~CAS*PR*3*2~CAS*CO*45*24.19~REF*6R*CP3XAOMOSLOQ~AMT*B6*65.81~LQ*HE*N381~LQ*HE*N381~CLP*000100023675*1*149*103.45*2*MC*2019290061397~NM1*QC*1*GUERRERO*SONYA*M***MR*S127505~NM1*82*1*LUCAS*PEGGI*S***XX*1366419582~REF*EA*68774A7AB2634809AE19F86B1F3ADCCD~DTM*232*20191015~DTM*233*20191015~SVC*HC:99214:25*134*95.11**1~DTM*472*20191015~CAS*PR*3*2~CAS*CO*45*36.89~REF*6R*CP392AZZABJD~AMT*B6*97.11~LQ*HE*N381~LQ*HE*N381~SVC*HC:81025*15*8.34**1~DTM*472*20191015~CAS*CO*45*6.66~REF*6R*CP39JI59CR3X~AMT*B6*8.34~LQ*HE*N381~CLP*000100023629*1*204*138.31**MC*2019290061425~NM1*QC*1*HADDAN*SHAWNA****MR*V379838~NM1*82*1*GRONEMEYER*LEANNE*R***XX*1659521045~REF*EA*C2C0F8BBA640450ABE3C6CE80F01EE9A~DTM*232*20191014~DTM*233*20191014~SVC*HC:99214:25*134*97.11**1~DTM*472*20191014~CAS*CO*45*36.89~REF*6R*CP39WV8BXGTG~AMT*B6*97.11~LQ*HE*N381~SVC*HC:90471*35*19.46**1~DTM*472*20191014~CAS*CO*45*15.54~REF*6R*CP399XV5CF7Q~AMT*B6*19.46~LQ*HE*N381~SVC*HC:90674*35*21.74**1~DTM*472*20191014~CAS*CO*45*13.26~REF*6R*CP397RPP2ABW~AMT*B6*21.74~LQ*HE*N381~CLP*000100023452*1*281*191.03**MC*2019288052664~NM1*QC*1*HARDWICK*KEVIN****MR*L320743~NM1*82*1*SEARLES*DENISE*A***XX*1396971230~REF*EA*E6B49BAEEF6A4BBBB818F57EF06E27B9~DTM*232*20191009~DTM*233*20191009~SVC*HC:99204:25*205*149.59**1~DTM*472*20191009~CAS*CO*45*55.41~REF*6R*CP3PN3TZSDR3~AMT*B6*149.59~LQ*HE*N381~SVC*HC:H0049*36*10.92**1~DTM*472*20191009~CAS*CO*45*25.08~REF*6R*CP3PL6RKNUCF~AMT*B6*10.92~LQ*HE*N381~SVC*HC:G8431*40*30.52**1~DTM*472*20191009~CAS*CO*45*9.48~REF*6R*CP3P7OHZRSKT~AMT*B6*30.52~LQ*HE*N381~CLP*000100023698*1*134*97.11**MC*2019290061011~NM1*QC*1*HERRERA*CLORINDA*E***MR*C652229~NM1*82*1*LUCAS*PEGGI*S***XX*1366419582~REF*EA*1E6569199AFD445B8BBCA371C75E5B0B~DTM*232*20191015~DTM*233*20191015~SVC*HC:99214*134*97.11**1~DTM*472*20191015~CAS*CO*45*36.89~REF*6R*CP3936N4L85Y~AMT*B6*97.11~LQ*HE*N381~CLP*000100023537*1*134*97.11**MC*2019287060113~NM1*QC*1*HERRERA*JEREMY****MR*E258249~NM1*82*1*KLAKER*JULIE*M***XX*1215134705~REF*EA*32DB4EBAFF5B46F6A0E9511EF996BAF0~DTM*232*20191010~DTM*233*20191010~SVC*HC:99214*134*97.11**1~DTM*472*20191010~CAS*CO*45*36.89~REF*6R*CP3XP5PXWWZB~AMT*B6*97.11~LQ*HE*N381~CLP*000100023365*1*134*95.11*2*MC*2019287060071~NM1*QC*1*HOYT HENDEWERK*LIESA*J***MR*Y896648~NM1*74*1*HOYT~NM1*82*1*GRONEMEYER*LEANNE*R***XX*1659521045~REF*EA*43596E95F2D74383B8524C420B1AD384~DTM*232*20191008~DTM*233*20191008~SVC*HC:99214*134*95.11**1~DTM*472*20191008~CAS*PR*3*2~CAS*CO*45*36.89~REF*6R*CP3XLB4R6C32~AMT*B6*97.11~LQ*HE*N381~LQ*HE*N381~CLP*000100023549*1*1081*1062.96**MC*2019288052463~NM1*QC*1*JACKSON*TIMEKU****MR*M493473~NM1*82*1*CADDALI*ESTRELLA*A***XX*1164974580~REF*EA*448A5054110A4E688F1CC2E769A82D89~DTM*232*20191011~DTM*233*20191011~SVC*HC:99213:25:FP*90*81.55**1~DTM*472*20191011~CAS*CO*45*8.45~REF*6R*CP3P27JIAFVW~AMT*B6*81.55~LQ*HE*N381~SVC*HC:11981:FP*156*153.07**1~DTM*472*20191011~CAS*CO*45*2.93~REF*6R*CP3PI8592I1L~AMT*B6*153.07~LQ*HE*N381~LQ*HE*N381~SVC*HC:J7307:FP*820*820**1~DTM*472*20191011~REF*6R*CP3PUJ5DUQOB~AMT*B6*820~SVC*HC:81025:FP*15*8.34**1~DTM*472*20191011~CAS*CO*45*6.66~REF*6R*CP3P1KO0WNCG~AMT*B6*8.34~LQ*HE*N381~CLP*000100023636*1*134*97.11**MC*2019290061323~NM1*QC*1*JAMON*ALEJANDRA****MR*G025731~NM1*82*1*GRONEMEYER*LEANNE*R***XX*1659521045~REF*EA*04092F3E01464624A711B35110AA69E1~DTM*232*20191014~DTM*233*20191014~SVC*HC:99214*134*97.11**1~DTM*472*20191014~CAS*CO*45*36.89~REF*6R*CP39O4U2NSYB~AMT*B6*97.11~LQ*HE*N381~CLP*000100023637*1*134*97.11**MC*2019290061077~NM1*QC*1*JAMON*MONTE TRECE****MR*G762319~NM1*82*1*GRONEMEYER*LEANNE*R***XX*1659521045~REF*EA*B5817BBB403445DEB428FB1B474C097D~DTM*232*20191014~DTM*233*20191014~SVC*HC:99214*134*97.11**1~DTM*472*20191014~CAS*CO*45*36.89~REF*6R*CP39QMSMTRKJ~AMT*B6*97.11~LQ*HE*N381~CLP*000100023577*1*90*65.81**MC*2019288052772~NM1*QC*1*JARAMILLO*JESSICA****MR*P488884~NM1*82*1*KLAKER*JULIE*M***XX*1215134705~REF*EA*78521715987B477FA56B025D5244D46E~DTM*232*20191011~DTM*233*20191011~SVC*HC:99213*90*65.81**1~DTM*472*20191011~CAS*CO*45*24.19~REF*6R*CP3PIB5WZIL3~AMT*B6*65.81~LQ*HE*N381~CLP*000100023468*1*134*95.11*2*MC*2019287060154~NM1*QC*1*JEX*LOUISE****MR*B117513~NM1*82*1*LANE*DELLA*J***XX*1417151630~REF*EA*A6F95B0448574E2C97738156ABB51AF9~DTM*232*20191009~DTM*233*20191009~SVC*HC:99214*134*95.11**1~DTM*472*20191009~CAS*PR*3*2~CAS*CO*45*36.89~REF*6R*CP3X5UJUX111~AMT*B6*97.11~LQ*HE*N381~LQ*HE*N381~CLP*000100023498*1*204*138.31**MC*2019290061270~NM1*QC*1*JOHNSON*GEORGE*W***MR*O540732~NM1*82*1*GRONEMEYER*LEANNE*R***XX*1659521045~REF*EA*7952E94E6BBF4D2B945248D9E999431F~DTM*232*20191010~DTM*233*20191010~SVC*HC:99214:25*134*97.11**1~DTM*472*20191010~CAS*CO*45*36.89~REF*6R*CP39UD0YK4BR~AMT*B6*97.11~LQ*HE*N381~SVC*HC:90471*35*19.46**1~DTM*472*20191010~CAS*CO*45*15.54~REF*6R*CP39I9XKDH3Z~AMT*B6*19.46~LQ*HE*N381~SVC*HC:90674*35*21.74**1~DTM*472*20191010~CAS*CO*45*13.26~REF*6R*CP39ZD6BQCIX~AMT*B6*21.74~LQ*HE*N381~CLP*000100023530*1*204*138.31**MC*2019290061331~NM1*QC*1*JOHNSON*NORA****MR*J694925~NM1*82*1*GRONEMEYER*LEANNE*R***XX*1659521045~REF*EA*62AE5C171BB14EC88E4985ED035E3FB8~DTM*232*20191010~DTM*233*20191010~SVC*HC:99214:25*134*97.11**1~DTM*472*20191010~CAS*CO*45*36.89~REF*6R*CP39TSBJVU70~AMT*B6*97.11~LQ*HE*N381~SVC*HC:90471*35*19.46**1~DTM*472*20191010~CAS*CO*45*15.54~REF*6R*CP39YHNOXQMQ~AMT*B6*19.46~LQ*HE*N381~SVC*HC:90674*35*21.74**1~DTM*472*20191010~CAS*CO*45*13.26~REF*6R*CP39RD709VKP~AMT*B6*21.74~LQ*HE*N381~CLP*000100023380*1*149*105.45**MC*2019287060097~NM1*QC*1*JOHNSON*TIFFANY*S***MR*L497210~NM1*82*1*HOOSHMAND-PARSI*KAYHOSROW****XX*1447291851~REF*EA*64A6C0034DE94540917318317BFF3F14~DTM*232*20191008~DTM*233*20191008~SVC*HC:99214:25*134*97.11**1~DTM*472*20191008~CAS*CO*45*36.89~REF*6R*CP3XZTQ0VT3W~AMT*B6*97.11~LQ*HE*N381~SVC*HC:81025*15*8.34**1~DTM*472*20191008~CAS*CO*45*6.66~REF*6R*CP3XG4VA3ZT8~AMT*B6*8.34~LQ*HE*N381~CLP*000100023705*1*149*105.45**MC*2019290061248~NM1*QC*1*JOHNSON*TIFFANY*S***MR*L497210~NM1*82*1*HOOSHMAND-PARSI*KAYHOSROW****XX*1447291851~REF*EA*B09B31510059414995C0CC55EA12FB82~DTM*232*20191015~DTM*233*20191015~SVC*HC:99214:25*134*97.11**1~DTM*472*20191015~CAS*CO*45*36.89~REF*6R*CP39SXK0ROKZ~AMT*B6*97.11~LQ*HE*N381~SVC*HC:81025*15*8.34**1~DTM*472*20191015~CAS*CO*45*6.66~REF*6R*CP394E5SVKZR~AMT*B6*8.34~LQ*HE*N381~CLP*000100023697*1*134*97.11**MC*2019290061214~NM1*QC*1*JONES*SUSAN****MR*S608074~NM1*82*1*GRONEMEYER*LEANNE*R***XX*1659521045~REF*EA*2261206DB87145D1837F4C3C85530036~DTM*232*20191015~DTM*233*20191015~SVC*HC:99214*134*97.11**1~DTM*472*20191015~CAS*CO*45*36.89~REF*6R*CP393BGA4DVD~AMT*B6*97.11~LQ*HE*N381~CLP*000100023522*1*165*107.82**MC*2019287060054~NM1*QC*1*KIMES*JEREMEY****MR*Y243724~NM1*82*1*CADDALI*ESTRELLA*A***XX*1164974580~REF*EA*4F99B9C8B1834C3EA0A56DED60C7F0FF~DTM*232*20191010~DTM*233*20191010~SVC*HC:99395*165*107.82**1~DTM*472*20191010~CAS*CO*45*57.18~REF*6R*CP3XQSKMAK51~AMT*B6*107.82~LQ*HE*N381~CLP*000100023667*1*160*107.01**MC*2019290061055~NM1*QC*1*LANE*CHARLES*J***MR*I606849~NM1*82*1*CADDALI*ESTRELLA*A***XX*1164974580~REF*EA*87D2236B4B7E4CE0B793FD0BECBC38A4~DTM*232*20191015~DTM*233*20191015~SVC*HC:99213:25*90*65.81**1~DTM*472*20191015~CAS*CO*45*24.19~REF*6R*CP39TM62K80Z~AMT*B6*65.81~LQ*HE*N381~SVC*HC:90471*35*19.46**1~DTM*472*20191015~CAS*CO*45*15.54~REF*6R*CP39EH2DOP66~AMT*B6*19.46~LQ*HE*N381~SVC*HC:90674*35*21.74**1~DTM*472*20191015~CAS*CO*45*13.26~REF*6R*CP39OTPW2SCN~AMT*B6*21.74~LQ*HE*N381~CLP*000100023375*1*145*97.43**MC*2019287060024~NM1*QC*1*LINVILLE*ALEXANDRIA****MR*O858593~NM1*82*1*LUCAS*PEGGI*S***XX*1366419582~REF*EA*4CFDFE4FA84B406093184325A195A355~DTM*232*20191008~DTM*233*20191008~SVC*HC:99203*145*97.43**1~DTM*472*20191008~CAS*CO*45*47.57~REF*6R*CP3XOKAC5UXN~AMT*B6*97.43~LQ*HE*N381~CLP*000100023251*1*230*125.95**MC*2019287060260~NM1*QC*1*LONG*AARON****MR*G254559~NM1*82*1*SEARLES*DENISE*A***XX*1396971230~REF*EA*BC469754E1B049F4B43791E47C57117E~DTM*232*20191004~DTM*233*20191004~SVC*HC:99203:25*145*97.43**1~DTM*472*20191004~CAS*CO*45*47.57~REF*6R*CP3XRF51W3ZX~AMT*B6*97.43~LQ*HE*N381~SVC*HC:H0049*36*10.92**1~DTM*472*20191004~CAS*CO*45*25.08~REF*6R*CP3XJ0XA3OFO~AMT*B6*10.92~LQ*HE*N381~SVC*HC:G8510*40*11**1~DTM*472*20191004~CAS*CO*45*29~REF*6R*CP3XJZ8L6E7Z~AMT*B6*11~LQ*HE*N381~SVC*HC:86580*9*6.6**1~DTM*472*20191004~CAS*CO*45*2.4~REF*6R*CP3X7VN884MY~AMT*B6*6.6~LQ*HE*N381~CLP*000100023581*1*90*65.81**MC*2019288052537~NM1*QC*1*LONGORIA*JULIE*A***MR*D395679~NM1*82*1*KLAKER*JULIE*M***XX*1215134705~REF*EA*970BBF3521F844D59E08F724037967C9~DTM*232*20191011~DTM*233*20191011~SVC*HC:99213*90*65.81**1~DTM*472*20191011~CAS*CO*45*24.19~REF*6R*CP3P9EKWZFKU~AMT*B6*65.81~LQ*HE*N381~CLP*000100023518*1*351*210.71*2*MC*2019290061044~NM1*QC*1*LOPEZ*LORETTA****MR*P458473~NM1*82*1*GRONEMEYER*LEANNE*R***XX*1659521045~REF*EA*BF0AA8C455C94192AB950F76AA3A5A41~DTM*232*20191010~DTM*233*20191010~SVC*HC:99204:25*205*147.59**1~DTM*472*20191010~CAS*PR*3*2~CAS*CO*45*55.41~REF*6R*CP39ZEBLL0YC~AMT*B6*149.59~LQ*HE*N381~LQ*HE*N381~SVC*HC:90471*35*19.46**1~DTM*472*20191010~CAS*CO*45*15.54~REF*6R*CP39SAZWZ217~AMT*B6*19.46~LQ*HE*N381~SVC*HC:90674*35*21.74**1~DTM*472*20191010~CAS*CO*45*13.26~REF*6R*CP39VXPZNLIC~AMT*B6*21.74~LQ*HE*N381~SVC*HC:H0049*36*10.92**1~DTM*472*20191010~CAS*CO*45*25.08~REF*6R*CP39O4BTSZQB~AMT*B6*10.92~LQ*HE*N381~SVC*HC:G8510*40*11**1~DTM*472*20191010~CAS*CO*45*29~REF*6R*CP39EBIUASIF~AMT*B6*11~LQ*HE*N381~CLP*000100023371*1*245*155.14*1*MC*2019287060048~NM1*QC*1*LOPEZ*SHERRY****MR*L192498~NM1*82*1*CADDALI*ESTRELLA*A***XX*1164974580~REF*EA*26E12B6AED1041BD8BCE167089486174~DTM*232*20191008~DTM*233*20191008~SVC*HC:99396:25*175*114.94**1~DTM*472*20191008~CAS*CO*45*60.06~REF*6R*CP3X7OE7T8WP~AMT*B6*114.94~LQ*HE*N381~SVC*HC:90471*35*19.46**1~DTM*472*20191008~CAS*CO*45*15.54~REF*6R*CP3XZ0CHS7I2~AMT*B6*19.46~LQ*HE*N381~SVC*HC:90674*35*20.74**1~DTM*472*20191008~CAS*PR*3*1~CAS*CO*45*13.26~REF*6R*CP3XQIOJRHJF~AMT*B6*21.74~LQ*HE*N381~LQ*HE*N381~CLP*000100023379*1*204*136.31*2*MC*2019287060036~NM1*QC*1*LUCAS*KATHRYN*M***MR*O602231~NM1*82*1*LUCAS*PEGGI*S***XX*1366419582~REF*EA*50593F0A85D54C74BA030E628D4E6008~DTM*232*20191008~DTM*233*20191008~SVC*HC:99214:25*134*95.11**1~DTM*472*20191008~CAS*PR*3*2~CAS*CO*45*36.89~REF*6R*CP3X5TRO8Q9R~AMT*B6*97.11~LQ*HE*N381~LQ*HE*N381~SVC*HC:90471*35*19.46**1~DTM*472*20191008~CAS*CO*45*15.54~REF*6R*CP3X0KYLMBT9~AMT*B6*19.46~LQ*HE*N381~SVC*HC:90674*35*21.74**1~DTM*472*20191008~CAS*CO*45*13.26~REF*6R*CP3X41RK7Z7W~AMT*B6*21.74~LQ*HE*N381~CLP*000100023462*1*134*97.11**MC*2019290061370~NM1*QC*1*LUCERO*JULIAN*D***MR*O025174~NM1*82*1*GRONEMEYER*LEANNE*R***XX*1659521045~REF*EA*E85995FD99FE4E42AD40B50FC65F4149~DTM*232*20191009~DTM*233*20191009~SVC*HC:99214*134*97.11**1~DTM*472*20191009~CAS*CO*45*36.89~REF*6R*CP398UP44G7P~AMT*B6*97.11~LQ*HE*N381~CLP*000100023241*1*149*103.7*1.75*MC*2019287060130~NM1*QC*1*MALMGREN*ERIKA*E***MR*R984096~NM1*82*1*KLAKER*JULIE*M***XX*1215134705~REF*EA*BE68EA77DAE4453BA38E4E785E207107~DTM*232*20191004~DTM*233*20191004~SVC*HC:99214:25*134*95.36**1~DTM*472*20191004~CAS*PR*3*1.75~CAS*CO*45*36.89~REF*6R*CP3X2ILQ2VX1~AMT*B6*97.11~LQ*HE*N381~LQ*HE*N381~SVC*HC:81025*15*8.34**1~DTM*472*20191004~CAS*CO*45*6.66~REF*6R*CP3XC64PMBD1~AMT*B6*8.34~LQ*HE*N381~CLP*000100023553*1*175*114.94**MC*2019288052604~NM1*QC*1*MALONE*CAROL*I***MR*E322615~NM1*82*1*CADDALI*ESTRELLA*A***XX*1164974580~REF*EA*B3A33C8238C94477B62832D9732A94D1~DTM*232*20191011~DTM*233*20191011~SVC*HC:99396*175*114.94**1~DTM*472*20191011~CAS*CO*45*60.06~REF*6R*CP3P2UGMW1IN~AMT*B6*114.94~LQ*HE*N381~CLP*000100023453*1*134*97.11**MC*2019287060231~NM1*QC*1*MARTINEZ*DEBRA*A***MR*D395711~NM1*82*1*LANE*DELLA*J***XX*1417151630~REF*EA*6B526D1DFA194AA7A4DC27CD7EC3F93E~DTM*232*20191009~DTM*233*20191009~SVC*HC:99214*134*97.11**1~DTM*472*20191009~CAS*CO*45*36.89~REF*6R*CP3XXGMNITFD~AMT*B6*97.11~LQ*HE*N381~CLP*000100023521*1*134*97.11**MC*2019290061304~NM1*QC*1*MARTINEZ*SHAREE****MR*M754320~NM1*82*1*GRONEMEYER*LEANNE*R***XX*1659521045~REF*EA*96372769266749749ED4BBBFECE4B63B~DTM*232*20191010~DTM*233*20191010~SVC*HC:99214*134*97.11**1~DTM*472*20191010~CAS*CO*45*36.89~REF*6R*CP39WRKKMDY2~AMT*B6*97.11~LQ*HE*N381~CLP*000100023670*1*90*65.81**MC*2019290061274~NM1*QC*1*MATAMOROS*RICHARD****MR*D789780~NM1*82*1*GRONEMEYER*LEANNE*R***XX*1659521045~REF*EA*E2545DA5F42D46CDB8CE82161447B5AE~DTM*232*20191015~DTM*233*20191015~SVC*HC:99213*90*65.81**1~DTM*472*20191015~CAS*CO*45*24.19~REF*6R*CP394PLMWC6B~AMT*B6*65.81~LQ*HE*N381~CLP*000100023520*1*134*97.11**MC*2019287060238~NM1*QC*1*MAURO*RONDA*L***MR*U480140~NM1*82*1*KLAKER*JULIE*M***XX*1215134705~REF*EA*53B6927E8CB9499185BED9E5DAF8FDF9~DTM*232*20191010~DTM*233*20191010~SVC*HC:99214*134*97.11**1~DTM*472*20191010~CAS*CO*45*36.89~REF*6R*CP3XFWI078I7~AMT*B6*97.11~LQ*HE*N381~CLP*000100023412*1*175*114.94**MC*2019287059993~NM1*QC*1*MCNEIL*KIMBERLY****MR*P602741~NM1*82*1*SEARLES*DENISE*A***XX*1396971230~REF*EA*662276D8F78444FFAC6E69630FB30082~DTM*232*20191009~DTM*233*20191009~SVC*HC:99396*175*114.94**1~DTM*472*20191009~CAS*CO*45*60.06~REF*6R*CP3XE2GZRX2I~AMT*B6*114.94~LQ*HE*N381~CLP*000100023472*1*105*74.15**MC*2019287060285~NM1*QC*1*MEDINA*TAMMY*A***MR*F616296~NM1*82*1*GRONEMEYER*LEANNE*R***XX*1659521045~REF*EA*BE6CD9EE81D2434A9B9159E5A74A635F~DTM*232*20191009~DTM*233*20191009~SVC*HC:99213:25*90*65.81**1~DTM*472*20191009~CAS*CO*45*24.19~REF*6R*CP3X0ZZVE1AZ~AMT*B6*65.81~LQ*HE*N381~SVC*HC:81025*15*8.34**1~DTM*472*20191009~CAS*CO*45*6.66~REF*6R*CP3XNFASBRO2~AMT*B6*8.34~LQ*HE*N381~CLP*000100023544*1*149*105.45**MC*2019287059960~NM1*QC*1*MITCHELL*JORDAN*K***MR*P498565~NM1*82*1*KLAKER*JULIE*M***XX*1215134705~REF*EA*B6E5512F8216454F99C63E2D6F28F8F5~DTM*232*20191011~DTM*233*20191011~SVC*HC:99214:25*134*97.11**1~DTM*472*20191011~CAS*CO*45*36.89~REF*6R*CP3XWDATH1FS~AMT*B6*97.11~LQ*HE*N381~SVC*HC:81025*15*8.34**1~DTM*472*20191011~CAS*CO*45*6.66~REF*6R*CP3X8NRKKEKD~AMT*B6*8.34~LQ*HE*N381~CLP*000100023497*1*281*191.03**MC*2019287060093~NM1*QC*1*MONDRAGON*DELMARIE****MR*J972636~NM1*82*1*CADDALI*ESTRELLA*A***XX*1164974580~REF*EA*D34B8EC463CF4F8EBD381F2CA7584B39~DTM*232*20191010~DTM*233*20191010~SVC*HC:99204:25*205*149.59**1~DTM*472*20191010~CAS*CO*45*55.41~REF*6R*CP3X6XGDLZJO~AMT*B6*149.59~LQ*HE*N381~SVC*HC:H0049*36*10.92**1~DTM*472*20191010~CAS*CO*45*25.08~REF*6R*CP3X5JV3FDVX~AMT*B6*10.92~LQ*HE*N381~SVC*HC:G8431*40*30.52**1~DTM*472*20191010~CAS*CO*45*9.48~REF*6R*CP3XWQ37PJ52~AMT*B6*30.52~LQ*HE*N381~CLP*000100023656*1*134*97.11**MC*2019290061236~NM1*QC*1*MONDRAGON*DELMARIE****MR*J972636~NM1*82*1*LUCAS*PEGGI*S***XX*1366419582~REF*EA*364C84BB14FA43759088C1CB0ADDDFFE~DTM*232*20191014~DTM*233*20191014~SVC*HC:99214*134*97.11**1~DTM*472*20191014~CAS*CO*45*36.89~REF*6R*CP39ORMNJSJH~AMT*B6*97.11~LQ*HE*N381~CLP*000100023558*1*105*74.15**MC*2019288052674~NM1*QC*1*MONSON*SAVANNAH*R***MR*U391305~NM1*82*1*KLAKER*JULIE*M***XX*1215134705~REF*EA*8062C7D994C14F998DFD76C7442E13D0~DTM*232*20191011~DTM*233*20191011~SVC*HC:99213:25*90*65.81**1~DTM*472*20191011~CAS*CO*45*24.19~REF*6R*CP3PTFXZM9JL~AMT*B6*65.81~LQ*HE*N381~SVC*HC:81025*15*8.34**1~DTM*472*20191011~CAS*CO*45*6.66~REF*6R*CP3PDQMO8G2U~AMT*B6*8.34~LQ*HE*N381~CLP*000100023475*1*134*97.11**MC*2019287060123~NM1*QC*1*MONTES DE OCA*JEOVANNI****MR*G292341~NM1*74*1*MONTES~NM1*82*1*LANE*DELLA*J***XX*1417151630~REF*EA*5AB6D2BCBF354D7F9AC70EC32BF60874~DTM*232*20191009~DTM*233*20191009~SVC*HC:99214*134*97.11**1~DTM*472*20191009~CAS*CO*45*36.89~REF*6R*CP3XEXEW9QQK~AMT*B6*97.11~LQ*HE*N381~CLP*000100023370*1*149*105.45**MC*2019287060164~NM1*QC*1*MONTEZ*JASMINE*R***MR*Y365117~NM1*82*1*HOOSHMAND-PARSI*KAYHOSROW****XX*1447291851~REF*EA*850167223344456CA7EE44ED46381830~DTM*232*20191008~DTM*233*20191008~SVC*HC:99214:25*134*97.11**1~DTM*472*20191008~CAS*CO*45*36.89~REF*6R*CP3X98R5CRFO~AMT*B6*97.11~LQ*HE*N381~SVC*HC:81025*15*8.34**1~DTM*472*20191008~CAS*CO*45*6.66~REF*6R*CP3XC90F7I2V~AMT*B6*8.34~LQ*HE*N381~CLP*000100023529*1*134*97.11**MC*2019287060075~NM1*QC*1*MONTOYA*GERALDINE****MR*F588453~NM1*82*1*SEARLES*DENISE*A***XX*1396971230~REF*EA*AFB0270066B04C8E9233ED38BDE3763D~DTM*232*20191010~DTM*233*20191010~SVC*HC:99214*134*97.11**1~DTM*472*20191010~CAS*CO*45*36.89~REF*6R*CP3XVG2MSCQV~AMT*B6*97.11~LQ*HE*N381~CLP*000100023703*1*134*95.11*2*MC*2019290061374~NM1*QC*1*MOORE*ALEXANDRIA****MR*S311539~NM1*82*1*GRONEMEYER*LEANNE*R***XX*1659521045~REF*EA*390F8E2A74D44B68AFABB9CC75B32747~DTM*232*20191015~DTM*233*20191015~SVC*HC:99214*134*95.11**1~DTM*472*20191015~CAS*PR*3*2~CAS*CO*45*36.89~REF*6R*CP39B0AQ8VKT~AMT*B6*97.11~LQ*HE*N381~LQ*HE*N381~CLP*000100023486*1*180*129.99**MC*2019287060002~NM1*QC*1*MOORE*LISSA*M***MR*L243184~NM1*82*1*CADDALI*ESTRELLA*A***XX*1164974580~REF*EA*91566A3D03524AAC8760663C4A4EAE13~DTM*232*20191010~DTM*233*20191010~SVC*HC:99215*180*129.99**1~DTM*472*20191010~CAS*CO*45*50.01~REF*6R*CP3X2G0F89VH~AMT*B6*129.99~LQ*HE*N381~CLP*000100023651*1*134*97.11**MC*2019290061086~NM1*QC*1*MOORE*LISSA*M***MR*L243184~NM1*82*1*LUCAS*PEGGI*S***XX*1366419582~REF*EA*286F08CAC8EC4FBAA6BFB88FF99E833B~DTM*232*20191014~DTM*233*20191014~SVC*HC:99214*134*97.11**1~DTM*472*20191014~CAS*CO*45*36.89~REF*6R*CP39R9TON3GE~AMT*B6*97.11~LQ*HE*N381~CLP*000100023654*1*90*65.81**MC*2019290061418~NM1*QC*1*MORENO*RUBEN****MR*K039021~NM1*82*1*HOOSHMAND-PARSI*KAYHOSROW****XX*1447291851~REF*EA*C294BC9C39914AF8BD522CA63B00B35F~DTM*232*20191014~DTM*233*20191014~SVC*HC:99213*90*65.81**1~DTM*472*20191014~CAS*CO*45*24.19~REF*6R*CP39S1305POX~AMT*B6*65.81~LQ*HE*N381~CLP*000100023672*1*62.66*43.99*2*MC*2019290061439~NM1*QC*1*MORGA*ELVIRA****MR*U799341~NM1*82*1*GRONEMEYER*LEANNE*R***XX*1659521045~REF*EA*C1098BF4E5EA4426907CE5A0DAAD4ED4~DTM*232*20191015~DTM*233*20191015~SVC*HC:99212:25*54*37.39**1~DTM*472*20191015~CAS*PR*3*2~CAS*CO*45*14.61~REF*6R*CP391B3TAIDV~AMT*B6*39.39~LQ*HE*N381~LQ*HE*N381~SVC*HC:86580*8.66*6.6**1~DTM*472*20191015~CAS*CO*45*2.06~REF*6R*CP39BH9E5BBN~AMT*B6*6.6~LQ*HE*N381~CLP*000100023559*1*204*138.31**MC*2019288052640~NM1*QC*1*MYERS*SCOTT*A***MR*P255708~NM1*82*1*SEARLES*DENISE*A***XX*1396971230~REF*EA*F839E3B61CCC41DE8319AEB6012CA963~DTM*232*20191011~DTM*233*20191011~SVC*HC:99214:25*134*97.11**1~DTM*472*20191011~CAS*CO*45*36.89~REF*6R*CP3PY05YTQ73~AMT*B6*97.11~LQ*HE*N381~SVC*HC:90471*35*19.46**1~DTM*472*20191011~CAS*CO*45*15.54~REF*6R*CP3P3V9EMT8J~AMT*B6*19.46~LQ*HE*N381~SVC*HC:90674*35*21.74**1~DTM*472*20191011~CAS*CO*45*13.26~REF*6R*CP3P8NOZCH6B~AMT*B6*21.74~LQ*HE*N381~CLP*000100023406*1*166*85.73*2*MC*2019287060250~NM1*QC*1*NEWBERRY*JASON*L***MR*G771153~NM1*82*1*CADDALI*ESTRELLA*A***XX*1164974580~REF*EA*C67469C6B0604B2D9459CD294ADA1D93~DTM*232*20191009~DTM*233*20191009~SVC*HC:99213:25*90*63.81**1~DTM*472*20191009~CAS*PR*3*2~CAS*CO*45*24.19~REF*6R*CP3X5YZZFUS6~AMT*B6*65.81~LQ*HE*N381~LQ*HE*N381~SVC*HC:H0049*36*10.92**1~DTM*472*20191009~CAS*CO*45*25.08~REF*6R*CP3XSTCXV1WW~AMT*B6*10.92~LQ*HE*N381~SVC*HC:G8510*40*11**1~DTM*472*20191009~CAS*CO*45*29~REF*6R*CP3XL8SPOC3E~AMT*B6*11~LQ*HE*N381~CLP*000100023437*1*149*105.45**MC*2019287060145~NM1*QC*1*PADILLA*LAURA*C***MR*Y008082~NM1*82*1*KLAKER*JULIE*M***XX*1215134705~REF*EA*A376FE081FE6424C8117F9D0740B24BD~DTM*232*20191009~DTM*233*20191009~SVC*HC:99214:25*134*97.11**1~DTM*472*20191009~CAS*CO*45*36.89~REF*6R*CP3XN5XO9SMU~AMT*B6*97.11~LQ*HE*N381~SVC*HC:81025*15*8.34**1~DTM*472*20191009~CAS*CO*45*6.66~REF*6R*CP3XP9IEF7BB~AMT*B6*8.34~LQ*HE*N381~CLP*000100023716*1*134*97.11**MC*2019290061378~NM1*QC*1*PATTERSON*MARCOS****MR*V516272~NM1*74*1*PATTERS~NM1*82*1*GRONEMEYER*LEANNE*R***XX*1659521045~REF*EA*2CF96CD432F1439C8CFB2112485A10D3~DTM*232*20191015~DTM*233*20191015~SVC*HC:99214*134*97.11**1~DTM*472*20191015~CAS*CO*45*36.89~REF*6R*CP39PGFXFELL~AMT*B6*97.11~LQ*HE*N381~CLP*000100023470*1*134*97.11**MC*2019287060184~NM1*QC*1*PEARCE*HOPE****MR*Y742739~NM1*82*1*LUCAS*PEGGI*S***XX*1366419582~REF*EA*AA1352BCFA804A879C5F063929E6DC31~DTM*232*20191009~DTM*233*20191009~SVC*HC:99214*134*97.11**1~DTM*472*20191009~CAS*CO*45*36.89~REF*6R*CP3XEKPUC7RG~AMT*B6*97.11~LQ*HE*N381~CLP*000100023662*1*90*65.81**MC*2019290061259~NM1*QC*1*PERSHIN*KRISTYNA*M***MR*Y464443~NM1*82*1*GRONEMEYER*LEANNE*R***XX*1659521045~REF*EA*A4F59559970C434687153A1456616AA2~DTM*232*20191014~DTM*233*20191014~SVC*HC:99213*90*65.81**1~DTM*472*20191014~CAS*CO*45*24.19~REF*6R*CP39PBN2AO81~AMT*B6*65.81~LQ*HE*N381~CLP*000100023524*1*90*65.81**MC*2019287060278~NM1*QC*1*PINO*LINDA****MR*K510641~NM1*82*1*KLAKER*JULIE*M***XX*1215134705~REF*EA*FC519463D23844B081E24F48ECF027CB~DTM*232*20191010~DTM*233*20191010~SVC*HC:99213*90*65.81**1~DTM*472*20191010~CAS*CO*45*24.19~REF*6R*CP3XFS8GU57S~AMT*B6*65.81~LQ*HE*N381~CLP*000100023457*1*90*65.81**MC*2019287060253~NM1*QC*1*PRICE*TREVOR****MR*T075263~NM1*82*1*CADDALI*ESTRELLA*A***XX*1164974580~REF*EA*4AAF6F7E579348179D09DAEB9FFEAF25~DTM*232*20191009~DTM*233*20191009~SVC*HC:99213*90*65.81**1~DTM*472*20191009~CAS*CO*45*24.19~REF*6R*CP3XVK3PJ5CK~AMT*B6*65.81~LQ*HE*N381~CLP*000100023494*1*204*138.31**MC*2019290061509~NM1*QC*1*QUINTANA*ANDRES****MR*P873770~NM1*82*1*GRONEMEYER*LEANNE*R***XX*1659521045~REF*EA*0C5FEA4BB8364931BE2E58540D6C7CC9~DTM*232*20191010~DTM*233*20191010~SVC*HC:99214:25*134*97.11**1~DTM*472*20191010~CAS*CO*45*36.89~REF*6R*CP39GJVSIVBX~AMT*B6*97.11~LQ*HE*N381~SVC*HC:90471*35*19.46**1~DTM*472*20191010~CAS*CO*45*15.54~REF*6R*CP39RM5WKCEF~AMT*B6*19.46~LQ*HE*N381~SVC*HC:90674*35*21.74**1~DTM*472*20191010~CAS*CO*45*13.26~REF*6R*CP39DR62MG5D~AMT*B6*21.74~LQ*HE*N381~CLP*000100023426*1*149*105.45**MC*2019287060105~NM1*QC*1*QUINTANA*DANIELLE*A***MR*N559116~NM1*82*1*LANE*DELLA*J***XX*1417151630~REF*EA*08C2A767931F4989B2746B0FF903F529~DTM*232*20191009~DTM*233*20191009~SVC*HC:99214:25*134*97.11**1~DTM*472*20191009~CAS*CO*45*36.89~REF*6R*CP3XBADB0PEV~AMT*B6*97.11~LQ*HE*N381~SVC*HC:81025*15*8.34**1~DTM*472*20191009~CAS*CO*45*6.66~REF*6R*CP3X7WNUYM04~AMT*B6*8.34~LQ*HE*N381~CLP*000100023432*1*115*104.26**MC*2019288052562~NM1*QC*1*QUINTANA*DANIELLE*A***MR*N559116~NM1*82*1*LEWIS*HOLLY*G***XX*1295234128~REF*EA*A67EF21B8A164584B4BC3F2C8C5CDECA~DTM*232*20191009~DTM*233*20191009~SVC*HC:90837*115*104.26**1~DTM*472*20191009~CAS*CO*45*10.74~REF*6R*CP3P4DO0CSB1~AMT*B6*104.26~LQ*HE*N381~CLP*000100021974*1*134*97.11**MC*2019290061501~NM1*QC*1*QUINTANA*KELLI*M***MR*P696536~NM1*82*1*CADDALI*ESTRELLA*A***XX*1164974580~REF*EA*6E465A3A96F245B690DE7AD736E3AEE7~DTM*232*20190904~DTM*233*20190904~SVC*HC:99214*134*97.11**1~DTM*472*20190904~CAS*CO*45*36.89~REF*6R*CP39QHWQN7BX~AMT*B6*97.11~LQ*HE*N381~CLP*000100023422*1*1954*1296.65*2*MC*2019287060199~NM1*QC*1*QUINTANA*SELINA****MR*V297097~NM1*82*1*KLAKER*JULIE*M***XX*1215134705~REF*EA*472BCEBB75AC43A59E98FFF4CB6ED664~DTM*232*20191009~DTM*233*20191009~SVC*HC:99214:25*134*95.11**1~DTM*472*20191009~CAS*PR*3*2~CAS*CO*45*36.89~REF*6R*CP3XZ4XG1IJV~AMT*B6*97.11~LQ*HE*N381~LQ*HE*N381~SVC*HC:J2315*1805*1193.2**380~DTM*472*20191009~CAS*CO*45*611.8~REF*6R*CP3XNVOZKX8N~AMT*B6*1193.2~LQ*HE*N381~SVC*HC:81025*15*8.34**1~DTM*472*20191009~CAS*CO*45*6.66~REF*6R*CP3X3TJ5Y4SB~AMT*B6*8.34~LQ*HE*N381~CLP*000100023603*1*204*136.31*2*MC*2019288052610~NM1*QC*1*CANALES*PAULETTE****MR*O413200~NM1*74*1*REDDING CANALES**D~NM1*82*1*GRONEMEYER*LEANNE*R***XX*1659521045~REF*EA*B652EC1BA2E24814A58565794703CC0B~DTM*232*20191014~DTM*233*20191014~SVC*HC:99214:25*134*95.11**1~DTM*472*20191014~CAS*PR*3*2~CAS*CO*45*36.89~REF*6R*CP3P8QT9BFPP~AMT*B6*97.11~LQ*HE*N381~LQ*HE*N381~SVC*HC:90471*35*19.46**1~DTM*472*20191014~CAS*CO*45*15.54~REF*6R*CP3PCM7S97RQ~AMT*B6*19.46~LQ*HE*N381~SVC*HC:90674*35*21.74**1~DTM*472*20191014~CAS*CO*45*13.26~REF*6R*CP3P3JJTAGH8~AMT*B6*21.74~LQ*HE*N381~CLP*000100023579*1*221*119.35**MC*2019288052482~NM1*QC*1*REYES*ANGELEQUE****MR*L233631~NM1*82*1*SEARLES*DENISE*A***XX*1396971230~REF*EA*2CC6ECDAB90E440B866F4EEDFC3BBD02~DTM*232*20191011~DTM*233*20191011~SVC*HC:99203:25*145*97.43**1~DTM*472*20191011~CAS*CO*45*47.57~REF*6R*CP3PWGH5YK1W~AMT*B6*97.43~LQ*HE*N381~SVC*HC:H0049*36*10.92**1~DTM*472*20191011~CAS*CO*45*25.08~REF*6R*CP3PK5CK8CFS~AMT*B6*10.92~LQ*HE*N381~SVC*HC:G8510*40*11**1~DTM*472*20191011~CAS*CO*45*29~REF*6R*CP3P8D7J8GRV~AMT*B6*11~LQ*HE*N381~CLP*000100023372*1*281*171.51**MC*2019287060011~NM1*QC*1*ROBINSON*CHRISTINA****MR*O374388~NM1*82*1*SEARLES*DENISE*A***XX*1396971230~REF*EA*450BD106B8A34A00A3C33367F78664B3~DTM*232*20191008~DTM*233*20191008~SVC*HC:99204:25*205*149.59**1~DTM*472*20191008~CAS*CO*45*55.41~REF*6R*CP3X2JURAHXZ~AMT*B6*149.59~LQ*HE*N381~SVC*HC:H0049*36*10.92**1~DTM*472*20191008~CAS*CO*45*25.08~REF*6R*CP3XC9N2DV47~AMT*B6*10.92~LQ*HE*N381~SVC*HC:G8510*40*11**1~DTM*472*20191008~CAS*CO*45*29~REF*6R*CP3X31KWUSCO~AMT*B6*11~LQ*HE*N381~CLP*000100023347*1*160*107.01**MC*2019287060041~NM1*QC*1*ROMERO*MARGARITO*L***MR*I929050~NM1*82*1*CADDALI*ESTRELLA*A***XX*1164974580~REF*EA*62A7C730F72A4E189CD1D3948D35BD10~DTM*232*20191008~DTM*233*20191008~SVC*HC:99213:25*90*65.81**1~DTM*472*20191008~CAS*CO*45*24.19~REF*6R*CP3XZRK1BXEW~AMT*B6*65.81~LQ*HE*N381~SVC*HC:90471*35*19.46**1~DTM*472*20191008~CAS*CO*45*15.54~REF*6R*CP3XGUHM71VT~AMT*B6*19.46~LQ*HE*N381~SVC*HC:90674*35*21.74**1~DTM*472*20191008~CAS*CO*45*13.26~REF*6R*CP3X5INFWF8B~AMT*B6*21.74~LQ*HE*N381~CLP*000100023448*1*160*107.01**MC*2019287060078~NM1*QC*1*RUIZ*EVELYN****MR*Y265942~NM1*82*1*CADDALI*ESTRELLA*A***XX*1164974580~REF*EA*D37A5F515F034A688B0814EB2267D573~DTM*232*20191009~DTM*233*20191009~SVC*HC:99213:25*90*65.81**1~DTM*472*20191009~CAS*CO*45*24.19~REF*6R*CP3XN0YN7N48~AMT*B6*65.81~LQ*HE*N381~SVC*HC:90471*35*19.46**1~DTM*472*20191009~CAS*CO*45*15.54~REF*6R*CP3X3EGY13W7~AMT*B6*19.46~LQ*HE*N381~SVC*HC:90674*35*21.74**1~DTM*472*20191009~CAS*CO*45*13.26~REF*6R*CP3X14ZL4RM0~AMT*B6*21.74~LQ*HE*N381~CLP*000100023648*1*134*97.11**MC*2019290061461~NM1*QC*1*SAIS*MICHAEL*E***MR*N765754~NM1*82*1*LUCAS*PEGGI*S***XX*1366419582~REF*EA*28B79A8D0D5F418A8011C9B1667474B4~DTM*232*20191014~DTM*233*20191014~SVC*HC:99214*134*97.11**1~DTM*472*20191014~CAS*CO*45*36.89~REF*6R*CP39AN7LPLPR~AMT*B6*97.11~LQ*HE*N381~CLP*000100023439*1*134*97.11**MC*2019287060220~NM1*QC*1*SAIS*PHILIP*R***MR*T398012~NM1*82*1*LANE*DELLA*J***XX*1417151630~REF*EA*FFE5872A7807457EBEE9A7C6FC74E8C1~DTM*232*20191009~DTM*233*20191009~SVC*HC:99214*134*97.11**1~DTM*472*20191009~CAS*CO*45*36.89~REF*6R*CP3XUR8Q6PDQ~AMT*B6*97.11~LQ*HE*N381~CLP*000100023630*1*149*104.45*1*MC*2019290061340~NM1*QC*1*SALAZAR QUINTANA*CELENA****MR*F923445~NM1*74*1*SALAZAR QUINTAN**N~NM1*82*1*HOOSHMAND-PARSI*KAYHOSROW****XX*1447291851~REF*EA*6A398C0229BB41458491D3F9B49CBE5C~DTM*232*20191014~DTM*233*20191014~SVC*HC:99214:25*134*96.11**1~DTM*472*20191014~CAS*PR*3*1~CAS*CO*45*36.89~REF*6R*CP39QTPFY7B1~AMT*B6*97.11~LQ*HE*N381~LQ*HE*N381~SVC*HC:81025*15*8.34**1~DTM*472*20191014~CAS*CO*45*6.66~REF*6R*CP393Y58EXJB~AMT*B6*8.34~LQ*HE*N381~CLP*000100023261*1*160*107.01**MC*2019287060264~NM1*QC*1*SANCHEZ*LEANNA*A***MR*L179099~NM1*82*1*CADDALI*ESTRELLA*A***XX*1164974580~REF*EA*CB2C5AB2C3E540D6A0C396107B6DBAE2~DTM*232*20191004~DTM*233*20191004~SVC*HC:99213:25*90*65.81**1~DTM*472*20191004~CAS*CO*45*24.19~REF*6R*CP3XOMLG76OT~AMT*B6*65.81~LQ*HE*N381~SVC*HC:90471*35*19.46**1~DTM*472*20191004~CAS*CO*45*15.54~REF*6R*CP3X0S3DOVLC~AMT*B6*19.46~LQ*HE*N381~SVC*HC:90674*35*21.74**1~DTM*472*20191004~CAS*CO*45*13.26~REF*6R*CP3XFV30QDLC~AMT*B6*21.74~LQ*HE*N381~CLP*000100023447*1*149*105.45**MC*2019287060268~NM1*QC*1*SANCHEZ*LEANNA*A***MR*L179099~NM1*82*1*LANE*DELLA*J***XX*1417151630~REF*EA*357EEE5C7DC9495DAA79BE2F82375FAF~DTM*232*20191009~DTM*233*20191009~SVC*HC:99214:25*134*97.11**1~DTM*472*20191009~CAS*CO*45*36.89~REF*6R*CP3XO901D7XE~AMT*B6*97.11~LQ*HE*N381~SVC*HC:81025*15*8.34**1~DTM*472*20191009~CAS*CO*45*6.66~REF*6R*CP3XNDD4ALMU~AMT*B6*8.34~LQ*HE*N381~CLP*000100023377*1*149*103.45*2*MC*2019287059980~NM1*QC*1*SANCHEZ*YVONNE*A***MR*J289148~NM1*82*1*HOOSHMAND-PARSI*KAYHOSROW****XX*1447291851~REF*EA*DE8EEC15E4FF490782DA5E7E58362795~DTM*232*20191008~DTM*233*20191008~SVC*HC:99214:25*134*95.11**1~DTM*472*20191008~CAS*PR*3*2~CAS*CO*45*36.89~REF*6R*CP3XDEVI8GHY~AMT*B6*97.11~LQ*HE*N381~LQ*HE*N381~SVC*HC:81025*15*8.34**1~DTM*472*20191008~CAS*CO*45*6.66~REF*6R*CP3X6TMXKI7J~AMT*B6*8.34~LQ*HE*N381~CLP*000100023745*1*90*65.81**MC*2019290061358~NM1*QC*1*SAN JUAN*NAVEYAH*R***MR*G628471~NM1*74*1*SANJUAN~NM1*82*1*SEARLES*DENISE*A***XX*1396971230~REF*EA*5B80054470294285A91940CF58D98235~DTM*232*20191015~DTM*233*20191015~SVC*HC:99213*90*65.81**1~DTM*472*20191015~CAS*CO*45*24.19~REF*6R*CP39BE4CC7WF~AMT*B6*65.81~LQ*HE*N381~CLP*000100023644*1*134*97.11**MC*2019290061386~NM1*QC*1*SANTISTEVAN*MARILYN****MR*J932671~NM1*82*1*HOOSHMAND-PARSI*KAYHOSROW****XX*1447291851~REF*EA*69C2A23E354446999B8B1AD6519F8B17~DTM*232*20191014~DTM*233*20191014~SVC*HC:99214*134*97.11**1~DTM*472*20191014~CAS*CO*45*36.89~REF*6R*CP39Q1P1H2HC~AMT*B6*97.11~LQ*HE*N381~CLP*000100023539*1*204*138.31**MC*2019290061452~NM1*QC*1*SCAMAN*SABRINA****MR*Y355037~NM1*82*1*GRONEMEYER*LEANNE*R***XX*1659521045~REF*EA*F40094C70F8D4E2CBEB1AFE605554211~DTM*232*20191010~DTM*233*20191010~SVC*HC:99214:25*134*97.11**1~DTM*472*20191010~CAS*CO*45*36.89~REF*6R*CP39IELUTPJG~AMT*B6*97.11~LQ*HE*N381~SVC*HC:90471*35*19.46**1~DTM*472*20191010~CAS*CO*45*15.54~REF*6R*CP39FZ4MJZYK~AMT*B6*19.46~LQ*HE*N381~SVC*HC:90674*35*21.74**1~DTM*472*20191010~CAS*CO*45*13.26~REF*6R*CP39MUWTZW3V~AMT*B6*21.74~LQ*HE*N381~CLP*000100023476*1*134*97.11**MC*2019287060261~NM1*QC*1*SCOFIELD*MARY*E***MR*P562027~NM1*82*1*GRONEMEYER*LEANNE*R***XX*1659521045~REF*EA*51756CF880514784A27FC63EC466D986~DTM*232*20191009~DTM*233*20191009~SVC*HC:99214*134*97.11**1~DTM*472*20191009~CAS*CO*45*36.89~REF*6R*CP3XO3OF5GXS~AMT*B6*97.11~LQ*HE*N381~CLP*000100023627*1*90*65.81**MC*2019290061414~NM1*QC*1*SILVA*JOHN*H***MR*O988730~NM1*82*1*GRONEMEYER*LEANNE*R***XX*1659521045~REF*EA*6ABA0586703640F893C46D1EBA2FDA15~DTM*232*20191014~DTM*233*20191014~SVC*HC:99213*90*65.81**1~DTM*472*20191014~CAS*CO*45*24.19~REF*6R*CP39DX2EKTE0~AMT*B6*65.81~LQ*HE*N381~CLP*000100023337*1*134*97.11**MC*2019287060190~NM1*QC*1*SIMS*MARIAH****MR*W857204~NM1*82*1*LUCAS*PEGGI*S***XX*1366419582~REF*EA*71BCD56C4619408581D0B847756CD312~DTM*232*20191008~DTM*233*20191008~SVC*HC:99214*134*97.11**1~DTM*472*20191008~CAS*CO*45*36.89~REF*6R*CP3X85W9X4N1~AMT*B6*97.11~LQ*HE*N381~CLP*000100023633*1*149*105.45**MC*2019290061354~NM1*QC*1*SIMS*MARIAH****MR*W857204~NM1*82*1*LUCAS*PEGGI*S***XX*1366419582~REF*EA*52A4BBD610BB42628FE4E0DF19FB300D~DTM*232*20191014~DTM*233*20191014~SVC*HC:99214:25*134*97.11**1~DTM*472*20191014~CAS*CO*45*36.89~REF*6R*CP394NJTFHJB~AMT*B6*97.11~LQ*HE*N381~SVC*HC:81025*15*8.34**1~DTM*472*20191014~CAS*CO*45*6.66~REF*6R*CP391VLK95SJ~AMT*B6*8.34~LQ*HE*N381~CLP*000100023606*1*115*104.26**MC*2019288052786~NM1*QC*1*SMITH*DESTINY*L***MR*Q240284~NM1*82*1*LEWIS*HOLLY*G***XX*1295234128~REF*EA*194C7871CD82456D91C74C4813EFA9D1~DTM*232*20191014~DTM*233*20191014~SVC*HC:90837*115*104.26**1~DTM*472*20191014~CAS*CO*45*10.74~REF*6R*CP3PN93H40O3~AMT*B6*104.26~LQ*HE*N381~CLP*000100023244*1*149*105.45**MC*2019287060056~NM1*QC*1*SOSA*KENDRA*E***MR*R268169~NM1*82*1*KLAKER*JULIE*M***XX*1215134705~REF*EA*F1A564B27BC142699E5CEFECAD4C6C8B~DTM*232*20191004~DTM*233*20191004~SVC*HC:99214:25*134*97.11**1~DTM*472*20191004~CAS*CO*45*36.89~REF*6R*CP3XWKFMM2ZO~AMT*B6*97.11~LQ*HE*N381~SVC*HC:81025*15*8.34**1~DTM*472*20191004~CAS*CO*45*6.66~REF*6R*CP3X6ARQPUL7~AMT*B6*8.34~LQ*HE*N381~CLP*000100023366*1*149*105.45**MC*2019287059943~NM1*QC*1*TABARES*ANGELA****MR*V900344~NM1*82*1*HOOSHMAND-PARSI*KAYHOSROW****XX*1447291851~REF*EA*22CEDB9303F6402A87417BA010E0A340~DTM*232*20191008~DTM*233*20191008~SVC*HC:99214:25*134*97.11**1~DTM*472*20191008~CAS*CO*45*36.89~REF*6R*CP3XZGPCIB7G~AMT*B6*97.11~LQ*HE*N381~SVC*HC:81025*15*8.34**1~DTM*472*20191008~CAS*CO*45*6.66~REF*6R*CP3XM6IH0QRW~AMT*B6*8.34~LQ*HE*N381~CLP*000100023555*1*175*114.94**MC*2019288052748~NM1*QC*1*THOMPSON*JOANN****MR*P818616~NM1*82*1*SEARLES*DENISE*A***XX*1396971230~REF*EA*10CDFC20117F46C6AE974D66D3BE8B42~DTM*232*20191011~DTM*233*20191011~SVC*HC:99396*175*114.94**1~DTM*472*20191011~CAS*CO*45*60.06~REF*6R*CP3PE4KMS0EB~AMT*B6*114.94~LQ*HE*N381~CLP*000100023551*1*138*100.48**MC*2019288052736~NM1*QC*1*THOMPSON*LINDA*M***MR*E133889~NM1*82*1*LUCAS*PEGGI*S***XX*1366419582~REF*EA*0EF94674DB0B4EEFBBD5777A7F3B246A~DTM*232*20191011~DTM*233*20191011~SVC*HC:99214:25*134*97.11**1~DTM*472*20191011~CAS*CO*45*36.89~REF*6R*CP3PUB250BF6~AMT*B6*97.11~LQ*HE*N381~SVC*HC:81002*4*3.37**1~DTM*472*20191011~CAS*CO*45*.63~REF*6R*CP3P8GVMWHKY~AMT*B6*3.37~LQ*HE*N381~CLP*000100023621*1*1954*1298.65**MC*2019290061489~NM1*QC*1*TILLEY*SAVANNAH****MR*S123439~NM1*82*1*LUCAS*PEGGI*S***XX*1366419582~REF*EA*71D05091CAEB43B1B81ADE990765F94F~DTM*232*20191014~DTM*233*20191014~SVC*HC:99214:25*134*97.11**1~DTM*472*20191014~CAS*CO*45*36.89~REF*6R*CP3983T9WAOM~AMT*B6*97.11~LQ*HE*N381~SVC*HC:J2315*1805*1193.2**380~DTM*472*20191014~CAS*CO*45*611.8~REF*6R*CP394AOZ7USW~AMT*B6*1193.2~LQ*HE*N381~SVC*HC:81025*15*8.34**1~DTM*472*20191014~CAS*CO*45*6.66~REF*6R*CP39SWW9E82L~AMT*B6*8.34~LQ*HE*N381~CLP*000100023508*1*134*97.11**MC*2019287060244~NM1*QC*1*TOMLINSON*SEAN*B***MR*O382609~NM1*82*1*SEARLES*DENISE*A***XX*1396971230~REF*EA*2560940EAA2A4B8EA6D7A5B14AC2B6A3~DTM*232*20191010~DTM*233*20191010~SVC*HC:99214*134*97.11**1~DTM*472*20191010~CAS*CO*45*36.89~REF*6R*CP3X0FQHWGJN~AMT*B6*97.11~LQ*HE*N381~CLP*000100022930*1*134*97.11**MC*2019287060247~NM1*QC*1*TOMLINSON*SEAN*B***MR*O382609~NM1*82*1*SEARLES*DENISE*A***XX*1396971230~REF*EA*2933F963CD494DE787AA74F5B02F01E9~DTM*232*20190927~DTM*233*20190927~SVC*HC:99214*134*97.11**1~DTM*472*20190927~CAS*CO*45*36.89~REF*6R*CP3XJZVTV2BW~AMT*B6*97.11~LQ*HE*N381~CLP*000100023582*1*281*191.03**MC*2019288052750~NM1*QC*1*VALENTINE*JEANA****MR*Y336108~NM1*82*1*LUCAS*PEGGI*S***XX*1366419582~REF*EA*AFA44D08D0C746C7A14CB98BE92C0FB6~DTM*232*20191011~DTM*233*20191011~SVC*HC:99204:25*205*149.59**1~DTM*472*20191011~CAS*CO*45*55.41~REF*6R*CP3PV9MDANRY~AMT*B6*149.59~LQ*HE*N381~SVC*HC:H0049*36*10.92**1~DTM*472*20191011~CAS*CO*45*25.08~REF*6R*CP3P8TM4PEOA~AMT*B6*10.92~LQ*HE*N381~SVC*HC:G8431*40*30.52**1~DTM*472*20191011~CAS*CO*45*9.48~REF*6R*CP3P696R613F~AMT*B6*30.52~LQ*HE*N381~CLP*000100023523*1*149*105.45**MC*2019287059952~NM1*QC*1*VARGAS*ERIKA*A***MR*L114609~NM1*82*1*KLAKER*JULIE*M***XX*1215134705~REF*EA*97C909BC6EC74AE2833635E711A10EAE~DTM*232*20191010~DTM*233*20191010~SVC*HC:99214:25*134*97.11**1~DTM*472*20191010~CAS*CO*45*36.89~REF*6R*CP3X75RFHKW1~AMT*B6*97.11~LQ*HE*N381~SVC*HC:81025*15*8.34**1~DTM*472*20191010~CAS*CO*45*6.66~REF*6R*CP3XQ6AZI9T4~AMT*B6*8.34~LQ*HE*N381~CLP*000100023408*1*134*95.11*2*MC*2019287060188~NM1*QC*1*WAL*ISAAC*P***MR*Y614489~NM1*82*1*LANE*DELLA*J***XX*1417151630~REF*EA*6D3339E87C38488F9FE4F0D5F468F1EC~DTM*232*20191009~DTM*233*20191009~SVC*HC:99214*134*95.11**1~DTM*472*20191009~CAS*PR*3*2~CAS*CO*45*36.89~REF*6R*CP3X2Z9FFO56~AMT*B6*97.11~LQ*HE*N381~LQ*HE*N381~CLP*000100023384*1*165*107.82**MC*2019287060029~NM1*QC*1*WHITE*KELVIN****MR*P661213~NM1*82*1*SEARLES*DENISE*A***XX*1396971230~REF*EA*C656F1118BE7416F842DF2AB675F749B~DTM*232*20191008~DTM*233*20191008~SVC*HC:99395*165*107.82**1~DTM*472*20191008~CAS*CO*45*57.18~REF*6R*CP3X14X8QK8X~AMT*B6*107.82~LQ*HE*N381~CLP*000100023712*1*329*192.55**MC*2019290061448~NM1*QC*1*WILKERSON*CHRISTOPHER*T***MR*P623047~NM1*82*1*CADDALI*ESTRELLA*A***XX*1164974580~REF*EA*81D43B725D9F4BA0B865C9608438D57C~DTM*232*20191015~DTM*233*20191015~SVC*HC:99395:25*165*107.82**1~DTM*472*20191015~CAS*CO*45*57.18~REF*6R*CP39ECBDES86~AMT*B6*107.82~LQ*HE*N381~SVC*HC:90471*35*19.46**1~DTM*472*20191015~CAS*CO*45*15.54~REF*6R*CP39RCT7BFJ2~AMT*B6*19.46~LQ*HE*N381~SVC*HC:90715*53*43.35**1~DTM*472*20191015~CAS*CO*45*9.65~REF*6R*CP39OWYP6SC3~AMT*B6*43.35~LQ*HE*N381~SVC*HC:H0049*36*10.92**1~DTM*472*20191015~CAS*CO*45*25.08~REF*6R*CP39SLONKLYU~AMT*B6*10.92~LQ*HE*N381~SVC*HC:G8510*40*11**1~DTM*472*20191015~CAS*CO*45*29~REF*6R*CP39ACJ0TLTK~AMT*B6*11~LQ*HE*N381~CLP*000100023625*1*90*63.81*2*MC*2019290061129~NM1*QC*1*WILKINS*CARTHELIUS****MR*P159818~NM1*82*1*HOOSHMAND-PARSI*KAYHOSROW****XX*1447291851~REF*EA*CAD40760B7AF4BF78277CA6970692309~DTM*232*20191014~DTM*233*20191014~SVC*HC:99213*90*63.81**1~DTM*472*20191014~CAS*PR*3*2~CAS*CO*45*24.19~REF*6R*CP395J5FMLC7~AMT*B6*65.81~LQ*HE*N381~LQ*HE*N381~CLP*000100023396*1*54*39.39**MC*2019287060274~NM1*QC*1*WILLIAMS*MARK*A***MR*O565605~NM1*82*1*CADDALI*ESTRELLA*A***XX*1164974580~REF*EA*3A5C31A541D14B37828646DA183D0D63~DTM*232*20191008~DTM*233*20191008~SVC*HC:99212*54*39.39**1~DTM*472*20191008~CAS*CO*45*14.61~REF*6R*CP3XAJ9PX87P~AMT*B6*39.39~LQ*HE*N381~CLP*000100023600*1*134*95.11*2*MC*2019288052625~NM1*QC*1*WILLIS*DIANE****MR*D774337~NM1*82*1*LUCAS*PEGGI*S***XX*1366419582~REF*EA*9A6FF5FAF0414AEDAB4CAF9F3836B407~DTM*232*20191014~DTM*233*20191014~SVC*HC:99214*134*95.11**1~DTM*472*20191014~CAS*PR*3*2~CAS*CO*45*36.89~REF*6R*CP3PNCKKY7KH~AMT*B6*97.11~LQ*HE*N381~LQ*HE*N381~CLP*000100023620*1*204*138.31**MC*2019290061037~NM1*QC*1*ZENTENO*LUIS****MR*P095022~NM1*82*1*GRONEMEYER*LEANNE*R***XX*1659521045~REF*EA*A5FB61B423E44E33BAF2EE4ECE6614C0~DTM*232*20191014~DTM*233*20191014~SVC*HC:99214:25*134*97.11**1~DTM*472*20191014~CAS*CO*45*36.89~REF*6R*CP399X7CEWA6~AMT*B6*97.11~LQ*HE*N381~SVC*HC:90471*35*19.46**1~DTM*472*20191014~CAS*CO*45*15.54~REF*6R*CP39QH3VV8YA~AMT*B6*19.46~LQ*HE*N381~SVC*HC:90674*35*21.74**1~DTM*472*20191014~CAS*CO*45*13.26~REF*6R*CP39B9FP9LC1~AMT*B6*21.74~LQ*HE*N381~CLP*000100023503*1*134*97.11**MC*2019287060257~NM1*QC*1*ZUPANCIC*CARLOS*A***MR*K226313~NM1*82*1*KLAKER*JULIE*M***XX*1215134705~REF*EA*BF347386926C456CB367B9EB11D8E7BE~DTM*232*20191010~DTM*233*20191010~SVC*HC:99214*134*97.11**1~DTM*472*20191010~CAS*CO*45*36.89~REF*6R*CP3XXBK3MFKW~AMT*B6*97.11~LQ*HE*N381~CLP*000100023299*4*205*0**MC*2019287060121~NM1*QC*1*DAVID*CASSANDRA****MR*R733683~NM1*82*1*LUCAS*PEGGI*S***XX*1366419582~REF*EA*60FE4218979C407AAFD2C8DD1BC251AC~DTM*232*20191007~DTM*233*20191007~SVC*HC:99204:25*205*0**0**1~DTM*472*20191007~CAS*PI*16*205~REF*6R*CP3XPWFAFKZI~LQ*HE*MA92~CLP*000100023568*4*142.66*0**MC*2019288052657~NM1*QC*1*DAVID*CASSANDRA****MR*R733683~NM1*82*1*LUCAS*PEGGI*S***XX*1366419582~REF*EA*FAE7A16DE2A44F4D8183AE2318BE2D96~DTM*232*20191011~DTM*233*20191011~SVC*HC:99214:25*134*0**0**1~DTM*472*20191011~CAS*PI*16*134~REF*6R*CP3P1VCFMG5U~LQ*HE*MA92~SVC*HC:86580*8.66*0**0**1~DTM*472*20191011~CAS*PI*16*8.66~REF*6R*CP3PWZ61UCX4~LQ*HE*MA92~SE*2684*000010013~GE*1*200004027~IEA*1*200004027~