ISA*00*          *00*          *ZZ*COMEDASSISTPROG*ZZ*6769489        *200511*0230*^*00501*200008106*0*P*:~GS*HP*COMEDASSISTPROG*6769489*20200511*023052*200008106*X*005010X221A1~ST*835*000010012~BPR*I*15821.93*C*ACH*CCP*01*075911603*DA*00000004556640373*1811725341**01*102106569*DA*2200002989138*20200511~TRN*1*000972529*1811725341~REF*EV*1508250911~DTM*405*20200508~N1*PR*CO_TXIX*XV*7912900843~N3*P.O. BOX 30~N4*DENVER*CO*80201~PER*CX*MEDICAID PROVIDER SERVICES*TE*8442352387~PER*BL*MEDICAID PROVIDER SERVICES*TE*8442352387~N1*PE*HEALTH SOLUTIONS MED CENTER*XX*1508250911~REF*TJ*841158933~LX*1~CLP*000100024395*22*-1927*-241.7**MC*5220035001777~NM1*QC*1*BARNELL*SHANNA*V***MR*R948166~NM1*82*1*SEARLES*DENISE*A***XX*1396971230~REF*EA*6CAD919CC6C9482EAC556B56DD6C5794~DTM*232*20191031~DTM*233*20191031~SVC*HC:99213:25*-90*-12.94**1~DTM*472*20191031~CAS*CO*45*-77.06~REF*6R*CPMD11IDEBVA~AMT*B6*12.94~LQ*HE*N381~LQ*HE*N381~SVC*HC:96372*-32*-2.91**1~DTM*472*20191031~CAS*CO*45*-29.09~REF*6R*CPMDY8ECYRV9~AMT*B6*2.91~LQ*HE*N381~LQ*HE*N381~SVC*HC:J2315*-1805*-225.85**380~DTM*472*20191031~CAS*CO*45*-1579.15~REF*6R*CPMDLK112W3H~AMT*B6*225.85~LQ*HE*N381~LQ*HE*N381~CLP*000100024395*2*1927*241.7**MC*5220129001938~NM1*QC*1*BARNELL*SHANNA*V***MR*R948166~NM1*82*1*SEARLES*DENISE*A***XX*1396971230~REF*EA*6CAD919CC6C9482EAC556B56DD6C5794~DTM*232*20191031~DTM*233*20191031~SVC*HC:99213:25*90*12.94**1~DTM*472*20191031~CAS*CO*45*77.06~REF*6R*CPMD11IDEBVA~AMT*B6*12.94~LQ*HE*N381~LQ*HE*N381~SVC*HC:96372*32*2.91**1~DTM*472*20191031~CAS*CO*45*29.09~REF*6R*CPMDY8ECYRV9~AMT*B6*2.91~LQ*HE*N381~LQ*HE*N381~SVC*HC:J2315*1805*225.85**380~DTM*472*20191031~CAS*CO*45*1579.15~REF*6R*CPMDLK112W3H~AMT*B6*225.85~LQ*HE*N381~LQ*HE*N381~CLP*000100023167*22*-2137*-264.75**MC*5220035001837~NM1*QC*1*BARNELL*SHANNA****MR*R948166~NM1*82*1*SEARLES*DENISE*A***XX*1396971230~REF*EA*82ECF8EDFE6140238CBC7FEB31FF8D45~DTM*232*20191003~DTM*233*20191003~SVC*HC:99205:25*-255*-35.99**1~DTM*472*20191003~CAS*CO*45*-219.01~REF*6R*CPOHD1V8PCMP~AMT*B6*35.99~LQ*HE*N381~LQ*HE*N381~SVC*HC:99415*-45*0**1~DTM*472*20191003~CAS*CO*45*-37.89~CAS*OA*23*-7.11~REF*6R*CPOHYVWSSX9V~LQ*HE*N381~LQ*HE*N381~SVC*HC:96372*-32*-2.91**1~DTM*472*20191003~CAS*CO*45*-29.09~REF*6R*CPOHNJUKEY4R~AMT*B6*2.91~LQ*HE*N381~LQ*HE*N381~SVC*HC:J2315*-1805*-225.85**380~DTM*472*20191003~CAS*CO*45*-1579.15~REF*6R*CPOHNC2MUMOQ~AMT*B6*225.85~LQ*HE*N381~LQ*HE*N381~CLP*000100023167*2*2137*264.75**MC*5220129001948~NM1*QC*1*BARNELL*SHANNA****MR*R948166~NM1*82*1*SEARLES*DENISE*A***XX*1396971230~REF*EA*82ECF8EDFE6140238CBC7FEB31FF8D45~DTM*232*20191003~DTM*233*20191003~SVC*HC:99205:25*255*35.99**1~DTM*472*20191003~CAS*CO*45*219.01~REF*6R*CPOHD1V8PCMP~AMT*B6*35.99~LQ*HE*N381~LQ*HE*N381~SVC*HC:99415*45*0**1~DTM*472*20191003~CAS*CO*45*37.89~CAS*OA*23*7.11~REF*6R*CPOHYVWSSX9V~LQ*HE*N381~LQ*HE*N381~SVC*HC:96372*32*2.91**1~DTM*472*20191003~CAS*CO*45*29.09~REF*6R*CPOHNJUKEY4R~AMT*B6*2.91~LQ*HE*N381~LQ*HE*N381~SVC*HC:J2315*1805*225.85**380~DTM*472*20191003~CAS*CO*45*1579.15~REF*6R*CPOHNC2MUMOQ~AMT*B6*225.85~LQ*HE*N381~LQ*HE*N381~CLP*000100028332*22*-1986*-340.69**MC*2020045003719~NM1*QC*1*BARNELL*SHANNA*V***MR*R948166~NM1*82*1*SEARLES*DENISE*A***XX*1396971230~REF*EA*CF7C3BDC189E4C719CB438E968F4690A~DTM*232*20200116~DTM*233*20200116~SVC*HC:99214:25*-134*-95.01**1~DTM*472*20200116~CAS*CO*45*-38.99~REF*6R*CPM222M5H2GV~AMT*B6*95.01~LQ*HE*N381~LQ*HE*N381~SVC*HC:96372*-32*-12.46**1~DTM*472*20200116~CAS*CO*45*-19.54~REF*6R*CPM25AEFF2GH~AMT*B6*12.46~LQ*HE*N381~LQ*HE*N381~SVC*HC:J2315*-1805*-233.22**380~DTM*472*20200116~CAS*CO*45*-1571.78~REF*6R*CPM2EO4JYXU1~AMT*B6*233.22~LQ*HE*N381~LQ*HE*N381~SVC*HC:81025*-15*0**1~DTM*472*20200116~CAS*CO*45*-15~REF*6R*CPM2IHYLX02D~LQ*HE*N381~CLP*000100028332*2*1986*361.08**MC*5220129002600~NM1*QC*1*BARNELL*SHANNA*V***MR*R948166~NM1*82*1*SEARLES*DENISE*A***XX*1396971230~REF*EA*CF7C3BDC189E4C719CB438E968F4690A~DTM*232*20200116~DTM*233*20200116~SVC*HC:99214:25*134*95.01**1~DTM*472*20200116~CAS*CO*45*38.99~REF*6R*CPM222M5H2GV~AMT*B6*95.01~LQ*HE*N381~LQ*HE*N381~SVC*HC:96372*32*12.46**1~DTM*472*20200116~CAS*CO*45*19.54~REF*6R*CPM25AEFF2GH~AMT*B6*12.46~LQ*HE*N381~LQ*HE*N381~SVC*HC:J2315*1805*253.61**380~DTM*472*20200116~CAS*CO*45*1551.39~REF*6R*CPM2EO4JYXU1~AMT*B6*253.61~LQ*HE*N381~LQ*HE*N381~SVC*HC:81025*15*0**1~DTM*472*20200116~CAS*CO*45*15~REF*6R*CPM2IHYLX02D~LQ*HE*N381~CLP*000100029902*22*-1986*-247.12**MC*2020070003425~NM1*QC*1*BARNELL*SHANNA*V***MR*R948166~NM1*82*1*SEARLES*DENISE*A***XX*1396971230~REF*EA*561550D449634952A1E43558AEFE9140~DTM*232*20200213~DTM*233*20200213~SVC*HC:99214:25*-134*-19**1~DTM*472*20200213~CAS*CO*45*-115~REF*6R*CPWMW8JBNGE6~AMT*B6*19~LQ*HE*N381~LQ*HE*N381~SVC*HC:96372*-32*-2.49**1~DTM*472*20200213~CAS*CO*45*-29.51~REF*6R*CPWMLP0C8P9H~AMT*B6*2.49~LQ*HE*N381~LQ*HE*N381~SVC*HC:J2315*-1805*-225.63**380~DTM*472*20200213~CAS*CO*45*-1579.37~REF*6R*CPWMYMALZY3A~AMT*B6*225.63~LQ*HE*N381~LQ*HE*N381~SVC*HC:81025*-15*0**1~DTM*472*20200213~CAS*CO*45*-15~REF*6R*CPWMDPK4A3OJ~LQ*HE*N381~CLP*000100029902*2*1986*267.35**MC*5220129003010~NM1*QC*1*BARNELL*SHANNA*V***MR*R948166~NM1*82*1*SEARLES*DENISE*A***XX*1396971230~REF*EA*561550D449634952A1E43558AEFE9140~DTM*232*20200213~DTM*233*20200213~SVC*HC:99214:25*134*19**1~DTM*472*20200213~CAS*CO*45*115~REF*6R*CPWMW8JBNGE6~AMT*B6*19~LQ*HE*N381~LQ*HE*N381~SVC*HC:96372*32*2.49**1~DTM*472*20200213~CAS*CO*45*29.51~REF*6R*CPWMLP0C8P9H~AMT*B6*2.49~LQ*HE*N381~LQ*HE*N381~SVC*HC:J2315*1805*245.86**380~DTM*472*20200213~CAS*CO*45*1559.14~REF*6R*CPWMYMALZY3A~AMT*B6*245.86~LQ*HE*N381~LQ*HE*N381~SVC*HC:81025*15*0**1~DTM*472*20200213~CAS*CO*45*15~REF*6R*CPWMDPK4A3OJ~LQ*HE*N381~CLP*000100027092*22*-1971*-247.69**MC*2020086003698~NM1*QC*1*BARNELL*SHANNA*V***MR*R948166~NM1*82*1*SEARLES*DENISE*A***XX*1396971230~REF*EA*BE3D125FA8C24788A114EEBB46758452~DTM*232*20191220~DTM*233*20191220~SVC*HC:99214:25*-134*-18.93**1~DTM*472*20191220~CAS*CO*45*-115.07~REF*6R*CP4YB6GTYTVJ~AMT*B6*18.93~LQ*HE*N381~LQ*HE*N381~SVC*HC:96372*-32*-2.91**1~DTM*472*20191220~CAS*CO*45*-29.09~REF*6R*CP4YC5YJVISG~AMT*B6*2.91~LQ*HE*N381~LQ*HE*N381~SVC*HC:J2315*-1805*-225.85**380~DTM*472*20191220~CAS*CO*45*-1579.15~REF*6R*CP4YJ6GSG3O3~AMT*B6*225.85~LQ*HE*N381~LQ*HE*N381~CLP*000100027092*2*1971*268.61**MC*5220129003296~NM1*QC*1*BARNELL*SHANNA*V***MR*R948166~NM1*82*1*SEARLES*DENISE*A***XX*1396971230~REF*EA*BE3D125FA8C24788A114EEBB46758452~DTM*232*20191220~DTM*233*20191220~SVC*HC:99214:25*134*18.93**1~DTM*472*20191220~CAS*CO*45*115.07~REF*6R*CP4YB6GTYTVJ~AMT*B6*18.93~LQ*HE*N381~LQ*HE*N381~SVC*HC:96372*32*2.91**1~DTM*472*20191220~CAS*CO*45*29.09~REF*6R*CP4YC5YJVISG~AMT*B6*2.91~LQ*HE*N381~LQ*HE*N381~SVC*HC:J2315*1805*246.77**380~DTM*472*20191220~CAS*CO*45*1558.23~REF*6R*CP4YJ6GSG3O3~AMT*B6*246.77~LQ*HE*N381~LQ*HE*N381~CLP*000100031440*22*-1986*-247.12**MC*2020106001312~NM1*QC*1*BARNELL*SHANNA*V***MR*R948166~NM1*82*1*SEARLES*DENISE*A***XX*1396971230~REF*EA*C794C44CB99D494E8D9D10EC97700018~DTM*232*20200312~DTM*233*20200312~SVC*HC:99214:25*-134*-19**1~DTM*472*20200312~CAS*CO*45*-115~REF*6R*CP6ABRFULQN6~AMT*B6*19~LQ*HE*N381~LQ*HE*N381~SVC*HC:96372*-32*-2.49**1~DTM*472*20200312~CAS*CO*45*-29.51~REF*6R*CP6A4CR8KZ5S~AMT*B6*2.49~LQ*HE*N381~LQ*HE*N381~SVC*HC:J2315*-1805*-225.63**380~DTM*472*20200312~CAS*CO*45*-1579.37~REF*6R*CP6ALKYALB6N~AMT*B6*225.63~LQ*HE*N381~LQ*HE*N381~SVC*HC:81025*-15*0**1~DTM*472*20200312~CAS*CO*45*-15~REF*6R*CP6A6YIDN6UT~LQ*HE*N381~CLP*000100031440*2*1986*267.35**MC*5220129003758~NM1*QC*1*BARNELL*SHANNA*V***MR*R948166~NM1*82*1*SEARLES*DENISE*A***XX*1396971230~REF*EA*C794C44CB99D494E8D9D10EC97700018~DTM*232*20200312~DTM*233*20200312~SVC*HC:99214:25*134*19**1~DTM*472*20200312~CAS*CO*45*115~REF*6R*CP6ABRFULQN6~AMT*B6*19~LQ*HE*N381~LQ*HE*N381~SVC*HC:96372*32*2.49**1~DTM*472*20200312~CAS*CO*45*29.51~REF*6R*CP6A4CR8KZ5S~AMT*B6*2.49~LQ*HE*N381~LQ*HE*N381~SVC*HC:J2315*1805*245.86**380~DTM*472*20200312~CAS*CO*45*1559.14~REF*6R*CP6ALKYALB6N~AMT*B6*245.86~LQ*HE*N381~LQ*HE*N381~SVC*HC:81025*15*0**1~DTM*472*20200312~CAS*CO*45*15~REF*6R*CP6A6YIDN6UT~LQ*HE*N381~CLP*000100023167*22*-2197*-264.75**MC*5820107027395~NM1*QC*1*BARNELL*SHANNA*V***MR*R948166~NM1*82*1*SEARLES*DENISE*A***XX*1396971230~REF*EA*912993A80A7843DA9F08EBAF26C9CD19~DTM*232*20191003~DTM*233*20191003~SVC*HC:99205:25*-255*-35.99**1~DTM*472*20191003~CAS*CO*45*-219.01~REF*6R*CPMDPK0U7B15~AMT*B6*35.99~LQ*HE*N377~LQ*HE*N381~LQ*HE*N381~SVC*HC:99415*-45*0**1~DTM*472*20191003~CAS*CO*45*-37.89~CAS*OA*23*-7.11~REF*6R*CPMD27W01DFN~LQ*HE*N377~LQ*HE*N381~LQ*HE*N381~SVC*HC:96372*-32*-2.91**1~DTM*472*20191003~CAS*CO*45*-29.09~REF*6R*CPMDGSI9NTU0~AMT*B6*2.91~LQ*HE*N377~LQ*HE*N381~LQ*HE*N381~SVC*HC:J2315*-1805*-225.85**380~DTM*472*20191003~CAS*CO*45*-1579.15~REF*6R*CPMDV5T9VB8B~AMT*B6*225.85~LQ*HE*N377~LQ*HE*N381~LQ*HE*N381~SVC*HC:G0444*-20*0**0**1~DTM*472*20191003~CAS*PI*96*-20~REF*6R*CPMD4RWNUVJT~LQ*HE*N377~LQ*HE*N30~LQ*HE*N30~LQ*HE*N56~SVC*HC:G0396*-40*0**0**1~DTM*472*20191003~CAS*CO*56*-40~REF*6R*CPMDXUU7MTZI~LQ*HE*N377~LQ*HE*N381~LQ*HE*N130~LQ*HE*N130~CLP*000100023167*2*2197*264.75**MC*5220129003887~NM1*QC*1*BARNELL*SHANNA*V***MR*R948166~NM1*82*1*SEARLES*DENISE*A***XX*1396971230~REF*EA*912993A80A7843DA9F08EBAF26C9CD19~DTM*232*20191003~DTM*233*20191003~SVC*HC:99205:25*255*35.99**1~DTM*472*20191003~CAS*CO*45*219.01~REF*6R*CPMDPK0U7B15~AMT*B6*35.99~LQ*HE*N381~LQ*HE*N381~SVC*HC:99415*45*0**1~DTM*472*20191003~CAS*CO*45*37.89~CAS*OA*23*7.11~REF*6R*CPMD27W01DFN~LQ*HE*N381~LQ*HE*N381~SVC*HC:96372*32*2.91**1~DTM*472*20191003~CAS*CO*45*29.09~REF*6R*CPMDGSI9NTU0~AMT*B6*2.91~LQ*HE*N381~LQ*HE*N381~SVC*HC:J2315*1805*225.85**380~DTM*472*20191003~CAS*CO*45*1579.15~REF*6R*CPMDV5T9VB8B~AMT*B6*225.85~LQ*HE*N381~LQ*HE*N381~SVC*HC:G0444*20*0**0**1~DTM*472*20191003~CAS*PI*96*20~REF*6R*CPMD4RWNUVJT~LQ*HE*N30~LQ*HE*N30~LQ*HE*N56~SVC*HC:G0396*40*0**0**1~DTM*472*20191003~CAS*CO*56*40~REF*6R*CPMDXUU7MTZI~LQ*HE*N381~LQ*HE*N130~LQ*HE*N130~CLP*000100023414*22*-2055*-254.49**MC*5220035001317~NM1*QC*1*MOORE*HOLLY****MR*G690959~NM1*82*1*GRONEMEYER*LEANNE*R***XX*1659521045~REF*EA*6A5919F6DB2E433EB696C35245924975~DTM*232*20191009~DTM*233*20191009~SVC*HC:99204:25*-205*-28.64**1~DTM*472*20191009~CAS*CO*45*-176.36~REF*6R*CPDL8DVIZYDF~AMT*B6*28.64~LQ*HE*N381~LQ*HE*N381~SVC*HC:J2315*-1805*-225.85**380~DTM*472*20191009~CAS*CO*45*-1579.15~REF*6R*CPDLJYVMBZEV~AMT*B6*225.85~LQ*HE*N381~LQ*HE*N381~SVC*HC:99415*-45*0**1~DTM*472*20191009~CAS*CO*45*-37.89~CAS*OA*23*-7.11~REF*6R*CPDLOGIWJIJ7~LQ*HE*N381~LQ*HE*N381~CLP*000100023414*2*2055*254.49**MC*5220129001817~NM1*QC*1*MOORE*HOLLY****MR*G690959~NM1*82*1*GRONEMEYER*LEANNE*R***XX*1659521045~REF*EA*6A5919F6DB2E433EB696C35245924975~DTM*232*20191009~DTM*233*20191009~SVC*HC:99204:25*205*28.64**1~DTM*472*20191009~CAS*CO*45*176.36~REF*6R*CPDL8DVIZYDF~AMT*B6*28.64~LQ*HE*N381~LQ*HE*N381~SVC*HC:J2315*1805*225.85**380~DTM*472*20191009~CAS*CO*45*1579.15~REF*6R*CPDLJYVMBZEV~AMT*B6*225.85~LQ*HE*N381~LQ*HE*N381~SVC*HC:99415*45*0**1~DTM*472*20191009~CAS*CO*45*37.89~CAS*OA*23*7.11~REF*6R*CPDLOGIWJIJ7~LQ*HE*N381~LQ*HE*N381~CLP*000100024737*22*-1927*-241.7**MC*5220035001510~NM1*QC*1*MOORE*HOLLY****MR*G690959~NM1*82*1*GRONEMEYER*LEANNE*R***XX*1659521045~REF*EA*BDCA95C53EB14261A12F71CDD34D1294~DTM*232*20191106~DTM*233*20191106~SVC*HC:99213:25*-90*-12.94**1~DTM*472*20191106~CAS*CO*45*-77.06~REF*6R*CPMDBDJA1HMS~AMT*B6*12.94~LQ*HE*N381~LQ*HE*N381~SVC*HC:96372*-32*-2.91**1~DTM*472*20191106~CAS*CO*45*-29.09~REF*6R*CPMDP7AAYAD6~AMT*B6*2.91~LQ*HE*N381~LQ*HE*N381~SVC*HC:J2315*-1805*-225.85**380~DTM*472*20191106~CAS*CO*45*-1579.15~REF*6R*CPMDX4PTPPY7~AMT*B6*225.85~LQ*HE*N381~LQ*HE*N381~CLP*000100024737*2*1927*241.7**MC*5220129001875~NM1*QC*1*MOORE*HOLLY****MR*G690959~NM1*82*1*GRONEMEYER*LEANNE*R***XX*1659521045~REF*EA*BDCA95C53EB14261A12F71CDD34D1294~DTM*232*20191106~DTM*233*20191106~SVC*HC:99213:25*90*12.94**1~DTM*472*20191106~CAS*CO*45*77.06~REF*6R*CPMDBDJA1HMS~AMT*B6*12.94~LQ*HE*N381~LQ*HE*N381~SVC*HC:96372*32*2.91**1~DTM*472*20191106~CAS*CO*45*29.09~REF*6R*CPMDP7AAYAD6~AMT*B6*2.91~LQ*HE*N381~LQ*HE*N381~SVC*HC:J2315*1805*225.85**380~DTM*472*20191106~CAS*CO*45*1579.15~REF*6R*CPMDX4PTPPY7~AMT*B6*225.85~LQ*HE*N381~LQ*HE*N381~CLP*000100027455*22*-1927*-397.72**MC*2020043043189~NM1*QC*1*MOORE*HOLLY****MR*G690959~NM1*82*1*GRONEMEYER*LEANNE*R***XX*1659521045~REF*EA*5EC5BAA17B8D4E8B9009565E996D6E7F~DTM*232*20200102~DTM*233*20200102~SVC*HC:99213:25*-90*-65.57**1~DTM*472*20200102~CAS*CO*45*-24.43~REF*6R*CPVEO1N9P0KZ~AMT*B6*65.57~LQ*HE*N77~LQ*HE*N381~LQ*HE*N381~SVC*HC:96372*-32*-12.46**1~DTM*472*20200102~CAS*CO*45*-19.54~REF*6R*CPVEJOJ6OV3I~AMT*B6*12.46~LQ*HE*N77~LQ*HE*N381~LQ*HE*N381~SVC*HC:J2315*-1805*-319.69**380~DTM*472*20200102~CAS*CO*45*-1485.31~REF*6R*CPVEHRDGDG1Y~AMT*B6*319.69~LQ*HE*N77~LQ*HE*N381~LQ*HE*N381~CLP*000100027455*2*1927*419.87**MC*5220129002521~NM1*QC*1*MOORE*HOLLY****MR*G690959~NM1*82*1*GRONEMEYER*LEANNE*R***XX*1659521045~REF*EA*5EC5BAA17B8D4E8B9009565E996D6E7F~DTM*232*20200102~DTM*233*20200102~SVC*HC:99213:25*90*65.57**1~DTM*472*20200102~CAS*CO*45*24.43~REF*6R*CPVEO1N9P0KZ~AMT*B6*65.57~LQ*HE*N293~LQ*HE*N381~LQ*HE*N381~SVC*HC:96372*32*12.46**1~DTM*472*20200102~CAS*CO*45*19.54~REF*6R*CPVEJOJ6OV3I~AMT*B6*12.46~LQ*HE*N293~LQ*HE*N381~LQ*HE*N381~SVC*HC:J2315*1805*341.84**380~DTM*472*20200102~CAS*CO*45*1463.16~REF*6R*CPVEHRDGDG1Y~AMT*B6*341.84~LQ*HE*N293~LQ*HE*N381~LQ*HE*N381~CLP*000100026200*22*-1837*-228.76**MC*2020092053203~NM1*QC*1*MOORE*HOLLY****MR*G690959~NM1*82*1*GRONEMEYER*LEANNE*R***XX*1659521045~REF*EA*DADEF334111B402A9C98780CEA767682~DTM*232*20191204~DTM*233*20191204~SVC*HC:96372*-32*-2.91**1~DTM*472*20191204~CAS*CO*45*-29.09~REF*6R*CPEMCHLNW3ER~AMT*B6*2.91~LQ*HE*N77~LQ*HE*N381~LQ*HE*N381~SVC*HC:J2315*-1805*-225.85**380~DTM*472*20191204~CAS*CO*45*-1579.15~REF*6R*CPEMP7W9EEUD~AMT*B6*225.85~LQ*HE*N77~LQ*HE*N381~LQ*HE*N381~CLP*000100026200*2*1837*249.68**MC*5220129003387~NM1*QC*1*MOORE*HOLLY****MR*G690959~NM1*82*1*GRONEMEYER*LEANNE*R***XX*1659521045~REF*EA*DADEF334111B402A9C98780CEA767682~DTM*232*20191204~DTM*233*20191204~SVC*HC:96372*32*2.91**1~DTM*472*20191204~CAS*CO*45*29.09~REF*6R*CPEMCHLNW3ER~AMT*B6*2.91~LQ*HE*N293~LQ*HE*N381~LQ*HE*N381~SVC*HC:J2315*1805*246.77**380~DTM*472*20191204~CAS*CO*45*1558.23~REF*6R*CPEMP7W9EEUD~AMT*B6*246.77~LQ*HE*N293~LQ*HE*N381~LQ*HE*N381~CLP*000100031164*22*-2161.98*-247.12**MC*2020100001328~NM1*QC*1*ROCCHIO*JAMES*J***MR*M614136~NM1*82*1*LUCAS*PEGGI*S***XX*1366419582~REF*EA*58240BBB7214446B975EC2E3E235C15D~DTM*232*20200309~DTM*233*20200309~SVC*HC:99214:25*-272.99*-19**1~DTM*472*20200309~CAS*CO*45*-253.99~REF*6R*CP66XYBMFCOV~AMT*B6*19~LQ*HE*N381~LQ*HE*N381~SVC*HC:96372*-83.99*-2.49**1~DTM*472*20200309~CAS*CO*45*-81.5~REF*6R*CP666VCPEQLB~AMT*B6*2.49~LQ*HE*N381~LQ*HE*N381~SVC*HC:J2315*-1805*-225.63**380~DTM*472*20200309~CAS*CO*45*-1579.37~REF*6R*CP66O4F016YV~AMT*B6*225.63~LQ*HE*N381~LQ*HE*N381~CLP*000100031164*2*2161.98*267.35**MC*5220129003588~NM1*QC*1*ROCCHIO*JAMES*J***MR*M614136~NM1*82*1*LUCAS*PEGGI*S***XX*1366419582~REF*EA*58240BBB7214446B975EC2E3E235C15D~DTM*232*20200309~DTM*233*20200309~SVC*HC:99214:25*272.99*19**1~DTM*472*20200309~CAS*CO*45*253.99~REF*6R*CP66XYBMFCOV~AMT*B6*19~LQ*HE*N381~LQ*HE*N381~SVC*HC:96372*83.99*2.49**1~DTM*472*20200309~CAS*CO*45*81.5~REF*6R*CP666VCPEQLB~AMT*B6*2.49~LQ*HE*N381~LQ*HE*N381~SVC*HC:J2315*1805*245.86**380~DTM*472*20200309~CAS*CO*45*1559.14~REF*6R*CP66O4F016YV~AMT*B6*245.86~LQ*HE*N381~LQ*HE*N381~CLP*000100033404*1*1888.99*1254**MC*2020129053783~NM1*QC*1*ALFARO*STEVEN****MR*G146579~NM1*82*1*HOOSHMAND-PARSI*KAYHOSROW****XX*1447291851~REF*EA*065AEC5F277449E2A6B26546ACFD381E~DTM*232*20200420~DTM*233*20200420~SVC*HC:96372*83.99*0**0**1~DTM*472*20200420~CAS*CO*109*83.99~REF*6R*CPO2KS7FWJMX~LQ*HE*N381~SVC*HC:J2315*1805*1254**380~DTM*472*20200420~CAS*CO*45*551~REF*6R*CPO277EUR0CW~AMT*B6*1254~LQ*HE*N381~CLP*000100033404*1*893.24*158.51*2*MC*2020129053785~NM1*QC*1*ALFARO*STEVEN****MR*G146579~NM1*82*1*HOOSHMAND-PARSI*KAYHOSROW****XX*1447291851~REF*EA*B0849E2ED6BE4FABB3E1C00C48763571~DTM*232*20200420~DTM*233*20200420~SVC*HC:99204:25*450.07*147.59**1~DTM*472*20200420~CAS*PR*3*2~CAS*CO*45*300.48~REF*6R*CPO2E3RZKYD6~AMT*B6*149.59~LQ*HE*N381~LQ*HE*N381~SVC*HC:H0049*403.17*10.92**1~DTM*472*20200420~CAS*CO*45*392.25~REF*6R*CPO2UA3CYUTU~AMT*B6*10.92~LQ*HE*N381~SVC*HC:G8510*40*0**0**1~DTM*472*20200420~CAS*PI*119*40~REF*6R*CPO2YXZHYM5B~LQ*HE*N362~LQ*HE*N381~CLP*000100033993*1*621.47*87.73**MC*2020129053760~NM1*QC*1*ARMSTRONG*JONATHON*H***MR*N774392~NM1*82*1*CADDALI*ESTRELLA*A***XX*1164974580~REF*EA*E5E336F865124AF295C06EF4FA908713~DTM*232*20200429~DTM*233*20200429~SVC*HC:99213:25*178.3*65.81**1~DTM*472*20200429~CAS*CO*45*112.49~REF*6R*CPO25PR7S5WS~AMT*B6*65.81~LQ*HE*N381~SVC*HC:H0049*403.17*10.92**1~DTM*472*20200429~CAS*CO*45*392.25~REF*6R*CPO29L5CYIK9~AMT*B6*10.92~LQ*HE*N381~SVC*HC:G8510*40*11**1~DTM*472*20200429~CAS*CO*45*29~REF*6R*CPO2HE7O7AU9~AMT*B6*11~LQ*HE*N381~CLP*000100033415*1*178.3*65.81**MC*2020129053718~NM1*QC*1*BASSETT*JENNIFER*M***MR*W073216~NM1*82*1*HOOSHMAND-PARSI*KAYHOSROW****XX*1447291851~REF*EA*CC8787354A0247D280CF1DA3260F7B0E~DTM*232*20200420~DTM*233*20200420~SVC*HC:99213*178.3*65.81**1~DTM*472*20200420~CAS*CO*45*112.49~REF*6R*CPO2F4I6G53G~AMT*B6*65.81~LQ*HE*N381~CLP*000100033852*1*88.54*39.39**MC*2020129053657~NM1*QC*1*BOISVERT*ORIEN*K***MR*O244414~NM1*82*1*HOOSHMAND-PARSI*KAYHOSROW****XX*1447291851~REF*EA*25C8DF648AF64395A8CFF7CDA4BA9277~DTM*232*20200428~DTM*233*20200428~SVC*HC:99212*88.54*39.39**1~DTM*472*20200428~CAS*CO*45*49.15~REF*6R*CPO2EH2AFT5D~AMT*B6*39.39~LQ*HE*N381~CLP*000100033485*1*272.99*97.11**MC*2020129053661~NM1*QC*1*BOISVERT*ORIEN*K***MR*O244414~NM1*82*1*HOOSHMAND-PARSI*KAYHOSROW****XX*1447291851~REF*EA*6920EF2790EF4B44AEFC5B9D58930F56~DTM*232*20200421~DTM*233*20200421~SVC*HC:99214*272.99*97.11**1~DTM*472*20200421~CAS*CO*45*175.88~REF*6R*CPO2X4AIO8UW~AMT*B6*97.11~LQ*HE*N381~CLP*000100032018*1*233.99*105.09**MC*2020129053652~NM1*QC*1*BOULIER*JEWEL*R***MR*W913486~NM1*82*1*CADDALI*ESTRELLA*A***XX*1164974580~REF*EA*D3B0F148B1F94743B97B5330B1BCF9BF~DTM*232*20200324~DTM*233*20200324~SVC*HC:96372:FP*83.99*15.67**1~DTM*472*20200324~CAS*CO*45*68.32~REF*6R*CPO2DZ5BZ2SV~AMT*B6*15.67~LQ*HE*N381~SVC*HC:J1050:FP*135*81**150~DTM*472*20200324~CAS*CO*45*54~REF*6R*CPO2FY7ZEGHV~AMT*B6*81~LQ*HE*N381~SVC*HC:81025:FP*15*8.42**1~DTM*472*20200324~CAS*CO*45*6.58~REF*6R*CPO2NF4CYDS7~AMT*B6*8.42~LQ*HE*N381~CLP*000100031942*1*87.99*3.4**MC*2020129053745~NM1*QC*1*CANDELARIA*JIMMY*L***MR*K552023~NM1*82*1*HOOSHMAND-PARSI*KAYHOSROW****XX*1447291851~REF*EA*D8287D2EF89444DFB7867E83E64B8A4C~DTM*232*20200323~DTM*233*20200323~SVC*HC:96372*83.99*0**0**1~DTM*472*20200323~CAS*CO*109*83.99~REF*6R*CPO2DQVA8VKK~LQ*HE*N381~SVC*HC:81002*4*3.4**1~DTM*472*20200323~CAS*CO*45*.6~REF*6R*CPO2QW7XSKCP~AMT*B6*3.4~LQ*HE*N381~CLP*000100033500*1*178.3*65.81**MC*2020129053729~NM1*QC*1*COLE*RICHARD****MR*O326835~NM1*82*1*HOOSHMAND-PARSI*KAYHOSROW****XX*1447291851~REF*EA*EA35D87247454FFEA4E9B5463FF5A3E9~DTM*232*20200421~DTM*233*20200421~SVC*HC:99213*178.3*65.81**1~DTM*472*20200421~CAS*CO*45*112.49~REF*6R*CPO2GW4G777N~AMT*B6*65.81~LQ*HE*N381~CLP*000100033965*1*178.3*65.81**MC*2020129053740~NM1*QC*1*COLE*RICHARD****MR*O326835~NM1*82*1*CADDALI*ESTRELLA*A***XX*1164974580~REF*EA*C066B42F54BC415484C721411C74EB1B~DTM*232*20200429~DTM*233*20200429~SVC*HC:99213*178.3*65.81**1~DTM*472*20200429~CAS*CO*45*112.49~REF*6R*CPO2LNE9SSGT~AMT*B6*65.81~LQ*HE*N381~CLP*000100033805*1*15*8.42**MC*2020129053609~NM1*QC*1*CRAMER*CHELSEA*C***MR*G314138~NM1*82*1*HOOSHMAND-PARSI*KAYHOSROW****XX*1447291851~REF*EA*1F4171D2F3E84F3F8B57A591138375AA~DTM*232*20200427~DTM*233*20200427~SVC*HC:81025*15*8.42**1~DTM*472*20200427~CAS*CO*45*6.58~REF*6R*CPO2WGCL27D0~AMT*B6*8.42~LQ*HE*N381~CLP*000100033805*1*178.3*65.81**MC*2020129053613~NM1*QC*1*CRAMER*CHELSEA*C***MR*G314138~NM1*82*1*HOOSHMAND-PARSI*KAYHOSROW****XX*1447291851~REF*EA*65045E07BD0E48139EA7D7DDBD9C50F5~DTM*232*20200427~DTM*233*20200427~SVC*HC:99213*178.3*65.81**1~DTM*472*20200427~CAS*CO*45*112.49~REF*6R*CPO2U3SROGP6~AMT*B6*65.81~LQ*HE*N381~CLP*000100033642*1*88.54*39.39**MC*2020129053721~NM1*QC*1*EARP*SAMANTHA*J***MR*G171512~NM1*82*1*HOOSHMAND-PARSI*KAYHOSROW****XX*1447291851~REF*EA*1FB25BE8511C4B60B46AA95EAD019B12~DTM*232*20200422~DTM*233*20200422~SVC*HC:99212*88.54*39.39**1~DTM*472*20200422~CAS*CO*45*49.15~REF*6R*CPO2ZLE67KVM~AMT*B6*39.39~LQ*HE*N381~CLP*000100033543*1*15*8.42**MC*2020129053725~NM1*QC*1*EARP*SAMANTHA*J***MR*G171512~NM1*82*1*HOOSHMAND-PARSI*KAYHOSROW****XX*1447291851~REF*EA*D12655FEED904EE9B34B20D496CF0157~DTM*232*20200421~DTM*233*20200421~SVC*HC:81025*15*8.42**1~DTM*472*20200421~CAS*CO*45*6.58~REF*6R*CPO2D2FQKJJP~AMT*B6*8.42~LQ*HE*N381~CLP*000100033543*1*272.99*97.11**MC*2020129053726~NM1*QC*1*EARP*SAMANTHA*J***MR*G171512~NM1*82*1*HOOSHMAND-PARSI*KAYHOSROW****XX*1447291851~REF*EA*D7D2D0714EC24993896119AC546B8CB7~DTM*232*20200421~DTM*233*20200421~SVC*HC:99214:25*272.99*97.11**1~DTM*472*20200421~CAS*CO*45*175.88~REF*6R*CPO2P81MI4WP~AMT*B6*97.11~LQ*HE*N381~CLP*000100033486*1*15*7.42*1*MC*2020129053626~NM1*QC*1*EHLERS*DESIREE*F***MR*P131523~NM1*82*1*HOOSHMAND-PARSI*KAYHOSROW****XX*1447291851~REF*EA*17319C0148224E7AA6E2796DC98F52A8~DTM*232*20200421~DTM*233*20200421~SVC*HC:81025*15*7.42**1~DTM*472*20200421~CAS*PR*3*1~CAS*CO*45*6.58~REF*6R*CPO2S4LJ86L1~AMT*B6*8.42~LQ*HE*N381~LQ*HE*N381~CLP*000100033486*1*178.3*63.81*2*MC*2020129053630~NM1*QC*1*EHLERS*DESIREE*F***MR*P131523~NM1*82*1*HOOSHMAND-PARSI*KAYHOSROW****XX*1447291851~REF*EA*9B8805C8518445CDBAFE7179479B5AB2~DTM*232*20200421~DTM*233*20200421~SVC*HC:99213:25*178.3*63.81**1~DTM*472*20200421~CAS*PR*3*2~CAS*CO*45*112.49~REF*6R*CPO2R53NDJSW~AMT*B6*65.81~LQ*HE*N381~LQ*HE*N381~CLP*000100033406*1*15*8.42**MC*2020129053576~NM1*QC*1*ELZY*BETHANY****MR*U829312~NM1*82*1*HOOSHMAND-PARSI*KAYHOSROW****XX*1447291851~REF*EA*28BB97B6C24E4926BA9045B59A21209D~DTM*232*20200420~DTM*233*20200420~SVC*HC:81025*15*8.42**1~DTM*472*20200420~CAS*CO*45*6.58~REF*6R*CPO2WAW37QDL~AMT*B6*8.42~LQ*HE*N381~CLP*000100033406*1*716.16*119.03**MC*2020129053583~NM1*QC*1*ELZY*BETHANY****MR*U829312~NM1*82*1*HOOSHMAND-PARSI*KAYHOSROW****XX*1447291851~REF*EA*3D8B6F56DF1B424F99D6AA4E5F623EA4~DTM*232*20200420~DTM*233*20200420~SVC*HC:99214:25*272.99*97.11**1~DTM*472*20200420~CAS*CO*45*175.88~REF*6R*CPO23FEXKJCD~AMT*B6*97.11~LQ*HE*N381~SVC*HC:H0049*403.17*10.92**1~DTM*472*20200420~CAS*CO*45*392.25~REF*6R*CPO2M97J6TXN~AMT*B6*10.92~LQ*HE*N381~SVC*HC:G8510*40*11**1~DTM*472*20200420~CAS*CO*45*29~REF*6R*CPO2CVNES3ZD~AMT*B6*11~LQ*HE*N381~CLP*000100033751*1*893.24*191.03**MC*2020129053696~NM1*QC*1*ESQUIBEL*SANTINO****MR*Y798815~NM1*82*1*CADDALI*ESTRELLA*A***XX*1164974580~REF*EA*C0F802273FF141A089DAE8C8037133E5~DTM*232*20200424~DTM*233*20200424~SVC*HC:99204:25*450.07*149.59**1~DTM*472*20200424~CAS*CO*45*300.48~REF*6R*CPO2UIWVD83O~AMT*B6*149.59~LQ*HE*N381~SVC*HC:H0049*403.17*10.92**1~DTM*472*20200424~CAS*CO*45*392.25~REF*6R*CPO2EZPFB0QY~AMT*B6*10.92~LQ*HE*N381~SVC*HC:G8431*40*30.52**1~DTM*472*20200424~CAS*CO*45*9.48~REF*6R*CPO2RKEOTZD9~AMT*B6*30.52~LQ*HE*N381~CLP*000100033804*1*1903.99*1262.42**MC*2020129053805~NM1*QC*1*FLUETT*SARAH****MR*O578292~NM1*82*1*HOOSHMAND-PARSI*KAYHOSROW****XX*1447291851~REF*EA*C30E434E21B94E808B1DC53031275E65~DTM*232*20200427~DTM*233*20200427~SVC*HC:96372*83.99*0**0**1~DTM*472*20200427~CAS*CO*109*83.99~REF*6R*CPO2F6Z68R79~LQ*HE*N381~SVC*HC:J2315*1805*1254**380~DTM*472*20200427~CAS*CO*45*551~REF*6R*CPO2Z8J6TVRQ~AMT*B6*1254~LQ*HE*N381~SVC*HC:81025*15*8.42**1~DTM*472*20200427~CAS*CO*45*6.58~REF*6R*CPO2ZXWZXER2~AMT*B6*8.42~LQ*HE*N381~CLP*000100033804*1*178.3*65.81**MC*2020129053815~NM1*QC*1*FLUETT*SARAH****MR*O578292~NM1*82*1*HOOSHMAND-PARSI*KAYHOSROW****XX*1447291851~REF*EA*2CE0DBA3BFA84A4ABD8CC812CC320942~DTM*232*20200427~DTM*233*20200427~SVC*HC:99213:25*178.3*65.81**1~DTM*472*20200427~CAS*CO*45*112.49~REF*6R*CPO2XSVHI9I1~AMT*B6*65.81~LQ*HE*N381~CLP*000100033499*1*178.3*65.81**MC*2020129053595~NM1*QC*1*GARCIA*MARIO****MR*D425963~NM1*82*1*HOOSHMAND-PARSI*KAYHOSROW****XX*1447291851~REF*EA*D062007FC9A74B548803C524F1D4E0A0~DTM*232*20200421~DTM*233*20200421~SVC*HC:99213*178.3*65.81**1~DTM*472*20200421~CAS*CO*45*112.49~REF*6R*CPO2ODM4FWE1~AMT*B6*65.81~LQ*HE*N381~CLP*000100033407*1*272.99*97.11**MC*2020129053747~NM1*QC*1*GOIN*JOSHUA****MR*G127292~NM1*82*1*HOOSHMAND-PARSI*KAYHOSROW****XX*1447291851~REF*EA*3F2DA31B8B7744E686AD6E34ABD4966D~DTM*232*20200420~DTM*233*20200420~SVC*HC:99214*272.99*97.11**1~DTM*472*20200420~CAS*CO*45*175.88~REF*6R*CPO2WDC8CMT3~AMT*B6*97.11~LQ*HE*N381~CLP*000100033537*1*1888.99*1254**MC*2020129053752~NM1*QC*1*GOIN*JOSHUA****MR*G127292~NM1*82*1*HOOSHMAND-PARSI*KAYHOSROW****XX*1447291851~REF*EA*515E789D3E2C44C9BA60A1BA55F8B44A~DTM*232*20200421~DTM*233*20200421~SVC*HC:96372*83.99*0**0**1~DTM*472*20200421~CAS*CO*109*83.99~REF*6R*CPO2M3BSUMQC~LQ*HE*N381~SVC*HC:J2315*1805*1254**380~DTM*472*20200421~CAS*CO*45*551~REF*6R*CPO2UDBXW8M1~AMT*B6*1254~LQ*HE*N381~CLP*000100033537*1*716.16*127.63**MC*2020129053756~NM1*QC*1*GOIN*JOSHUA****MR*G127292~NM1*82*1*HOOSHMAND-PARSI*KAYHOSROW****XX*1447291851~REF*EA*D351D043DCCC4D68BEE0790CA72C2DDB~DTM*232*20200421~DTM*233*20200421~SVC*HC:99214:25*272.99*97.11**1~DTM*472*20200421~CAS*CO*45*175.88~REF*6R*CPO2AJ4S24GW~AMT*B6*97.11~LQ*HE*N381~SVC*HC:H0049*403.17*0**0**1~DTM*472*20200421~CAS*PI*119*403.17~REF*6R*CPO2Z5HCA3WK~LQ*HE*N362~LQ*HE*N381~SVC*HC:G8431*40*30.52**1~DTM*472*20200421~CAS*CO*45*9.48~REF*6R*CPO2V6ZKDASL~AMT*B6*30.52~LQ*HE*N381~CLP*000100033489*1*88.54*39.39**MC*2020129053682~NM1*QC*1*GUERRA-DELACRUZ MARTINEZ*HERLINDA*M***MR*R965343~NM1*74*1*GUERRADELACRUZ~NM1*82*1*HOOSHMAND-PARSI*KAYHOSROW****XX*1447291851~REF*EA*38A682E63761483A83BF7B23B3FED7B4~DTM*232*20200421~DTM*233*20200421~SVC*HC:99212*88.54*39.39**1~DTM*472*20200421~CAS*CO*45*49.15~REF*6R*CPO2NN9CUAGB~AMT*B6*39.39~LQ*HE*N381~CLP*000100033491*1*15*8.42**MC*2020129053616~NM1*QC*1*HALL*KRISTINA*K***MR*S324169~NM1*82*1*HOOSHMAND-PARSI*KAYHOSROW****XX*1447291851~REF*EA*DB46FB51E4CE403DB358E28414764FAF~DTM*232*20200421~DTM*233*20200421~SVC*HC:81025*15*8.42**1~DTM*472*20200421~CAS*CO*45*6.58~REF*6R*CPO2TAJ193V4~AMT*B6*8.42~LQ*HE*N381~CLP*000100033491*1*178.3*65.81**MC*2020129053620~NM1*QC*1*HALL*KRISTINA*K***MR*S324169~NM1*82*1*HOOSHMAND-PARSI*KAYHOSROW****XX*1447291851~REF*EA*2FC656433E914FB99A6983FB8FFEE8BE~DTM*232*20200421~DTM*233*20200421~SVC*HC:99213:25*178.3*65.81**1~DTM*472*20200421~CAS*CO*45*112.49~REF*6R*CPO2XB25NRQ5~AMT*B6*65.81~LQ*HE*N381~CLP*000100034051*1*272.99*97.11**MC*2020129053692~NM1*QC*1*HEAD*TERRI*L***MR*Y486682~NM1*82*1*CADDALI*ESTRELLA*A***XX*1164974580~REF*EA*B263EE77D66A45C8B9AC99DB6543274F~DTM*232*20200430~DTM*233*20200430~SVC*HC:99214*272.99*97.11**1~DTM*472*20200430~CAS*CO*45*175.88~REF*6R*CPO2NIIUXHBB~AMT*B6*97.11~LQ*HE*N381~CLP*000100033413*1*15*8.42**MC*2020129053633~NM1*QC*1*HEREDIA*NEISHA****MR*M350525~NM1*82*1*HOOSHMAND-PARSI*KAYHOSROW****XX*1447291851~REF*EA*8BF991C1398E45F08175E40E922F6269~DTM*232*20200420~DTM*233*20200420~SVC*HC:81025*15*8.42**1~DTM*472*20200420~CAS*CO*45*6.58~REF*6R*CPO2QZHZG12B~AMT*B6*8.42~LQ*HE*N381~CLP*000100033413*1*621.47*87.73**MC*2020129053637~NM1*QC*1*HEREDIA*NEISHA****MR*M350525~NM1*82*1*HOOSHMAND-PARSI*KAYHOSROW****XX*1447291851~REF*EA*AAC0EB3AB1E344D9B2783E7C0F287F4F~DTM*232*20200420~DTM*233*20200420~SVC*HC:99213:25*178.3*65.81**1~DTM*472*20200420~CAS*CO*45*112.49~REF*6R*CPO2PKG8OSET~AMT*B6*65.81~LQ*HE*N381~SVC*HC:H0049*403.17*10.92**1~DTM*472*20200420~CAS*CO*45*392.25~REF*6R*CPO22NQ6A94C~AMT*B6*10.92~LQ*HE*N381~SVC*HC:G8510*40*11**1~DTM*472*20200420~CAS*CO*45*29~REF*6R*CPO2LOHUVONL~AMT*B6*11~LQ*HE*N381~CLP*000100034044*1*178.3*65.81**MC*2020129053678~NM1*QC*1*JACKSON*KEANDRE*J***MR*P483053~NM1*82*1*CADDALI*ESTRELLA*A***XX*1164974580~REF*EA*74A5A3A7FD1D4524A7040DEBA9701A11~DTM*232*20200430~DTM*233*20200430~SVC*HC:99213*178.3*65.81**1~DTM*472*20200430~CAS*CO*45*112.49~REF*6R*CPO2EZNJ0BVP~AMT*B6*65.81~LQ*HE*N381~CLP*000100033414*1*621.47*87.73**MC*2020129053709~NM1*QC*1*MEDINA*EDWARD*R***MR*O654584~NM1*82*1*HOOSHMAND-PARSI*KAYHOSROW****XX*1447291851~REF*EA*DC5D063B9EA448108F31AF15BC8E219F~DTM*232*20200420~DTM*233*20200420~SVC*HC:99213:25*178.3*65.81**1~DTM*472*20200420~CAS*CO*45*112.49~REF*6R*CPO26YXHOGO6~AMT*B6*65.81~LQ*HE*N381~SVC*HC:H0049*403.17*10.92**1~DTM*472*20200420~CAS*CO*45*392.25~REF*6R*CPO2OLP8QOBI~AMT*B6*10.92~LQ*HE*N381~SVC*HC:G8510*40*11**1~DTM*472*20200420~CAS*CO*45*29~REF*6R*CPO263Y0SDIK~AMT*B6*11~LQ*HE*N381~CLP*000100033567*1*88.54*39.39**MC*2020129053770~NM1*QC*1*MENGES*AMY*J***MR*Q984196~NM1*82*1*HOOSHMAND-PARSI*KAYHOSROW****XX*1447291851~REF*EA*26725D411E4541FC9D43EACEDD8A7855~DTM*232*20200422~DTM*233*20200422~SVC*HC:99212*88.54*39.39**1~DTM*472*20200422~CAS*CO*45*49.15~REF*6R*CPO21GWHXCTS~AMT*B6*39.39~LQ*HE*N381~CLP*000100033850*1*272.99*97.11**MC*2020129053605~NM1*QC*1*MILLION*VICKI*L***MR*I504747~NM1*82*1*HOOSHMAND-PARSI*KAYHOSROW****XX*1447291851~REF*EA*86EAEF70CA4F4ABF90484B4D342AC749~DTM*232*20200427~DTM*233*20200427~SVC*HC:99214*272.99*97.11**1~DTM*472*20200427~CAS*CO*45*175.88~REF*6R*CPO2X1BK3WL7~AMT*B6*97.11~LQ*HE*N381~CLP*000100033495*1*178.3*65.81**MC*2020129053774~NM1*QC*1*RATHBUN*AARON*W***MR*P304001~NM1*82*1*HOOSHMAND-PARSI*KAYHOSROW****XX*1447291851~REF*EA*CB7A624A1E3E4EC9BD5040E99D1D19B2~DTM*232*20200421~DTM*233*20200421~SVC*HC:99213*178.3*65.81**1~DTM*472*20200421~CAS*CO*45*112.49~REF*6R*CPO25T4RRPK9~AMT*B6*65.81~LQ*HE*N381~CLP*000100033481*1*272.99*97.11**MC*2020129053667~NM1*QC*1*RODRIGUEZ*CAROLINA*M***MR*Y641512~NM1*82*1*HOOSHMAND-PARSI*KAYHOSROW****XX*1447291851~REF*EA*0CCCC3C9277A4A8588FC19519256468B~DTM*232*20200420~DTM*233*20200420~SVC*HC:99214*272.99*97.11**1~DTM*472*20200420~CAS*CO*45*175.88~REF*6R*CPO2WPNF8HOC~AMT*B6*97.11~LQ*HE*N381~CLP*000100033498*1*178.3*65.81**MC*2020129053800~NM1*QC*1*SAIS*MICHAEL*E***MR*N765754~NM1*82*1*HOOSHMAND-PARSI*KAYHOSROW****XX*1447291851~REF*EA*707892702A5F4963A9EAD47E9D034CFC~DTM*232*20200421~DTM*233*20200421~SVC*HC:99213*178.3*65.81**1~DTM*472*20200421~CAS*CO*45*112.49~REF*6R*CPO2B7E4STY4~AMT*B6*65.81~LQ*HE*N381~CLP*000100033905*1*178.3*65.81**MC*2020129053780~NM1*QC*1*SANCHEZ*ALONDRA****MR*Y738646~NM1*82*1*CADDALI*ESTRELLA*A***XX*1164974580~REF*EA*52B78942A6D642A5BB3EF3BFEAF61E33~DTM*232*20200428~DTM*233*20200428~SVC*HC:99213*178.3*65.81**1~DTM*472*20200428~CAS*CO*45*112.49~REF*6R*CPO2LM0J5SMV~AMT*B6*65.81~LQ*HE*N381~CLP*000100033488*1*178.3*63.81*2*MC*2020129053643~NM1*QC*1*SANCHEZ*YVONNE*A***MR*J289148~NM1*82*1*HOOSHMAND-PARSI*KAYHOSROW****XX*1447291851~REF*EA*C8CAE30C000E447386C33EBA80A7B1AC~DTM*232*20200421~DTM*233*20200421~SVC*HC:99213*178.3*63.81**1~DTM*472*20200421~CAS*PR*3*2~CAS*CO*45*112.49~REF*6R*CPO2D2BP5Z6Z~AMT*B6*65.81~LQ*HE*N381~LQ*HE*N381~CLP*000100033641*1*88.54*39.39**MC*2020129053697~NM1*QC*1*SANDOVAL*JULIA*L***MR*K495017~NM1*82*1*HOOSHMAND-PARSI*KAYHOSROW****XX*1447291851~REF*EA*3FE2EFD257FD4742A2172FB56A73C1F1~DTM*232*20200422~DTM*233*20200422~SVC*HC:99212*88.54*39.39**1~DTM*472*20200422~CAS*CO*45*49.15~REF*6R*CPO2CEWQ4WOA~AMT*B6*39.39~LQ*HE*N381~CLP*000100032867*1*1740*1611.12**MC*2020129053567~NM1*QC*1*TABARES*ANGELA****MR*V900344~NM1*82*1*HOOSHMAND-PARSI*KAYHOSROW****XX*1447291851~REF*EA*F77DC51C2C6F45539051F29893757289~DTM*232*20200407~DTM*233*20200407~SVC*HC:81025*15*0**0**1~DTM*472*20200407~CAS*PI*5*15~REF*6R*CPO29B5A04CZ~LQ*HE*M77~SVC*HC:Q9992*1725*1611.12**1~DTM*472*20200407~CAS*CO*45*113.88~REF*6R*CPO2B2A2L02Y~AMT*B6*1611.12~LQ*HE*N381~CLP*000100032867*1*262.29*65.81**MC*2020129053574~NM1*QC*1*TABARES*ANGELA****MR*V900344~NM1*82*1*HOOSHMAND-PARSI*KAYHOSROW****XX*1447291851~REF*EA*6D4F56C45F584106A51EA645ECCA75B8~DTM*232*20200407~DTM*233*20200407~SVC*HC:99213:25*178.3*65.81**1~DTM*472*20200407~CAS*CO*45*112.49~REF*6R*CPO248QY151Q~AMT*B6*65.81~LQ*HE*N381~SVC*HC:96372*83.99*0**0**1~DTM*472*20200407~CAS*CO*109*83.99~REF*6R*CPO2U6BIBH9J~LQ*HE*N381~CLP*000100033494*1*15*8.42**MC*2020129053699~NM1*QC*1*TANKSLEY*DAYSHA*A***MR*O203621~NM1*82*1*HOOSHMAND-PARSI*KAYHOSROW****XX*1447291851~REF*EA*225251CC2D044881849A3B497FA11EA6~DTM*232*20200421~DTM*233*20200421~SVC*HC:81025*15*8.42**1~DTM*472*20200421~CAS*CO*45*6.58~REF*6R*CPO2B59UKTI7~AMT*B6*8.42~LQ*HE*N381~CLP*000100033494*1*178.3*65.81**MC*2020129053702~NM1*QC*1*TANKSLEY*DAYSHA*A***MR*O203621~NM1*82*1*HOOSHMAND-PARSI*KAYHOSROW****XX*1447291851~REF*EA*9EE1C4991E7D46D7B2D388CA638545D6~DTM*232*20200421~DTM*233*20200421~SVC*HC:99213:25*178.3*65.81**1~DTM*472*20200421~CAS*CO*45*112.49~REF*6R*CPO25176H5Q8~AMT*B6*65.81~LQ*HE*N381~CLP*000100032045*1*178.3*65.81**MC*2020129053706~NM1*QC*1*TANKSLEY*DAYSHA*A***MR*O203621~NM1*82*1*HOOSHMAND-PARSI*KAYHOSROW****XX*1447291851~REF*EA*8157A816BD9046E49324A0D80BC9F62C~DTM*232*20200324~DTM*233*20200324~SVC*HC:99213:25*178.3*65.81**1~DTM*472*20200324~CAS*CO*45*112.49~REF*6R*CPO2FDEME4KY~AMT*B6*65.81~LQ*HE*N381~CLP*000100033615*1*716.16*138.55**MC*2020129053793~NM1*QC*1*TORRES*HAVEN*D***MR*L088241~NM1*82*1*CADDALI*ESTRELLA*A***XX*1164974580~REF*EA*6AD3DBA73E3B4B29A5FF617379CE8BC2~DTM*232*20200422~DTM*233*20200422~SVC*HC:99214:25*272.99*97.11**1~DTM*472*20200422~CAS*CO*45*175.88~REF*6R*CPO2JJL4WLIC~AMT*B6*97.11~LQ*HE*N381~SVC*HC:H0049*403.17*10.92**1~DTM*472*20200422~CAS*CO*45*392.25~REF*6R*CPO27GLV1CHK~AMT*B6*10.92~LQ*HE*N381~SVC*HC:G8431*40*30.52**1~DTM*472*20200422~CAS*CO*45*9.48~REF*6R*CPO2I6CED64D~AMT*B6*30.52~LQ*HE*N381~CLP*000100033409*1*88.54*39.39**MC*2020129053648~NM1*QC*1*VIGIL*FABIAN****MR*J187623~NM1*82*1*HOOSHMAND-PARSI*KAYHOSROW****XX*1447291851~REF*EA*0E153D10A14E43B9BA0B38B26DE8E884~DTM*232*20200420~DTM*233*20200420~SVC*HC:99212*88.54*39.39**1~DTM*472*20200420~CAS*CO*45*49.15~REF*6R*CPO2YYOOCW84~AMT*B6*39.39~LQ*HE*N381~CLP*000100033492*1*178.3*65.81**MC*2020129053714~NM1*QC*1*WILLIS*DIANE****MR*D774337~NM1*82*1*HOOSHMAND-PARSI*KAYHOSROW****XX*1447291851~REF*EA*FDE62450A0314354AC6EA6E3DA6C09D8~DTM*232*20200421~DTM*233*20200421~SVC*HC:99213*178.3*65.81**1~DTM*472*20200421~CAS*CO*45*112.49~REF*6R*CPO236BWYGLG~AMT*B6*65.81~LQ*HE*N381~CLP*000100033416*1*178.3*63.81*2*MC*2020129053688~NM1*QC*1*ARMSTRONG YOUNGBLOOD*CASSIDY****MR*Y096253~NM1*74*1*YOUNGBLOOD**R~NM1*82*1*HOOSHMAND-PARSI*KAYHOSROW****XX*1447291851~REF*EA*53FC3027AA9C4CF6938CECF8BDAA21F0~DTM*232*20200420~DTM*233*20200420~SVC*HC:99213*178.3*63.81**1~DTM*472*20200420~CAS*PR*3*2~CAS*CO*45*112.49~REF*6R*CPO289DDOC5S~AMT*B6*65.81~LQ*HE*N381~LQ*HE*N381~CLP*000100033967*1*178.3*65.81**MC*2020129053590~NM1*QC*1*ZAMORA*DAVID*E***MR*C225604~NM1*82*1*CADDALI*ESTRELLA*A***XX*1164974580~REF*EA*E07C4A5D362D4049AF2F05299DCB3A4C~DTM*232*20200429~DTM*233*20200429~SVC*HC:99213:25*178.3*65.81**1~DTM*472*20200429~CAS*CO*45*112.49~REF*6R*CPO28DOIJA1D~AMT*B6*65.81~LQ*HE*N381~CLP*000100033967*1*54.67*21.5**MC*2020129053594~NM1*QC*1*ZAMORA*DAVID*E***MR*C225604~NM1*82*1*CADDALI*ESTRELLA*A***XX*1164974580~REF*EA*67069381834C4676B1A9A09D3956B177~DTM*232*20200429~DTM*233*20200429~SVC*HC:93000*54.67*21.5**1~DTM*472*20200429~CAS*CO*45*33.17~REF*6R*CPO23KW2FZBO~AMT*B6*21.5~LQ*HE*N381~CLP*000100033733*4*178.3*0**MC*2020129053716~NM1*QC*1*ALDAZ*BRANDON*D***MR*Q959560~NM1*82*1*CADDALI*ESTRELLA*A***XX*1164974580~REF*EA*D610705B2B76483086818B482A22FCD5~DTM*232*20200424~DTM*233*20200424~SVC*HC:99213*178.3*0**0**1~DTM*472*20200424~CAS*PI*16*178.3~REF*6R*CPO2Y9QRXQNZ~LQ*HE*N56~LQ*HE*N381~CLP*000100032808*4*272.99*0**MC*2020129053665~NM1*QC*1*FULLER*JOSLYNN*S***MR*Y418281~NM1*82*1*HOOSHMAND-PARSI*KAYHOSROW****XX*1447291851~REF*EA*514AECC9DC244A0B8A85B71B8BBB1CD6~DTM*232*20200406~DTM*233*20200406~DTM*036*20191130~SVC*HC:99214*272.99*0**0**1~DTM*472*20200406~CAS*CO*26*272.99~REF*6R*CPO2PXGC25WL~LQ*HE*N30~CLP*000100032021*4*15*0**MC*2020129053623~NM1*QC*1*HALL*KRISTINA*K***MR*S324169~NM1*82*1*HOOSHMAND-PARSI*KAYHOSROW****XX*1447291851~REF*EA*5106858392F649B1AC8C251E770AC336~DTM*232*20200324~DTM*233*20200324~SVC*HC:81025*15*0**0**1~DTM*472*20200324~CAS*PI*16*15~REF*6R*CPO2N8MFY1SO~LQ*HE*N381~CLP*000100033699*4*178.3*0**MC*2020129053641~NM1*QC*1*MCCUMBER*ROBERT*S***MR*P542796~NM1*82*1*GRONEMEYER*LEANNE*R***XX*1659521045~REF*EA*C77B335956464058AD619F300479F831~DTM*232*20200423~DTM*233*20200423~SVC*HC:99213*178.3*0**0**1~DTM*472*20200423~CAS*PI*167*178.3~REF*6R*CPO2A59CP53E~LQ*HE*MA63~LQ*HE*MA92~LQ*HE*N56~CLP*000100032538*4*272.99*0**MC*2020129053766~NM1*QC*1*MENGES*AMY*J***MR*Q984196~NM1*82*1*HOOSHMAND-PARSI*KAYHOSROW****XX*1447291851~REF*EA*CA31BFE32D254DE3BFEA4941DC956C27~DTM*232*20200401~DTM*233*20200401~SVC*HC:99214*272.99*0**0**1~DTM*472*20200401~CAS*PI*16*272.99~REF*6R*CPO28V59B9KY~LQ*HE*N56~LQ*HE*N381~CLP*000100033937*4*272.99*0**MC*2020129053759~NM1*QC*1*SCHRINER*JACOB*E***MR*Y893432~NM1*82*1*CADDALI*ESTRELLA*A***XX*1164974580~REF*EA*E438D56855D54F3D880FF5BDFB4A29C1~DTM*232*20200428~DTM*233*20200428~SVC*HC:99214*272.99*0**0**1~DTM*472*20200428~CAS*PI*16*272.99~REF*6R*CPO22QPY5FYO~LQ*HE*N381~CLP*000100032045*4*15*0**MC*2020129053705~NM1*QC*1*TANKSLEY*DAYSHA*A***MR*O203621~NM1*82*1*HOOSHMAND-PARSI*KAYHOSROW****XX*1447291851~REF*EA*280237D79FA84ECFAC04420699DB0692~DTM*232*20200324~DTM*233*20200324~SVC*HC:81025*15*0**0**1~DTM*472*20200324~CAS*PI*5*15~REF*6R*CPO24EIJ1C7T~LQ*HE*M77~LQ*HE*M77~CLP*000100027254*22*-1971*-1290.31**MC*2020008029424~NM1*QC*1*ADAMS*CHRISTOPHER****MR*Y546450~NM1*82*1*SEARLES*DENISE*A***XX*1396971230~REF*EA*DD73340890FF4E50B72BB4D806FE495C~DTM*232*20191226~DTM*233*20191226~SVC*HC:99214:25*-134*-97.11**1~DTM*472*20191226~CAS*CO*45*-36.89~REF*6R*CPK2GN6IB63Y~AMT*B6*97.11~LQ*HE*N381~SVC*HC:96372*-32*0**0**1~DTM*472*20191226~CAS*CO*109*-32~REF*6R*CPK28MA0JKOB~LQ*HE*N381~SVC*HC:J2315*-1805*-1193.2**380~DTM*472*20191226~CAS*CO*45*-611.8~REF*6R*CPK20FVQHUR8~AMT*B6*1193.2~LQ*HE*N381~CLP*000100027254*1*1971*1358.71**MC*5220129001375~NM1*QC*1*ADAMS*CHRISTOPHER****MR*Y546450~NM1*82*1*SEARLES*DENISE*A***XX*1396971230~REF*EA*DD73340890FF4E50B72BB4D806FE495C~DTM*232*20191226~DTM*233*20191226~SVC*HC:99214:25*134*97.11**1~DTM*472*20191226~CAS*CO*45*36.89~REF*6R*CPK2GN6IB63Y~AMT*B6*97.11~LQ*HE*N381~SVC*HC:96372*32*0**0**1~DTM*472*20191226~CAS*CO*109*32~REF*6R*CPK28MA0JKOB~LQ*HE*N381~SVC*HC:J2315*1805*1261.6**380~DTM*472*20191226~CAS*CO*45*543.4~REF*6R*CPK20FVQHUR8~AMT*B6*1261.6~LQ*HE*N381~CLP*000100028710*22*-1971*-1286.51**MC*2020035060156~NM1*QC*1*ADAMS*CHRISTOPHER****MR*Y546450~NM1*82*1*SEARLES*DENISE*A***XX*1396971230~REF*EA*04E72274D2554C05A4BC648BAC1E712B~DTM*232*20200123~DTM*233*20200123~SVC*HC:99214:25*-134*-97.11**1~DTM*472*20200123~CAS*CO*45*-36.89~REF*6R*CPUYY5H0NH0Y~AMT*B6*97.11~LQ*HE*N77~LQ*HE*N381~SVC*HC:96372*-32*0**0**1~DTM*472*20200123~CAS*CO*109*-32~REF*6R*CPUYSOQ7GQE0~LQ*HE*N77~LQ*HE*N381~SVC*HC:J2315*-1805*-1189.4**380~DTM*472*20200123~CAS*CO*45*-615.6~REF*6R*CPUYF7TZUS24~AMT*B6*1189.4~LQ*HE*N77~LQ*HE*N381~CLP*000100028710*1*1971*1354.91**MC*5220129002181~NM1*QC*1*ADAMS*CHRISTOPHER****MR*Y546450~NM1*82*1*SEARLES*DENISE*A***XX*1396971230~REF*EA*04E72274D2554C05A4BC648BAC1E712B~DTM*232*20200123~DTM*233*20200123~SVC*HC:99214:25*134*97.11**1~DTM*472*20200123~CAS*CO*45*36.89~REF*6R*CPUYY5H0NH0Y~AMT*B6*97.11~LQ*HE*N293~LQ*HE*N381~SVC*HC:96372*32*0**0**1~DTM*472*20200123~CAS*CO*109*32~REF*6R*CPUYSOQ7GQE0~LQ*HE*N293~LQ*HE*N381~SVC*HC:J2315*1805*1257.8**380~DTM*472*20200123~CAS*CO*45*547.2~REF*6R*CPUYF7TZUS24~AMT*B6*1257.8~LQ*HE*N293~LQ*HE*N381~CLP*000100030707*22*-1971*-1286.51**MC*2020076055138~NM1*QC*1*ADAMS*CHRISTOPHER****MR*Y546450~NM1*82*1*SEARLES*DENISE*A***XX*1396971230~REF*EA*0BB5CAFD25D444FC809D555A3272C90C~DTM*232*20200227~DTM*233*20200227~SVC*HC:99214:25*-134*-97.11**1~DTM*472*20200227~CAS*CO*45*-36.89~REF*6R*CP5IBM6W2RB6~AMT*B6*97.11~LQ*HE*N77~LQ*HE*N381~SVC*HC:96372*-32*0**0**1~DTM*472*20200227~CAS*CO*109*-32~REF*6R*CP5IH2WDDBXP~LQ*HE*N77~LQ*HE*N381~SVC*HC:J2315*-1805*-1189.4**380~DTM*472*20200227~CAS*CO*45*-615.6~REF*6R*CP5I76YAQE3G~AMT*B6*1189.4~LQ*HE*N77~LQ*HE*N381~CLP*000100030707*1*1971*1354.91**MC*5220129003126~NM1*QC*1*ADAMS*CHRISTOPHER****MR*Y546450~NM1*82*1*SEARLES*DENISE*A***XX*1396971230~REF*EA*0BB5CAFD25D444FC809D555A3272C90C~DTM*232*20200227~DTM*233*20200227~SVC*HC:99214:25*134*97.11**1~DTM*472*20200227~CAS*CO*45*36.89~REF*6R*CP5IBM6W2RB6~AMT*B6*97.11~LQ*HE*N293~LQ*HE*N381~SVC*HC:96372*32*0**0**1~DTM*472*20200227~CAS*CO*109*32~REF*6R*CP5IH2WDDBXP~LQ*HE*N293~LQ*HE*N381~SVC*HC:J2315*1805*1257.8**380~DTM*472*20200227~CAS*CO*45*547.2~REF*6R*CP5I76YAQE3G~AMT*B6*1257.8~LQ*HE*N293~LQ*HE*N381~CLP*000100025613*22*-1971*-1290.31**MC*5820106004130~NM1*QC*1*ADAMS*CHRISTOPHER****MR*Y546450~NM1*82*1*SEARLES*DENISE*A***XX*1396971230~REF*EA*D610DA124D534BB38460C9BDB879609C~DTM*232*20191121~DTM*233*20191121~SVC*HC:99214:25*-134*-97.11**1~DTM*472*20191121~CAS*CO*45*-36.89~REF*6R*CPEH5PC2NM11~AMT*B6*97.11~LQ*HE*N377~LQ*HE*N381~SVC*HC:96372*-32*0**0**1~DTM*472*20191121~CAS*CO*109*-32~REF*6R*CPEH24QH1CBI~LQ*HE*N377~LQ*HE*N381~SVC*HC:J2315*-1805*-1193.2**380~DTM*472*20191121~CAS*CO*45*-611.8~REF*6R*CPEHSG4EZUJL~AMT*B6*1193.2~LQ*HE*N377~LQ*HE*N381~CLP*000100025613*1*1971*1290.31**MC*5220129003764~NM1*QC*1*ADAMS*CHRISTOPHER****MR*Y546450~NM1*82*1*SEARLES*DENISE*A***XX*1396971230~REF*EA*D610DA124D534BB38460C9BDB879609C~DTM*232*20191121~DTM*233*20191121~SVC*HC:99214:25*134*97.11**1~DTM*472*20191121~CAS*CO*45*36.89~REF*6R*CPEH5PC2NM11~AMT*B6*97.11~LQ*HE*N381~SVC*HC:96372*32*0**0**1~DTM*472*20191121~CAS*CO*109*32~REF*6R*CPEH24QH1CBI~LQ*HE*N381~SVC*HC:J2315*1805*1193.2**380~DTM*472*20191121~CAS*CO*45*611.8~REF*6R*CPEHSG4EZUJL~AMT*B6*1193.2~LQ*HE*N381~CLP*000100024414*22*-1971*-1290.31**MC*5820112013005~NM1*QC*1*ADAMS*CHRISTOPHER****MR*Y546450~NM1*82*1*SEARLES*DENISE*A***XX*1396971230~REF*EA*6DE11E97F55B44F99FE330C8AC1077AB~DTM*232*20191031~DTM*233*20191031~SVC*HC:99214:25*-134*-97.11**1~DTM*472*20191031~CAS*CO*45*-36.89~REF*6R*CPCHGSUQ5TRB~AMT*B6*97.11~LQ*HE*N377~LQ*HE*N381~SVC*HC:96372*-32*0**0**1~DTM*472*20191031~CAS*CO*109*-32~REF*6R*CPCHSQJ0YOHG~LQ*HE*N377~LQ*HE*N381~SVC*HC:J2315*-1805*-1193.2**380~DTM*472*20191031~CAS*CO*45*-611.8~REF*6R*CPCHASE6I4P5~AMT*B6*1193.2~LQ*HE*N377~LQ*HE*N381~CLP*000100024414*1*1971*1290.31**MC*5220129003954~NM1*QC*1*ADAMS*CHRISTOPHER****MR*Y546450~NM1*82*1*SEARLES*DENISE*A***XX*1396971230~REF*EA*6DE11E97F55B44F99FE330C8AC1077AB~DTM*232*20191031~DTM*233*20191031~SVC*HC:99214:25*134*97.11**1~DTM*472*20191031~CAS*CO*45*36.89~REF*6R*CPCHGSUQ5TRB~AMT*B6*97.11~LQ*HE*N381~SVC*HC:96372*32*0**0**1~DTM*472*20191031~CAS*CO*109*32~REF*6R*CPCHSQJ0YOHG~LQ*HE*N381~SVC*HC:J2315*1805*1193.2**380~DTM*472*20191031~CAS*CO*45*611.8~REF*6R*CPCHASE6I4P5~AMT*B6*1193.2~LQ*HE*N381~CLP*000100023200*22*-1837*-1193.2**MC*5820113002347~NM1*QC*1*ADAMS*CHRISTOPHER****MR*Y546450~NM1*82*1*SEARLES*DENISE*A***XX*1396971230~REF*EA*5A7CA852BF1E44FCAADA752F41638C8A~DTM*232*20191003~DTM*233*20191003~SVC*HC:96372*-32*0**0**1~DTM*472*20191003~CAS*CO*109*-32~REF*6R*CPCXJBXDT13V~LQ*HE*N377~LQ*HE*N381~SVC*HC:J2315*-1805*-1193.2**380~DTM*472*20191003~CAS*CO*45*-611.8~REF*6R*CPCXUJ7EW3BR~AMT*B6*1193.2~LQ*HE*N377~LQ*HE*N381~CLP*000100023200*1*1837*1193.2**MC*5220129004031~NM1*QC*1*ADAMS*CHRISTOPHER****MR*Y546450~NM1*82*1*SEARLES*DENISE*A***XX*1396971230~REF*EA*5A7CA852BF1E44FCAADA752F41638C8A~DTM*232*20191003~DTM*233*20191003~SVC*HC:96372*32*0**0**1~DTM*472*20191003~CAS*CO*109*32~REF*6R*CPCXJBXDT13V~LQ*HE*N381~SVC*HC:J2315*1805*1193.2**380~DTM*472*20191003~CAS*CO*45*611.8~REF*6R*CPCXUJ7EW3BR~AMT*B6*1193.2~LQ*HE*N381~CLP*000100024215*22*-1837*-1193.2**MC*5820112012733~NM1*QC*1*ARCHULETTA*CHARTAE****MR*S666957~NM1*74*1*ARCHULETA**R~NM1*82*1*KLAKER*JULIE*M***XX*1215134705~REF*EA*47126336CEE7491594085684D48F4683~DTM*232*20191025~DTM*233*20191025~SVC*HC:96372*-32*0**0**1~DTM*472*20191025~CAS*CO*109*-32~REF*6R*CPCLOZVOEBCF~LQ*HE*N377~LQ*HE*N381~SVC*HC:J2315*-1805*-1193.2**380~DTM*472*20191025~CAS*CO*45*-611.8~REF*6R*CPCLSUM8OT26~AMT*B6*1193.2~LQ*HE*N377~LQ*HE*N381~CLP*000100024215*1*1837*1193.2**MC*5220129003953~NM1*QC*1*ARCHULETTA*CHARTAE****MR*S666957~NM1*74*1*ARCHULETA**R~NM1*82*1*KLAKER*JULIE*M***XX*1215134705~REF*EA*47126336CEE7491594085684D48F4683~DTM*232*20191025~DTM*233*20191025~SVC*HC:96372*32*0**0**1~DTM*472*20191025~CAS*CO*109*32~REF*6R*CPCLOZVOEBCF~LQ*HE*N381~SVC*HC:J2315*1805*1193.2**380~DTM*472*20191025~CAS*CO*45*611.8~REF*6R*CPCLSUM8OT26~AMT*B6*1193.2~LQ*HE*N381~CLP*000100027829*22*-1837*-1189.4**MC*2020069057263~NM1*QC*1*BACA*DONOVAN*D***MR*U406657~NM1*82*1*GRONEMEYER*LEANNE*R***XX*1659521045~REF*EA*2AFE21DCA54A4FF696D3DE7EAEB08D65~DTM*232*20200108~DTM*233*20200108~SVC*HC:96372*-32*0**0**1~DTM*472*20200108~CAS*CO*109*-32~REF*6R*CP4YVTGAUOK6~LQ*HE*N77~LQ*HE*N381~SVC*HC:J2315*-1805*-1189.4**380~DTM*472*20200108~CAS*CO*45*-615.6~REF*6R*CP4YQNVV5JA5~AMT*B6*1189.4~LQ*HE*N77~LQ*HE*N381~CLP*000100027829*1*1837*1257.8**MC*5220129002999~NM1*QC*1*BACA*DONOVAN*D***MR*U406657~NM1*82*1*GRONEMEYER*LEANNE*R***XX*1659521045~REF*EA*2AFE21DCA54A4FF696D3DE7EAEB08D65~DTM*232*20200108~DTM*233*20200108~SVC*HC:96372*32*0**0**1~DTM*472*20200108~CAS*CO*109*32~REF*6R*CP4YVTGAUOK6~LQ*HE*N293~LQ*HE*N381~SVC*HC:J2315*1805*1257.8**380~DTM*472*20200108~CAS*CO*45*547.2~REF*6R*CP4YQNVV5JA5~AMT*B6*1257.8~LQ*HE*N293~LQ*HE*N381~CLP*000100024764*22*-1837*-1193.2**MC*2020069057265~NM1*QC*1*BACA*DONOVAN*D***MR*U406657~NM1*82*1*GRONEMEYER*LEANNE*R***XX*1659521045~REF*EA*D566C6008F584E2098DC161958BE41AC~DTM*232*20191106~DTM*233*20191106~SVC*HC:96372*-32*0**0**1~DTM*472*20191106~CAS*CO*109*-32~REF*6R*CP4YLRLNDJTA~LQ*HE*N77~LQ*HE*N381~SVC*HC:J2315*-1805*-1193.2**380~DTM*472*20191106~CAS*CO*45*-611.8~REF*6R*CP4Y6PNF1B7X~AMT*B6*1193.2~LQ*HE*N77~LQ*HE*N381~CLP*000100024764*1*1837*1193.2**MC*5220129003001~NM1*QC*1*BACA*DONOVAN*D***MR*U406657~NM1*82*1*GRONEMEYER*LEANNE*R***XX*1659521045~REF*EA*D566C6008F584E2098DC161958BE41AC~DTM*232*20191106~DTM*233*20191106~SVC*HC:96372*32*0**0**1~DTM*472*20191106~CAS*CO*109*32~REF*6R*CP4YLRLNDJTA~LQ*HE*N293~LQ*HE*N381~SVC*HC:J2315*1805*1193.2**380~DTM*472*20191106~CAS*CO*45*611.8~REF*6R*CP4Y6PNF1B7X~AMT*B6*1193.2~LQ*HE*N293~LQ*HE*N381~CLP*000100022206*22*-2213*-1404.76**MC*5820099010451~NM1*QC*1*BACA*DONOVAN*D***MR*U406657~NM1*82*1*HOOSHMAND-PARSI*KAYHOSROW****XX*1447291851~REF*EA*4EECA3D738F84EFB9522E7CDEC0B1D09~DTM*232*20190911~DTM*233*20190911~SVC*HC:99205:25*-255*-186.33**1~DTM*472*20190911~CAS*CO*45*-68.67~REF*6R*CPUDMK8DT428~AMT*B6*186.33~LQ*HE*N377~LQ*HE*N381~SVC*HC:99415*-45*-7.11**1~DTM*472*20190911~CAS*CO*45*-37.89~REF*6R*CPUDR89IBQ0F~AMT*B6*7.11~LQ*HE*N377~LQ*HE*N381~SVC*HC:H0049*-36*-10.92**1~DTM*472*20190911~CAS*CO*45*-25.08~REF*6R*CPUD5F0TVQHT~AMT*B6*10.92~LQ*HE*N377~LQ*HE*N381~SVC*HC:G8510*-40*-11**1~DTM*472*20190911~CAS*CO*45*-29~REF*6R*CPUDCCQIBJNF~AMT*B6*11~LQ*HE*N377~LQ*HE*N381~SVC*HC:96372*-32*0**0**1~DTM*472*20190911~CAS*CO*109*-32~REF*6R*CPUDEM46BE9A~LQ*HE*N377~LQ*HE*N381~SVC*HC:J2315*-1805*-1189.4**380~DTM*472*20190911~CAS*CO*45*-615.6~REF*6R*CPUDM9B8HGVQ~AMT*B6*1189.4~LQ*HE*N377~LQ*HE*N381~CLP*000100022206*1*2213*1404.76**MC*5220129003472~NM1*QC*1*BACA*DONOVAN*D***MR*U406657~NM1*82*1*HOOSHMAND-PARSI*KAYHOSROW****XX*1447291851~REF*EA*4EECA3D738F84EFB9522E7CDEC0B1D09~DTM*232*20190911~DTM*233*20190911~SVC*HC:99205:25*255*186.33**1~DTM*472*20190911~CAS*CO*45*68.67~REF*6R*CPUDMK8DT428~AMT*B6*186.33~LQ*HE*N381~SVC*HC:99415*45*7.11**1~DTM*472*20190911~CAS*CO*45*37.89~REF*6R*CPUDR89IBQ0F~AMT*B6*7.11~LQ*HE*N381~SVC*HC:H0049*36*10.92**1~DTM*472*20190911~CAS*CO*45*25.08~REF*6R*CPUD5F0TVQHT~AMT*B6*10.92~LQ*HE*N381~SVC*HC:G8510*40*11**1~DTM*472*20190911~CAS*CO*45*29~REF*6R*CPUDCCQIBJNF~AMT*B6*11~LQ*HE*N381~SVC*HC:96372*32*0**0**1~DTM*472*20190911~CAS*CO*109*32~REF*6R*CPUDEM46BE9A~LQ*HE*N381~SVC*HC:J2315*1805*1189.4**380~DTM*472*20190911~CAS*CO*45*615.6~REF*6R*CPUDM9B8HGVQ~AMT*B6*1189.4~LQ*HE*N381~CLP*000100026627*22*-1971*-1290.31**MC*5820106045534~NM1*QC*1*BACA*DONOVAN*D***MR*U406657~NM1*82*1*GRONEMEYER*LEANNE*R***XX*1659521045~REF*EA*9E4218B56DCA40209AA050DF1358A3FB~DTM*232*20191211~DTM*233*20191211~SVC*HC:99214:25*-134*-97.11**1~DTM*472*20191211~CAS*CO*45*-36.89~REF*6R*CPOTNDNWZSWV~AMT*B6*97.11~LQ*HE*N377~LQ*HE*N381~SVC*HC:96372*-32*0**0**1~DTM*472*20191211~CAS*CO*109*-32~REF*6R*CPOT0CKNLZRY~LQ*HE*N377~LQ*HE*N381~SVC*HC:J2315*-1805*-1193.2**380~DTM*472*20191211~CAS*CO*45*-611.8~REF*6R*CPOT9ABZL9UY~AMT*B6*1193.2~LQ*HE*N377~LQ*HE*N381~CLP*000100026627*1*1971*1358.71**MC*5220129003856~NM1*QC*1*BACA*DONOVAN*D***MR*U406657~NM1*82*1*GRONEMEYER*LEANNE*R***XX*1659521045~REF*EA*9E4218B56DCA40209AA050DF1358A3FB~DTM*232*20191211~DTM*233*20191211~SVC*HC:99214:25*134*97.11**1~DTM*472*20191211~CAS*CO*45*36.89~REF*6R*CPOTNDNWZSWV~AMT*B6*97.11~LQ*HE*N381~SVC*HC:96372*32*0**0**1~DTM*472*20191211~CAS*CO*109*32~REF*6R*CPOT0CKNLZRY~LQ*HE*N381~SVC*HC:J2315*1805*1261.6**380~DTM*472*20191211~CAS*CO*45*543.4~REF*6R*CPOT9ABZL9UY~AMT*B6*1261.6~LQ*HE*N381~CLP*000100033062*22*-1973.99*-1185.6**MC*2020115045261~NM1*QC*1*BACA*DONOVAN*D***MR*U406657~NM1*82*1*SEARLES*DENISE*A***XX*1396971230~REF*EA*92DCFF6837C34DF8A6A5D8410239F0A0~DTM*232*20200410~DTM*233*20200410~SVC*HC:96372*-83.99*0**0**1~DTM*472*20200410~CAS*CO*109*-83.99~REF*6R*CPGYNS2F7RZK~LQ*HE*N77~LQ*HE*N381~SVC*HC:J2315*-1805*-1185.6**380~DTM*472*20200410~CAS*CO*45*-619.4~REF*6R*CPGYWBCPCRU7~AMT*B6*1185.6~LQ*HE*N77~LQ*HE*N381~SVC*HC:80101*-85*0**0**1~DTM*472*20200410~CAS*PI*16*-85~REF*6R*CPGY8IDIK4O1~LQ*HE*N77~LQ*HE*N56~CLP*000100033062*1*1973.99*1254**MC*5220129004135~NM1*QC*1*BACA*DONOVAN*D***MR*U406657~NM1*82*1*SEARLES*DENISE*A***XX*1396971230~REF*EA*92DCFF6837C34DF8A6A5D8410239F0A0~DTM*232*20200410~DTM*233*20200410~SVC*HC:96372*83.99*0**0**1~DTM*472*20200410~CAS*CO*109*83.99~REF*6R*CPGYNS2F7RZK~LQ*HE*N381~SVC*HC:J2315*1805*1254**380~DTM*472*20200410~CAS*CO*45*551~REF*6R*CPGYWBCPCRU7~AMT*B6*1254~LQ*HE*N381~SVC*HC:80101*85*0**0**1~DTM*472*20200410~CAS*PI*16*85~REF*6R*CPGY8IDIK4O1~LQ*HE*N56~CLP*000100024528*22*-1986*-1296.65**MC*5820112016870~NM1*QC*1*BASSETT*JENNIFER*M***MR*W073216~NM1*82*1*LUCAS*PEGGI*S***XX*1366419582~REF*EA*D041F3A5566A4EA99E80065176F4A08A~DTM*232*20191104~DTM*233*20191104~SVC*HC:99214:25*-134*-95.11**1~DTM*472*20191104~CAS*PR*3*-2~CAS*CO*45*-36.89~REF*6R*CPCH8FKNKRWI~AMT*B6*97.11~LQ*HE*N377~LQ*HE*N381~LQ*HE*N381~SVC*HC:96372*-32*0**0**1~DTM*472*20191104~CAS*CO*109*-32~REF*6R*CPCHDJW2Y9R2~LQ*HE*N377~LQ*HE*N381~SVC*HC:J2315*-1805*-1193.2**380~DTM*472*20191104~CAS*CO*45*-611.8~REF*6R*CPCHAB6HM5TD~AMT*B6*1193.2~LQ*HE*N377~LQ*HE*N381~SVC*HC:81025*-15*-8.34**1~DTM*472*20191104~CAS*CO*45*-6.66~REF*6R*CPCHAULCAMTD~AMT*B6*8.34~LQ*HE*N377~LQ*HE*N381~CLP*000100024528*1*1986*1296.73*2*MC*5220129003963~NM1*QC*1*BASSETT*JENNIFER*M***MR*W073216~NM1*82*1*LUCAS*PEGGI*S***XX*1366419582~REF*EA*D041F3A5566A4EA99E80065176F4A08A~DTM*232*20191104~DTM*233*20191104~SVC*HC:99214:25*134*95.11**1~DTM*472*20191104~CAS*PR*3*2~CAS*CO*45*36.89~REF*6R*CPCH8FKNKRWI~AMT*B6*97.11~LQ*HE*N381~LQ*HE*N381~SVC*HC:96372*32*0**0**1~DTM*472*20191104~CAS*CO*109*32~REF*6R*CPCHDJW2Y9R2~LQ*HE*N381~SVC*HC:J2315*1805*1193.2**380~DTM*472*20191104~CAS*CO*45*611.8~REF*6R*CPCHAB6HM5TD~AMT*B6*1193.2~LQ*HE*N381~SVC*HC:81025*15*8.42**1~DTM*472*20191104~CAS*CO*45*6.58~REF*6R*CPCHAULCAMTD~AMT*B6*8.42~LQ*HE*N381~CLP*000100025638*22*-1986*-1298.73**MC*5820106001577~NM1*QC*1*BENAVIDEZ*MICHELLE*N***MR*M679006~NM1*82*1*SEARLES*DENISE*A***XX*1396971230~REF*EA*01CABF6DFEFA4991B96CFCA6FE6A91D1~DTM*232*20191122~DTM*233*20191122~SVC*HC:99214:25*-134*-97.11**1~DTM*472*20191122~CAS*CO*45*-36.89~REF*6R*CPEHLXYIEGQP~AMT*B6*97.11~LQ*HE*N377~LQ*HE*N381~SVC*HC:96372*-32*0**0**1~DTM*472*20191122~CAS*CO*109*-32~REF*6R*CPEHN12KFNAD~LQ*HE*N377~LQ*HE*N381~SVC*HC:J2315*-1805*-1193.2**380~DTM*472*20191122~CAS*CO*45*-611.8~REF*6R*CPEHYR8HWOMD~AMT*B6*1193.2~LQ*HE*N377~LQ*HE*N381~SVC*HC:81025*-15*-8.42**1~DTM*472*20191122~CAS*CO*45*-6.58~REF*6R*CPEH4IOFRLJG~AMT*B6*8.42~LQ*HE*N377~LQ*HE*N381~CLP*000100025638*1*1986*1298.73**MC*5220129003760~NM1*QC*1*BENAVIDEZ*MICHELLE*N***MR*M679006~NM1*82*1*SEARLES*DENISE*A***XX*1396971230~REF*EA*01CABF6DFEFA4991B96CFCA6FE6A91D1~DTM*232*20191122~DTM*233*20191122~SVC*HC:99214:25*134*97.11**1~DTM*472*20191122~CAS*CO*45*36.89~REF*6R*CPEHLXYIEGQP~AMT*B6*97.11~LQ*HE*N381~SVC*HC:96372*32*0**0**1~DTM*472*20191122~CAS*CO*109*32~REF*6R*CPEHN12KFNAD~LQ*HE*N381~SVC*HC:J2315*1805*1193.2**380~DTM*472*20191122~CAS*CO*45*611.8~REF*6R*CPEHYR8HWOMD~AMT*B6*1193.2~LQ*HE*N381~SVC*HC:81025*15*8.42**1~DTM*472*20191122~CAS*CO*45*6.58~REF*6R*CPEH4IOFRLJG~AMT*B6*8.42~LQ*HE*N381~CLP*000100024175*22*-1986*-1298.73**MC*5820106046559~NM1*QC*1*BENAVIDEZ*MICHELLE*N***MR*M679006~NM1*82*1*SEARLES*DENISE*A***XX*1396971230~REF*EA*0EA7A01E816743B8A290170444253F84~DTM*232*20191024~DTM*233*20191024~SVC*HC:99214:25*-134*-97.11**1~DTM*472*20191024~CAS*CO*45*-36.89~REF*6R*CPELTUV8G0UQ~AMT*B6*97.11~LQ*HE*N377~LQ*HE*N381~SVC*HC:96372*-32*0**0**1~DTM*472*20191024~CAS*CO*109*-32~REF*6R*CPELKS7GJH68~LQ*HE*N377~LQ*HE*N381~SVC*HC:J2315*-1805*-1193.2**380~DTM*472*20191024~CAS*CO*45*-611.8~REF*6R*CPELGJGDCTCY~AMT*B6*1193.2~LQ*HE*N377~LQ*HE*N381~SVC*HC:81025*-15*-8.42**1~DTM*472*20191024~CAS*CO*45*-6.58~REF*6R*CPELU6JA7AB5~AMT*B6*8.42~LQ*HE*N377~LQ*HE*N381~CLP*000100024175*1*1986*1298.73**MC*5220129003860~NM1*QC*1*BENAVIDEZ*MICHELLE*N***MR*M679006~NM1*82*1*SEARLES*DENISE*A***XX*1396971230~REF*EA*0EA7A01E816743B8A290170444253F84~DTM*232*20191024~DTM*233*20191024~SVC*HC:99214:25*134*97.11**1~DTM*472*20191024~CAS*CO*45*36.89~REF*6R*CPELTUV8G0UQ~AMT*B6*97.11~LQ*HE*N381~SVC*HC:96372*32*0**0**1~DTM*472*20191024~CAS*CO*109*32~REF*6R*CPELKS7GJH68~LQ*HE*N381~SVC*HC:J2315*1805*1193.2**380~DTM*472*20191024~CAS*CO*45*611.8~REF*6R*CPELGJGDCTCY~AMT*B6*1193.2~LQ*HE*N381~SVC*HC:81025*15*8.42**1~DTM*472*20191024~CAS*CO*45*6.58~REF*6R*CPELU6JA7AB5~AMT*B6*8.42~LQ*HE*N381~CLP*000100024745*22*-2122*-1368.08**MC*5820106014425~NM1*QC*1*BIS*MARCIN*S***MR*P788092~NM1*82*1*KLAKER*JULIE*M***XX*1215134705~REF*EA*F6AFBC0DF9A1468FB282E9E021CEDABE~DTM*232*20191106~DTM*233*20191106~SVC*HC:99204:25*-205*-149.59**1~DTM*472*20191106~CAS*CO*45*-55.41~REF*6R*CPDLIRLYWCQL~AMT*B6*149.59~LQ*HE*N377~LQ*HE*N381~SVC*HC:96372*-32*0**0**1~DTM*472*20191106~CAS*CO*109*-32~REF*6R*CPDL92D318OZ~LQ*HE*N377~LQ*HE*N381~SVC*HC:J2315*-1805*-1193.2**380~DTM*472*20191106~CAS*CO*45*-611.8~REF*6R*CPDLF4KKG6V6~AMT*B6*1193.2~LQ*HE*N377~LQ*HE*N381~SVC*HC:H0049*-36*-10.92**1~DTM*472*20191106~CAS*CO*45*-25.08~REF*6R*CPDLG95EWU59~AMT*B6*10.92~LQ*HE*N377~LQ*HE*N381~SVC*HC:G8510*-40*-11**1~DTM*472*20191106~CAS*CO*45*-29~REF*6R*CPDLSA8HP22H~AMT*B6*11~LQ*HE*N377~LQ*HE*N381~SVC*HC:81002*-4*-3.37**1~DTM*472*20191106~CAS*CO*45*-.63~REF*6R*CPDL7IBX5315~AMT*B6*3.37~LQ*HE*N377~LQ*HE*N381~CLP*000100024745*1*2122*1368.11**MC*5220129003792~NM1*QC*1*BIS*MARCIN*S***MR*P788092~NM1*82*1*KLAKER*JULIE*M***XX*1215134705~REF*EA*F6AFBC0DF9A1468FB282E9E021CEDABE~DTM*232*20191106~DTM*233*20191106~SVC*HC:99204:25*205*149.59**1~DTM*472*20191106~CAS*CO*45*55.41~REF*6R*CPDLIRLYWCQL~AMT*B6*149.59~LQ*HE*N381~SVC*HC:96372*32*0**0**1~DTM*472*20191106~CAS*CO*109*32~REF*6R*CPDL92D318OZ~LQ*HE*N381~SVC*HC:J2315*1805*1193.2**380~DTM*472*20191106~CAS*CO*45*611.8~REF*6R*CPDLF4KKG6V6~AMT*B6*1193.2~LQ*HE*N381~SVC*HC:H0049*36*10.92**1~DTM*472*20191106~CAS*CO*45*25.08~REF*6R*CPDLG95EWU59~AMT*B6*10.92~LQ*HE*N381~SVC*HC:G8510*40*11**1~DTM*472*20191106~CAS*CO*45*29~REF*6R*CPDLSA8HP22H~AMT*B6*11~LQ*HE*N381~SVC*HC:81002*4*3.4**1~DTM*472*20191106~CAS*CO*45*.6~REF*6R*CPDL7IBX5315~AMT*B6*3.4~LQ*HE*N381~CLP*000100029061*22*-2018*-1283.55**MC*2020045063360~NM1*QC*1*PORTER*ASHLEY*C***MR*G299091~NM1*74*1*BURCH~NM1*82*1*GRONEMEYER*LEANNE*R***XX*1659521045~REF*EA*36A8DC0301EA4CA4AA31A901AF5B7804~DTM*232*20200129~DTM*233*20200129~SVC*HC:99213:25*-90*-63.81**1~DTM*472*20200129~CAS*PR*3*-2~CAS*CO*45*-24.19~REF*6R*CPVY79ZKGK63~AMT*B6*65.81~LQ*HE*N77~LQ*HE*N381~LQ*HE*N381~SVC*HC:96372*-32*0**0**1~DTM*472*20200129~CAS*CO*109*-32~REF*6R*CPVYFHGRXSDP~LQ*HE*N77~LQ*HE*N381~SVC*HC:J2315*-1805*-1189.4**380~DTM*472*20200129~CAS*CO*45*-615.6~REF*6R*CPVYSKZC7FB3~AMT*B6*1189.4~LQ*HE*N77~LQ*HE*N381~SVC*HC:H0049*-36*-10.92**1~DTM*472*20200129~CAS*CO*45*-25.08~REF*6R*CPVYYBKMVOUT~AMT*B6*10.92~LQ*HE*N77~LQ*HE*N381~SVC*HC:G8510*-40*-11**1~DTM*472*20200129~CAS*CO*45*-29~REF*6R*CPVYIMIULB9S~AMT*B6*11~LQ*HE*N77~LQ*HE*N381~SVC*HC:81025*-15*-8.42**1~DTM*472*20200129~CAS*CO*45*-6.58~REF*6R*CPVY1ROI08RL~AMT*B6*8.42~LQ*HE*N77~LQ*HE*N381~CLP*000100029061*1*2018*1351.95*2*MC*5220129002623~NM1*QC*1*PORTER*ASHLEY*C***MR*G299091~NM1*74*1*BURCH~NM1*82*1*GRONEMEYER*LEANNE*R***XX*1659521045~REF*EA*36A8DC0301EA4CA4AA31A901AF5B7804~DTM*232*20200129~DTM*233*20200129~SVC*HC:99213:25*90*63.81**1~DTM*472*20200129~CAS*PR*3*2~CAS*CO*45*24.19~REF*6R*CPVY79ZKGK63~AMT*B6*65.81~LQ*HE*N293~LQ*HE*N381~LQ*HE*N381~SVC*HC:96372*32*0**0**1~DTM*472*20200129~CAS*CO*109*32~REF*6R*CPVYFHGRXSDP~LQ*HE*N293~LQ*HE*N381~SVC*HC:J2315*1805*1257.8**380~DTM*472*20200129~CAS*CO*45*547.2~REF*6R*CPVYSKZC7FB3~AMT*B6*1257.8~LQ*HE*N293~LQ*HE*N381~SVC*HC:H0049*36*10.92**1~DTM*472*20200129~CAS*CO*45*25.08~REF*6R*CPVYYBKMVOUT~AMT*B6*10.92~LQ*HE*N293~LQ*HE*N381~SVC*HC:G8510*40*11**1~DTM*472*20200129~CAS*CO*45*29~REF*6R*CPVYIMIULB9S~AMT*B6*11~LQ*HE*N293~LQ*HE*N381~SVC*HC:81025*15*8.42**1~DTM*472*20200129~CAS*CO*45*6.58~REF*6R*CPVY1ROI08RL~AMT*B6*8.42~LQ*HE*N293~LQ*HE*N381~CLP*000100027441*22*-1837*-1189.4**MC*2020069057208~NM1*QC*1*PORTER*ASHLEY*C***MR*G299091~NM1*74*1*BURCH~NM1*82*1*GRONEMEYER*LEANNE*R***XX*1659521045~REF*EA*72ACF7811ABE4204BE2029959F6DE34D~DTM*232*20200102~DTM*233*20200102~SVC*HC:96372*-32*0**0**1~DTM*472*20200102~CAS*CO*109*-32~REF*6R*CP4YAZVQWO2P~LQ*HE*N77~LQ*HE*N381~SVC*HC:J2315*-1805*-1189.4**380~DTM*472*20200102~CAS*CO*45*-615.6~REF*6R*CP4YB28GOKDH~AMT*B6*1189.4~LQ*HE*N77~LQ*HE*N381~CLP*000100027441*1*1837*1257.8**MC*5220129002991~NM1*QC*1*PORTER*ASHLEY*C***MR*G299091~NM1*74*1*BURCH~NM1*82*1*GRONEMEYER*LEANNE*R***XX*1659521045~REF*EA*72ACF7811ABE4204BE2029959F6DE34D~DTM*232*20200102~DTM*233*20200102~SVC*HC:96372*32*0**0**1~DTM*472*20200102~CAS*CO*109*32~REF*6R*CP4YAZVQWO2P~LQ*HE*N293~LQ*HE*N381~SVC*HC:J2315*1805*1257.8**380~DTM*472*20200102~CAS*CO*45*547.2~REF*6R*CP4YB28GOKDH~AMT*B6*1257.8~LQ*HE*N293~LQ*HE*N381~CLP*000100026179*22*-2228*-1434.5**MC*5820112015077~NM1*QC*1*PORTER*ASHLEY*C***MR*G299091~NM1*74*1*BURCH~NM1*82*1*GRONEMEYER*LEANNE*R***XX*1659521045~REF*EA*A92905AC2EB149A3B50F59AD41E18485~DTM*232*20191204~DTM*233*20191204~SVC*HC:99205:25*-255*-184.33**1~DTM*472*20191204~CAS*PR*3*-2~CAS*CO*45*-68.67~REF*6R*CPN9GFB983CA~AMT*B6*186.33~LQ*HE*N377~LQ*HE*N381~LQ*HE*N381~SVC*HC:99415*-45*-7.11**1~DTM*472*20191204~CAS*CO*45*-37.89~REF*6R*CPN9U1NP6RU0~AMT*B6*7.11~LQ*HE*N377~LQ*HE*N381~SVC*HC:96372*-32*0**0**1~DTM*472*20191204~CAS*CO*109*-32~REF*6R*CPN9IQ7CHPPC~LQ*HE*N377~LQ*HE*N381~SVC*HC:J2315*-1805*-1193.2**380~DTM*472*20191204~CAS*CO*45*-611.8~REF*6R*CPN90DNRB275~AMT*B6*1193.2~LQ*HE*N377~LQ*HE*N381~SVC*HC:H0049*-36*-10.92**1~DTM*472*20191204~CAS*CO*45*-25.08~REF*6R*CPN94D60JU5C~AMT*B6*10.92~LQ*HE*N377~LQ*HE*N381~SVC*HC:G8431*-40*-30.52**1~DTM*472*20191204~CAS*CO*45*-9.48~REF*6R*CPN9YKM57QWE~AMT*B6*30.52~LQ*HE*N377~LQ*HE*N381~SVC*HC:81025*-15*-8.42**1~DTM*472*20191204~CAS*CO*45*-6.58~REF*6R*CPN9RHUA7IZ7~AMT*B6*8.42~LQ*HE*N377~LQ*HE*N381~CLP*000100026179*1*2228*1504.9**MC*5220129003959~NM1*QC*1*PORTER*ASHLEY*C***MR*G299091~NM1*74*1*BURCH~NM1*82*1*GRONEMEYER*LEANNE*R***XX*1659521045~REF*EA*A92905AC2EB149A3B50F59AD41E18485~DTM*232*20191204~DTM*233*20191204~SVC*HC:99205:25*255*186.33**1~DTM*472*20191204~CAS*CO*45*68.67~REF*6R*CPN9GFB983CA~AMT*B6*186.33~LQ*HE*N381~SVC*HC:99415*45*7.11**1~DTM*472*20191204~CAS*CO*45*37.89~REF*6R*CPN9U1NP6RU0~AMT*B6*7.11~LQ*HE*N381~SVC*HC:96372*32*0**0**1~DTM*472*20191204~CAS*CO*109*32~REF*6R*CPN9IQ7CHPPC~LQ*HE*N381~SVC*HC:J2315*1805*1261.6**380~DTM*472*20191204~CAS*CO*45*543.4~REF*6R*CPN90DNRB275~AMT*B6*1261.6~LQ*HE*N381~SVC*HC:H0049*36*10.92**1~DTM*472*20191204~CAS*CO*45*25.08~REF*6R*CPN94D60JU5C~AMT*B6*10.92~LQ*HE*N381~SVC*HC:G8431*40*30.52**1~DTM*472*20191204~CAS*CO*45*9.48~REF*6R*CPN9YKM57QWE~AMT*B6*30.52~LQ*HE*N381~SVC*HC:81025*15*8.42**1~DTM*472*20191204~CAS*CO*45*6.58~REF*6R*CPN9RHUA7IZ7~AMT*B6*8.42~LQ*HE*N381~CLP*000100028838*22*-2217*-1395.16**MC*2020043043996~NM1*QC*1*CANDELARIA*JIMMY*L***MR*K552023~NM1*82*1*LUCAS*PEGGI*S***XX*1366419582~REF*EA*9CCDF84B2FC14EBBA17D3145B358C60D~DTM*232*20200127~DTM*233*20200127~SVC*HC:99205:25*-255*-184.33**1~DTM*472*20200127~CAS*PR*3*-2~CAS*CO*45*-68.67~REF*6R*CPVEQCYU56PT~AMT*B6*186.33~LQ*HE*N77~LQ*HE*N381~LQ*HE*N381~SVC*HC:99415*-45*-7.11**1~DTM*472*20200127~CAS*CO*45*-37.89~REF*6R*CPVERLT4WQ7P~AMT*B6*7.11~LQ*HE*N77~LQ*HE*N381~SVC*HC:96372*-32*0**0**1~DTM*472*20200127~CAS*CO*109*-32~REF*6R*CPVE7TWNA514~LQ*HE*N77~LQ*HE*N381~SVC*HC:J2315*-1805*-1189.4**380~DTM*472*20200127~CAS*CO*45*-615.6~REF*6R*CPVE4TD8I8R1~AMT*B6*1189.4~LQ*HE*N77~LQ*HE*N381~SVC*HC:H0049*-36*-10.92**1~DTM*472*20200127~CAS*CO*45*-25.08~REF*6R*CPVEL8OX7RFP~AMT*B6*10.92~LQ*HE*N77~LQ*HE*N381~SVC*HC:G8510*-40*0**0**1~DTM*472*20200127~CAS*PI*119*-40~REF*6R*CPVE7FVKHCAZ~LQ*HE*N77~LQ*HE*N362~LQ*HE*N56~LQ*HE*N381~SVC*HC:81002*-4*-3.4**1~DTM*472*20200127~CAS*CO*45*-.6~REF*6R*CPVESY7U60QV~AMT*B6*3.4~LQ*HE*N77~LQ*HE*N381~CLP*000100028838*1*2217*1463.56*2*MC*5220129002523~NM1*QC*1*CANDELARIA*JIMMY*L***MR*K552023~NM1*82*1*LUCAS*PEGGI*S***XX*1366419582~REF*EA*9CCDF84B2FC14EBBA17D3145B358C60D~DTM*232*20200127~DTM*233*20200127~SVC*HC:99205:25*255*184.33**1~DTM*472*20200127~CAS*PR*3*2~CAS*CO*45*68.67~REF*6R*CPVEQCYU56PT~AMT*B6*186.33~LQ*HE*N293~LQ*HE*N381~LQ*HE*N381~SVC*HC:99415*45*7.11**1~DTM*472*20200127~CAS*CO*45*37.89~REF*6R*CPVERLT4WQ7P~AMT*B6*7.11~LQ*HE*N293~LQ*HE*N381~SVC*HC:96372*32*0**0**1~DTM*472*20200127~CAS*CO*109*32~REF*6R*CPVE7TWNA514~LQ*HE*N293~LQ*HE*N381~SVC*HC:J2315*1805*1257.8**380~DTM*472*20200127~CAS*CO*45*547.2~REF*6R*CPVE4TD8I8R1~AMT*B6*1257.8~LQ*HE*N293~LQ*HE*N381~SVC*HC:H0049*36*10.92**1~DTM*472*20200127~CAS*CO*45*25.08~REF*6R*CPVEL8OX7RFP~AMT*B6*10.92~LQ*HE*N293~LQ*HE*N381~SVC*HC:G8510*40*0**0**1~DTM*472*20200127~CAS*PI*119*40~REF*6R*CPVE7FVKHCAZ~LQ*HE*N293~LQ*HE*N362~LQ*HE*N56~LQ*HE*N381~SVC*HC:81002*4*3.4**1~DTM*472*20200127~CAS*CO*45*.6~REF*6R*CPVESY7U60QV~AMT*B6*3.4~LQ*HE*N293~LQ*HE*N381~CLP*000100031942*22*-1809*-1189.4**MC*2020105042294~NM1*QC*1*CANDELARIA*JIMMY*L***MR*K552023~NM1*82*1*HOOSHMAND-PARSI*KAYHOSROW****XX*1447291851~REF*EA*E470E81EC3824482A7E6C8AA5896DA6A~DTM*232*20200323~DTM*233*20200323~SVC*HC:J2315*-1805*-1189.4**380~DTM*472*20200323~CAS*CO*45*-615.6~REF*6R*CPF6QDU6SV8C~AMT*B6*1189.4~LQ*HE*N77~LQ*HE*N381~SVC*HC:81002*-4*0**0**1~DTM*472*20200323~CAS*PI*5*-4~REF*6R*CPF6YRVHR0TS~LQ*HE*N77~LQ*HE*M77~LQ*HE*M77~CLP*000100031942*1*1809*1257.8**MC*5220129003756~NM1*QC*1*CANDELARIA*JIMMY*L***MR*K552023~NM1*82*1*HOOSHMAND-PARSI*KAYHOSROW****XX*1447291851~REF*EA*E470E81EC3824482A7E6C8AA5896DA6A~DTM*232*20200323~DTM*233*20200323~SVC*HC:J2315*1805*1257.8**380~DTM*472*20200323~CAS*CO*45*547.2~REF*6R*CPF6QDU6SV8C~AMT*B6*1257.8~LQ*HE*N381~SVC*HC:81002*4*0**0**1~DTM*472*20200323~CAS*PI*5*4~REF*6R*CPF6YRVHR0TS~LQ*HE*M77~LQ*HE*M77~CLP*000100029124*22*-2228*-1432.7**MC*2020052103943~NM1*QC*1*CHACON*LINDA*M***MR*A670991~NM1*82*1*SEARLES*DENISE*A***XX*1396971230~REF*EA*9600000226E546B4B4D0AD1906350128~DTM*232*20200130~DTM*233*20200130~SVC*HC:99205:25*-255*-186.33**1~DTM*472*20200130~CAS*CO*45*-68.67~REF*6R*CPWM54NHQDQ9~AMT*B6*186.33~LQ*HE*N77~LQ*HE*N381~SVC*HC:99415*-45*-7.11**1~DTM*472*20200130~CAS*CO*45*-37.89~REF*6R*CPWMXED36G32~AMT*B6*7.11~LQ*HE*N77~LQ*HE*N381~SVC*HC:96372*-32*0**0**1~DTM*472*20200130~CAS*CO*109*-32~REF*6R*CPWMUB0NZPAX~LQ*HE*N77~LQ*HE*N381~SVC*HC:J2315*-1805*-1189.4**380~DTM*472*20200130~CAS*CO*45*-615.6~REF*6R*CPWMASL67FVO~AMT*B6*1189.4~LQ*HE*N77~LQ*HE*N381~SVC*HC:H0049*-36*-10.92**1~DTM*472*20200130~CAS*CO*45*-25.08~REF*6R*CPWMU3YARN3Q~AMT*B6*10.92~LQ*HE*N77~LQ*HE*N381~SVC*HC:G8431*-40*-30.52**1~DTM*472*20200130~CAS*CO*45*-9.48~REF*6R*CPWMBG96A1IR~AMT*B6*30.52~LQ*HE*N77~LQ*HE*N381~SVC*HC:81025*-15*-8.42**1~DTM*472*20200130~CAS*CO*45*-6.58~REF*6R*CPWM72QT7FRQ~AMT*B6*8.42~LQ*HE*N77~LQ*HE*N381~CLP*000100029124*1*2228*1501.1**MC*5220129002737~NM1*QC*1*CHACON*LINDA*M***MR*A670991~NM1*82*1*SEARLES*DENISE*A***XX*1396971230~REF*EA*9600000226E546B4B4D0AD1906350128~DTM*232*20200130~DTM*233*20200130~SVC*HC:99205:25*255*186.33**1~DTM*472*20200130~CAS*CO*45*68.67~REF*6R*CPWM54NHQDQ9~AMT*B6*186.33~LQ*HE*N293~LQ*HE*N381~SVC*HC:99415*45*7.11**1~DTM*472*20200130~CAS*CO*45*37.89~REF*6R*CPWMXED36G32~AMT*B6*7.11~LQ*HE*N293~LQ*HE*N381~SVC*HC:96372*32*0**0**1~DTM*472*20200130~CAS*CO*109*32~REF*6R*CPWMUB0NZPAX~LQ*HE*N293~LQ*HE*N381~SVC*HC:J2315*1805*1257.8**380~DTM*472*20200130~CAS*CO*45*547.2~REF*6R*CPWMASL67FVO~AMT*B6*1257.8~LQ*HE*N293~LQ*HE*N381~SVC*HC:H0049*36*10.92**1~DTM*472*20200130~CAS*CO*45*25.08~REF*6R*CPWMU3YARN3Q~AMT*B6*10.92~LQ*HE*N293~LQ*HE*N381~SVC*HC:G8431*40*30.52**1~DTM*472*20200130~CAS*CO*45*9.48~REF*6R*CPWMBG96A1IR~AMT*B6*30.52~LQ*HE*N293~LQ*HE*N381~SVC*HC:81025*15*8.42**1~DTM*472*20200130~CAS*CO*45*6.58~REF*6R*CPWM72QT7FRQ~AMT*B6*8.42~LQ*HE*N293~LQ*HE*N381~CLP*000100030696*22*-1971*-1286.51**MC*2020076055290~NM1*QC*1*CHACON*LINDA*M***MR*A670991~NM1*82*1*SEARLES*DENISE*A***XX*1396971230~REF*EA*42A8A46990A44A86BC1CBCF5CDAC4BFB~DTM*232*20200227~DTM*233*20200227~SVC*HC:99214:25*-134*-97.11**1~DTM*472*20200227~CAS*CO*45*-36.89~REF*6R*CP5IZD4ZW1QB~AMT*B6*97.11~LQ*HE*N77~LQ*HE*N381~SVC*HC:96372*-32*0**0**1~DTM*472*20200227~CAS*CO*109*-32~REF*6R*CP5IRX0UOC2M~LQ*HE*N77~LQ*HE*N381~SVC*HC:J2315*-1805*-1189.4**380~DTM*472*20200227~CAS*CO*45*-615.6~REF*6R*CP5IWJGUW0QL~AMT*B6*1189.4~LQ*HE*N77~LQ*HE*N381~CLP*000100030696*1*1971*1354.91**MC*5220129003129~NM1*QC*1*CHACON*LINDA*M***MR*A670991~NM1*82*1*SEARLES*DENISE*A***XX*1396971230~REF*EA*42A8A46990A44A86BC1CBCF5CDAC4BFB~DTM*232*20200227~DTM*233*20200227~SVC*HC:99214:25*134*97.11**1~DTM*472*20200227~CAS*CO*45*36.89~REF*6R*CP5IZD4ZW1QB~AMT*B6*97.11~LQ*HE*N293~LQ*HE*N381~SVC*HC:96372*32*0**0**1~DTM*472*20200227~CAS*CO*109*32~REF*6R*CP5IRX0UOC2M~LQ*HE*N293~LQ*HE*N381~SVC*HC:J2315*1805*1257.8**380~DTM*472*20200227~CAS*CO*45*547.2~REF*6R*CP5IWJGUW0QL~AMT*B6*1257.8~LQ*HE*N293~LQ*HE*N381~CLP*000100024082*22*-1837*-1193.2**MC*5820106013734~NM1*QC*1*CRUZ*KC****MR*N045363~NM1*82*1*KLAKER*JULIE*M***XX*1215134705~REF*EA*1A45EBFA60B846B49588D1FC44E4D0B8~DTM*232*20191023~DTM*233*20191023~SVC*HC:96372*-32*0**0**1~DTM*472*20191023~CAS*CO*109*-32~REF*6R*CPCL1H0VFUV7~LQ*HE*N377~LQ*HE*N381~SVC*HC:J2315*-1805*-1193.2**380~DTM*472*20191023~CAS*CO*45*-611.8~REF*6R*CPCL3UWZICGY~AMT*B6*1193.2~LQ*HE*N377~LQ*HE*N381~CLP*000100024082*1*1837*1193.2**MC*5220129003788~NM1*QC*1*CRUZ*KC****MR*N045363~NM1*82*1*KLAKER*JULIE*M***XX*1215134705~REF*EA*1A45EBFA60B846B49588D1FC44E4D0B8~DTM*232*20191023~DTM*233*20191023~SVC*HC:96372*32*0**0**1~DTM*472*20191023~CAS*CO*109*32~REF*6R*CPCL1H0VFUV7~LQ*HE*N381~SVC*HC:J2315*1805*1193.2**380~DTM*472*20191023~CAS*CO*45*611.8~REF*6R*CPCL3UWZICGY~AMT*B6*1193.2~LQ*HE*N381~CLP*000100022758*22*-2133*-1369.25**MC*5820099033399~NM1*QC*1*CRUZ*VANESSA*M***MR*K998994~NM1*82*1*HOOSHMAND-PARSI*KAYHOSROW****XX*1447291851~REF*EA*CA3F90ADF0AB4099BB390CDB5C642E67~DTM*232*20190925~DTM*233*20190925~SVC*HC:99204:25*-205*-149.59**1~DTM*472*20190925~CAS*CO*45*-55.41~REF*6R*CPUH35VAHRWY~AMT*B6*149.59~LQ*HE*N377~LQ*HE*N381~SVC*HC:96372*-32*0**0**1~DTM*472*20190925~CAS*CO*109*-32~REF*6R*CPUH5R93W7MN~LQ*HE*N377~LQ*HE*N381~SVC*HC:J2315*-1805*-1189.4**380~DTM*472*20190925~CAS*CO*45*-615.6~REF*6R*CPUHOQ0BBBJM~AMT*B6*1189.4~LQ*HE*N377~LQ*HE*N381~SVC*HC:H0049*-36*-10.92**1~DTM*472*20190925~CAS*CO*45*-25.08~REF*6R*CPUH6OUPNDAD~AMT*B6*10.92~LQ*HE*N377~LQ*HE*N381~SVC*HC:G8510*-40*-11**1~DTM*472*20190925~CAS*CO*45*-29~REF*6R*CPUHXE13G7CE~AMT*B6*11~LQ*HE*N377~LQ*HE*N381~SVC*HC:81025*-15*-8.34**1~DTM*472*20190925~CAS*CO*45*-6.66~REF*6R*CPUHMJBZD0HW~AMT*B6*8.34~LQ*HE*N377~LQ*HE*N381~CLP*000100022758*1*2133*1369.33**MC*5220129003513~NM1*QC*1*CRUZ*VANESSA*M***MR*K998994~NM1*82*1*HOOSHMAND-PARSI*KAYHOSROW****XX*1447291851~REF*EA*CA3F90ADF0AB4099BB390CDB5C642E67~DTM*232*20190925~DTM*233*20190925~SVC*HC:99204:25*205*149.59**1~DTM*472*20190925~CAS*CO*45*55.41~REF*6R*CPUH35VAHRWY~AMT*B6*149.59~LQ*HE*N381~SVC*HC:96372*32*0**0**1~DTM*472*20190925~CAS*CO*109*32~REF*6R*CPUH5R93W7MN~LQ*HE*N381~SVC*HC:J2315*1805*1189.4**380~DTM*472*20190925~CAS*CO*45*615.6~REF*6R*CPUHOQ0BBBJM~AMT*B6*1189.4~LQ*HE*N381~SVC*HC:H0049*36*10.92**1~DTM*472*20190925~CAS*CO*45*25.08~REF*6R*CPUH6OUPNDAD~AMT*B6*10.92~LQ*HE*N381~SVC*HC:G8510*40*11**1~DTM*472*20190925~CAS*CO*45*29~REF*6R*CPUHXE13G7CE~AMT*B6*11~LQ*HE*N381~SVC*HC:81025*15*8.42**1~DTM*472*20190925~CAS*CO*45*6.58~REF*6R*CPUHMJBZD0HW~AMT*B6*8.42~LQ*HE*N381~CLP*000100028070*22*-1986*-1294.93**MC*2020028060021~NM1*QC*1*DIAMOND*MICHELLE*R***MR*I424730~NM1*82*1*LUCAS*PEGGI*S***XX*1366419582~REF*EA*2F441895FC99413CB28D50BF5D521686~DTM*232*20200113~DTM*233*20200113~SVC*HC:99214:25*-134*-97.11**1~DTM*472*20200113~CAS*CO*45*-36.89~REF*6R*CPM2PF1ZYOOV~AMT*B6*97.11~LQ*HE*N77~LQ*HE*N381~SVC*HC:96372*-32*0**0**1~DTM*472*20200113~CAS*CO*109*-32~REF*6R*CPM2U2P8UUWN~LQ*HE*N77~LQ*HE*N381~SVC*HC:J2315*-1805*-1189.4**380~DTM*472*20200113~CAS*CO*45*-615.6~REF*6R*CPM2TRJ6IWC4~AMT*B6*1189.4~LQ*HE*N77~LQ*HE*N381~SVC*HC:81025*-15*-8.42**1~DTM*472*20200113~CAS*CO*45*-6.58~REF*6R*CPM2IMQTMNOO~AMT*B6*8.42~LQ*HE*N77~LQ*HE*N381~CLP*000100028070*1*1986*1363.33**MC*5220129001582~NM1*QC*1*DIAMOND*MICHELLE*R***MR*I424730~NM1*82*1*LUCAS*PEGGI*S***XX*1366419582~REF*EA*2F441895FC99413CB28D50BF5D521686~DTM*232*20200113~DTM*233*20200113~SVC*HC:99214:25*134*97.11**1~DTM*472*20200113~CAS*CO*45*36.89~REF*6R*CPM2PF1ZYOOV~AMT*B6*97.11~LQ*HE*N293~LQ*HE*N381~SVC*HC:96372*32*0**0**1~DTM*472*20200113~CAS*CO*109*32~REF*6R*CPM2U2P8UUWN~LQ*HE*N293~LQ*HE*N381~SVC*HC:J2315*1805*1257.8**380~DTM*472*20200113~CAS*CO*45*547.2~REF*6R*CPM2TRJ6IWC4~AMT*B6*1257.8~LQ*HE*N293~LQ*HE*N381~SVC*HC:81025*15*8.42**1~DTM*472*20200113~CAS*CO*45*6.58~REF*6R*CPM2IMQTMNOO~AMT*B6*8.42~LQ*HE*N293~LQ*HE*N381~CLP*000100026791*22*-2228*-1436.5**MC*5820106045887~NM1*QC*1*DIAMOND*MICHELLE*R***MR*I424730~NM1*82*1*LUCAS*PEGGI*S***XX*1366419582~REF*EA*0D4626AAA5C94833AD02253AE82FA757~DTM*232*20191216~DTM*233*20191216~SVC*HC:99205:25*-255*-186.33**1~DTM*472*20191216~CAS*CO*45*-68.67~REF*6R*CPOH76JNBE9X~AMT*B6*186.33~LQ*HE*N377~LQ*HE*N381~SVC*HC:99415*-45*-7.11**1~DTM*472*20191216~CAS*CO*45*-37.89~REF*6R*CPOHDKEWJRQK~AMT*B6*7.11~LQ*HE*N377~LQ*HE*N381~SVC*HC:96372*-32*0**0**1~DTM*472*20191216~CAS*CO*109*-32~REF*6R*CPOHJGSL1AQ1~LQ*HE*N377~LQ*HE*N381~SVC*HC:J2315*-1805*-1193.2**380~DTM*472*20191216~CAS*CO*45*-611.8~REF*6R*CPOHXW2ZG1QN~AMT*B6*1193.2~LQ*HE*N377~LQ*HE*N381~SVC*HC:H0049*-36*-10.92**1~DTM*472*20191216~CAS*CO*45*-25.08~REF*6R*CPOHFXCSJBRB~AMT*B6*10.92~LQ*HE*N377~LQ*HE*N381~SVC*HC:G8431*-40*-30.52**1~DTM*472*20191216~CAS*CO*45*-9.48~REF*6R*CPOHDTQ9WN42~AMT*B6*30.52~LQ*HE*N377~LQ*HE*N381~SVC*HC:81025*-15*-8.42**1~DTM*472*20191216~CAS*CO*45*-6.58~REF*6R*CPOH43UE5QL3~AMT*B6*8.42~LQ*HE*N377~LQ*HE*N381~CLP*000100026791*1*2228*1504.9**MC*5220129003858~NM1*QC*1*DIAMOND*MICHELLE*R***MR*I424730~NM1*82*1*LUCAS*PEGGI*S***XX*1366419582~REF*EA*0D4626AAA5C94833AD02253AE82FA757~DTM*232*20191216~DTM*233*20191216~SVC*HC:99205:25*255*186.33**1~DTM*472*20191216~CAS*CO*45*68.67~REF*6R*CPOH76JNBE9X~AMT*B6*186.33~LQ*HE*N381~SVC*HC:99415*45*7.11**1~DTM*472*20191216~CAS*CO*45*37.89~REF*6R*CPOHDKEWJRQK~AMT*B6*7.11~LQ*HE*N381~SVC*HC:96372*32*0**0**1~DTM*472*20191216~CAS*CO*109*32~REF*6R*CPOHJGSL1AQ1~LQ*HE*N381~SVC*HC:J2315*1805*1261.6**380~DTM*472*20191216~CAS*CO*45*543.4~REF*6R*CPOHXW2ZG1QN~AMT*B6*1261.6~LQ*HE*N381~SVC*HC:H0049*36*10.92**1~DTM*472*20191216~CAS*CO*45*25.08~REF*6R*CPOHFXCSJBRB~AMT*B6*10.92~LQ*HE*N381~SVC*HC:G8431*40*30.52**1~DTM*472*20191216~CAS*CO*45*9.48~REF*6R*CPOHDTQ9WN42~AMT*B6*30.52~LQ*HE*N381~SVC*HC:81025*15*8.42**1~DTM*472*20191216~CAS*CO*45*6.58~REF*6R*CPOH43UE5QL3~AMT*B6*8.42~LQ*HE*N381~CLP*000100027351*22*-2217*-1429.48**MC*2020013056962~NM1*QC*1*DURAN*MARIO****MR*J219178~NM1*82*1*LUCAS*PEGGI*S***XX*1366419582~REF*EA*124895D9D63645729CD22C826E7CD995~DTM*232*20191230~DTM*233*20191230~SVC*HC:99205:25*-255*-184.33**1~DTM*472*20191230~CAS*PR*3*-2~CAS*CO*45*-68.67~REF*6R*CPL6XKAG7EXT~AMT*B6*186.33~LQ*HE*N381~LQ*HE*N381~SVC*HC:99415*-45*-7.11**1~DTM*472*20191230~CAS*CO*45*-37.89~REF*6R*CPL6JZEXVHRY~AMT*B6*7.11~LQ*HE*N381~SVC*HC:96372*-32*0**0**1~DTM*472*20191230~CAS*CO*109*-32~REF*6R*CPL6AG4TU3VS~LQ*HE*N381~SVC*HC:J2315*-1805*-1193.2**380~DTM*472*20191230~CAS*CO*45*-611.8~REF*6R*CPL6B7LMVFW3~AMT*B6*1193.2~LQ*HE*N381~SVC*HC:H0049*-36*-10.92**1~DTM*472*20191230~CAS*CO*45*-25.08~REF*6R*CPL65VI6FA4Y~AMT*B6*10.92~LQ*HE*N381~SVC*HC:G8431*-40*-30.52**1~DTM*472*20191230~CAS*CO*45*-9.48~REF*6R*CPL64BCJD2ZH~AMT*B6*30.52~LQ*HE*N381~SVC*HC:81002*-4*-3.4**1~DTM*472*20191230~CAS*CO*45*-.6~REF*6R*CPL6YBBDXNHW~AMT*B6*3.4~LQ*HE*N381~CLP*000100027351*1*2217*1497.88*2*MC*5220129001412~NM1*QC*1*DURAN*MARIO****MR*J219178~NM1*82*1*LUCAS*PEGGI*S***XX*1366419582~REF*EA*124895D9D63645729CD22C826E7CD995~DTM*232*20191230~DTM*233*20191230~SVC*HC:99205:25*255*184.33**1~DTM*472*20191230~CAS*PR*3*2~CAS*CO*45*68.67~REF*6R*CPL6XKAG7EXT~AMT*B6*186.33~LQ*HE*N381~LQ*HE*N381~SVC*HC:99415*45*7.11**1~DTM*472*20191230~CAS*CO*45*37.89~REF*6R*CPL6JZEXVHRY~AMT*B6*7.11~LQ*HE*N381~SVC*HC:96372*32*0**0**1~DTM*472*20191230~CAS*CO*109*32~REF*6R*CPL6AG4TU3VS~LQ*HE*N381~SVC*HC:J2315*1805*1261.6**380~DTM*472*20191230~CAS*CO*45*543.4~REF*6R*CPL6B7LMVFW3~AMT*B6*1261.6~LQ*HE*N381~SVC*HC:H0049*36*10.92**1~DTM*472*20191230~CAS*CO*45*25.08~REF*6R*CPL65VI6FA4Y~AMT*B6*10.92~LQ*HE*N381~SVC*HC:G8431*40*30.52**1~DTM*472*20191230~CAS*CO*45*9.48~REF*6R*CPL64BCJD2ZH~AMT*B6*30.52~LQ*HE*N381~SVC*HC:81002*4*3.4**1~DTM*472*20191230~CAS*CO*45*.6~REF*6R*CPL6YBBDXNHW~AMT*B6*3.4~LQ*HE*N381~CLP*000100028846*22*-2217*-1427.68**MC*2020043044228~NM1*QC*1*EDWARDS*ODALE****MR*A536465~NM1*82*1*LUCAS*PEGGI*S***XX*1366419582~REF*EA*7C24CD42850948CEBE67C4D360AB28F2~DTM*232*20200127~DTM*233*20200127~SVC*HC:99205:25*-255*-186.33**1~DTM*472*20200127~CAS*CO*45*-68.67~REF*6R*CPVE77ULE0WB~AMT*B6*186.33~LQ*HE*N77~LQ*HE*N381~SVC*HC:99415*-45*-7.11**1~DTM*472*20200127~CAS*CO*45*-37.89~REF*6R*CPVEIUMRQ1KU~AMT*B6*7.11~LQ*HE*N77~LQ*HE*N381~SVC*HC:96372*-32*0**0**1~DTM*472*20200127~CAS*CO*109*-32~REF*6R*CPVERC23AQ36~LQ*HE*N77~LQ*HE*N381~SVC*HC:J2315*-1805*-1189.4**380~DTM*472*20200127~CAS*CO*45*-615.6~REF*6R*CPVE5YJSBSKR~AMT*B6*1189.4~LQ*HE*N77~LQ*HE*N381~SVC*HC:H0049*-36*-10.92**1~DTM*472*20200127~CAS*CO*45*-25.08~REF*6R*CPVEX88GWLUT~AMT*B6*10.92~LQ*HE*N77~LQ*HE*N381~SVC*HC:G8431*-40*-30.52**1~DTM*472*20200127~CAS*CO*45*-9.48~REF*6R*CPVEPRFXAZHH~AMT*B6*30.52~LQ*HE*N77~LQ*HE*N381~SVC*HC:81002*-4*-3.4**1~DTM*472*20200127~CAS*CO*45*-.6~REF*6R*CPVENVA24WHZ~AMT*B6*3.4~LQ*HE*N77~LQ*HE*N381~CLP*000100028846*1*2217*1496.08**MC*5220129002525~NM1*QC*1*EDWARDS*ODALE****MR*A536465~NM1*82*1*LUCAS*PEGGI*S***XX*1366419582~REF*EA*7C24CD42850948CEBE67C4D360AB28F2~DTM*232*20200127~DTM*233*20200127~SVC*HC:99205:25*255*186.33**1~DTM*472*20200127~CAS*CO*45*68.67~REF*6R*CPVE77ULE0WB~AMT*B6*186.33~LQ*HE*N293~LQ*HE*N381~SVC*HC:99415*45*7.11**1~DTM*472*20200127~CAS*CO*45*37.89~REF*6R*CPVEIUMRQ1KU~AMT*B6*7.11~LQ*HE*N293~LQ*HE*N381~SVC*HC:96372*32*0**0**1~DTM*472*20200127~CAS*CO*109*32~REF*6R*CPVERC23AQ36~LQ*HE*N293~LQ*HE*N381~SVC*HC:J2315*1805*1257.8**380~DTM*472*20200127~CAS*CO*45*547.2~REF*6R*CPVE5YJSBSKR~AMT*B6*1257.8~LQ*HE*N293~LQ*HE*N381~SVC*HC:H0049*36*10.92**1~DTM*472*20200127~CAS*CO*45*25.08~REF*6R*CPVEX88GWLUT~AMT*B6*10.92~LQ*HE*N293~LQ*HE*N381~SVC*HC:G8431*40*30.52**1~DTM*472*20200127~CAS*CO*45*9.48~REF*6R*CPVEPRFXAZHH~AMT*B6*30.52~LQ*HE*N293~LQ*HE*N381~SVC*HC:81002*4*3.4**1~DTM*472*20200127~CAS*CO*45*.6~REF*6R*CPVENVA24WHZ~AMT*B6*3.4~LQ*HE*N293~LQ*HE*N381~CLP*000100030351*22*-1971*-1286.51**MC*2020063053539~NM1*QC*1*EDWARDS*ODALE****MR*A536465~NM1*82*1*LUCAS*PEGGI*S***XX*1366419582~REF*EA*EF891E18BB52478F8819A61E6207B23B~DTM*232*20200224~DTM*233*20200224~SVC*HC:99214:25*-134*-97.11**1~DTM*472*20200224~CAS*CO*45*-36.89~REF*6R*CP46EQZJZBVQ~AMT*B6*97.11~LQ*HE*N77~LQ*HE*N381~SVC*HC:96372*-32*0**0**1~DTM*472*20200224~CAS*CO*109*-32~REF*6R*CP46GKUXD9NO~LQ*HE*N77~LQ*HE*N381~SVC*HC:J2315*-1805*-1189.4**380~DTM*472*20200224~CAS*CO*45*-615.6~REF*6R*CP46DN2UBLD6~AMT*B6*1189.4~LQ*HE*N77~LQ*HE*N381~CLP*000100030351*1*1971*1354.91**MC*5220129002880~NM1*QC*1*EDWARDS*ODALE****MR*A536465~NM1*82*1*LUCAS*PEGGI*S***XX*1366419582~REF*EA*EF891E18BB52478F8819A61E6207B23B~DTM*232*20200224~DTM*233*20200224~SVC*HC:99214:25*134*97.11**1~DTM*472*20200224~CAS*CO*45*36.89~REF*6R*CP46EQZJZBVQ~AMT*B6*97.11~LQ*HE*N293~LQ*HE*N381~SVC*HC:96372*32*0**0**1~DTM*472*20200224~CAS*CO*109*32~REF*6R*CP46GKUXD9NO~LQ*HE*N293~LQ*HE*N381~SVC*HC:J2315*1805*1257.8**380~DTM*472*20200224~CAS*CO*45*547.2~REF*6R*CP46DN2UBLD6~AMT*B6*1257.8~LQ*HE*N293~LQ*HE*N381~CLP*000100026065*22*-2017*-1323.19**MC*5820113006527~NM1*QC*1*ESPINOZA*ANDY****MR*T095634~NM1*82*1*ROBERTS*BRAD*A***XX*1538435698~REF*EA*2C9535718E4145979943F1C84226B6A2~DTM*232*20191203~DTM*233*20191203~SVC*HC:99215:25*-180*-129.99**1~DTM*472*20191203~CAS*CO*45*-50.01~REF*6R*CPND7MBEBDC5~AMT*B6*129.99~LQ*HE*N377~LQ*HE*N381~SVC*HC:96372*-32*0**0**1~DTM*472*20191203~CAS*CO*109*-32~REF*6R*CPND9GUAJOSM~LQ*HE*N377~LQ*HE*N381~SVC*HC:J2315*-1805*-1193.2**380~DTM*472*20191203~CAS*CO*45*-611.8~REF*6R*CPNDG36E598B~AMT*B6*1193.2~LQ*HE*N377~LQ*HE*N381~CLP*000100026065*1*2017*1391.59**MC*5220129004044~NM1*QC*1*ESPINOZA*ANDY****MR*T095634~NM1*82*1*ROBERTS*BRAD*A***XX*1538435698~REF*EA*2C9535718E4145979943F1C84226B6A2~DTM*232*20191203~DTM*233*20191203~SVC*HC:99215:25*180*129.99**1~DTM*472*20191203~CAS*CO*45*50.01~REF*6R*CPND7MBEBDC5~AMT*B6*129.99~LQ*HE*N381~SVC*HC:96372*32*0**0**1~DTM*472*20191203~CAS*CO*109*32~REF*6R*CPND9GUAJOSM~LQ*HE*N381~SVC*HC:J2315*1805*1261.6**380~DTM*472*20191203~CAS*CO*45*543.4~REF*6R*CPNDG36E598B~AMT*B6*1261.6~LQ*HE*N381~CLP*000100027363*22*-1942*-1267.43**MC*2020009071309~NM1*QC*1*FLUETT*SARAH****MR*O578292~NM1*82*1*LUCAS*PEGGI*S***XX*1366419582~REF*EA*C1E1BB43E30F49D7B11E9636707277B4~DTM*232*20191230~DTM*233*20191230~SVC*HC:99213:25*-90*-65.81**1~DTM*472*20191230~CAS*CO*45*-24.19~REF*6R*CPKU6LF1I474~AMT*B6*65.81~LQ*HE*N381~SVC*HC:96372*-32*0**0**1~DTM*472*20191230~CAS*CO*109*-32~REF*6R*CPKULT31EHBC~LQ*HE*N381~SVC*HC:J2315*-1805*-1193.2**380~DTM*472*20191230~CAS*CO*45*-611.8~REF*6R*CPKUAQRVLXRU~AMT*B6*1193.2~LQ*HE*N381~SVC*HC:81025*-15*-8.42**1~DTM*472*20191230~CAS*CO*45*-6.58~REF*6R*CPKU1I0NXIJJ~AMT*B6*8.42~LQ*HE*N381~CLP*000100027363*1*1942*1335.83**MC*5220129001397~NM1*QC*1*FLUETT*SARAH****MR*O578292~NM1*82*1*LUCAS*PEGGI*S***XX*1366419582~REF*EA*C1E1BB43E30F49D7B11E9636707277B4~DTM*232*20191230~DTM*233*20191230~SVC*HC:99213:25*90*65.81**1~DTM*472*20191230~CAS*CO*45*24.19~REF*6R*CPKU6LF1I474~AMT*B6*65.81~LQ*HE*N381~SVC*HC:96372*32*0**0**1~DTM*472*20191230~CAS*CO*109*32~REF*6R*CPKULT31EHBC~LQ*HE*N381~SVC*HC:J2315*1805*1261.6**380~DTM*472*20191230~CAS*CO*45*543.4~REF*6R*CPKUAQRVLXRU~AMT*B6*1261.6~LQ*HE*N381~SVC*HC:81025*15*8.42**1~DTM*472*20191230~CAS*CO*45*6.58~REF*6R*CPKU1I0NXIJJ~AMT*B6*8.42~LQ*HE*N381~CLP*000100028848*22*-1942*-1263.63**MC*2020045063624~NM1*QC*1*FLUETT*SARAH****MR*O578292~NM1*82*1*HOOSHMAND-PARSI*KAYHOSROW****XX*1447291851~REF*EA*0E442EC8D5B24DED8ACAE040F9591EB6~DTM*232*20200127~DTM*233*20200127~SVC*HC:99213:25*-90*-65.81**1~DTM*472*20200127~CAS*CO*45*-24.19~REF*6R*CPVYSGM0JNCV~AMT*B6*65.81~LQ*HE*N77~LQ*HE*N381~SVC*HC:96372*-32*0**0**1~DTM*472*20200127~CAS*CO*109*-32~REF*6R*CPVY1M5OT05X~LQ*HE*N77~LQ*HE*N381~SVC*HC:J2315*-1805*-1189.4**380~DTM*472*20200127~CAS*CO*45*-615.6~REF*6R*CPVYTN0BI3OW~AMT*B6*1189.4~LQ*HE*N77~LQ*HE*N381~SVC*HC:81025*-15*-8.42**1~DTM*472*20200127~CAS*CO*45*-6.58~REF*6R*CPVY4UHPFLGE~AMT*B6*8.42~LQ*HE*N77~LQ*HE*N381~CLP*000100028848*1*1942*1332.03**MC*5220129002624~NM1*QC*1*FLUETT*SARAH****MR*O578292~NM1*82*1*HOOSHMAND-PARSI*KAYHOSROW****XX*1447291851~REF*EA*0E442EC8D5B24DED8ACAE040F9591EB6~DTM*232*20200127~DTM*233*20200127~SVC*HC:99213:25*90*65.81**1~DTM*472*20200127~CAS*CO*45*24.19~REF*6R*CPVYSGM0JNCV~AMT*B6*65.81~LQ*HE*N293~LQ*HE*N381~SVC*HC:96372*32*0**0**1~DTM*472*20200127~CAS*CO*109*32~REF*6R*CPVY1M5OT05X~LQ*HE*N293~LQ*HE*N381~SVC*HC:J2315*1805*1257.8**380~DTM*472*20200127~CAS*CO*45*547.2~REF*6R*CPVYTN0BI3OW~AMT*B6*1257.8~LQ*HE*N293~LQ*HE*N381~SVC*HC:81025*15*8.42**1~DTM*472*20200127~CAS*CO*45*6.58~REF*6R*CPVY4UHPFLGE~AMT*B6*8.42~LQ*HE*N293~LQ*HE*N381~CLP*000100030356*22*-1942*-1263.63**MC*2020069057296~NM1*QC*1*FLUETT*SARAH****MR*O578292~NM1*82*1*HOOSHMAND-PARSI*KAYHOSROW****XX*1447291851~REF*EA*2BAFCE5712064CB3BDA30075ACC41615~DTM*232*20200224~DTM*233*20200224~SVC*HC:99213:25*-90*-65.81**1~DTM*472*20200224~CAS*CO*45*-24.19~REF*6R*CP4U4ATY24ZY~AMT*B6*65.81~LQ*HE*N77~LQ*HE*N381~SVC*HC:96372*-32*0**0**1~DTM*472*20200224~CAS*CO*109*-32~REF*6R*CP4UU7AWBMHZ~LQ*HE*N77~LQ*HE*N381~SVC*HC:J2315*-1805*-1189.4**380~DTM*472*20200224~CAS*CO*45*-615.6~REF*6R*CP4U24C5YGII~AMT*B6*1189.4~LQ*HE*N77~LQ*HE*N381~SVC*HC:81025*-15*-8.42**1~DTM*472*20200224~CAS*CO*45*-6.58~REF*6R*CP4UBBNGZCDL~AMT*B6*8.42~LQ*HE*N77~LQ*HE*N381~CLP*000100030356*1*1942*1332.03**MC*5220129003005~NM1*QC*1*FLUETT*SARAH****MR*O578292~NM1*82*1*HOOSHMAND-PARSI*KAYHOSROW****XX*1447291851~REF*EA*2BAFCE5712064CB3BDA30075ACC41615~DTM*232*20200224~DTM*233*20200224~SVC*HC:99213:25*90*65.81**1~DTM*472*20200224~CAS*CO*45*24.19~REF*6R*CP4U4ATY24ZY~AMT*B6*65.81~LQ*HE*N293~LQ*HE*N381~SVC*HC:96372*32*0**0**1~DTM*472*20200224~CAS*CO*109*32~REF*6R*CP4UU7AWBMHZ~LQ*HE*N293~LQ*HE*N381~SVC*HC:J2315*1805*1257.8**380~DTM*472*20200224~CAS*CO*45*547.2~REF*6R*CP4U24C5YGII~AMT*B6*1257.8~LQ*HE*N293~LQ*HE*N381~SVC*HC:81025*15*8.42**1~DTM*472*20200224~CAS*CO*45*6.58~REF*6R*CP4UBBNGZCDL~AMT*B6*8.42~LQ*HE*N293~LQ*HE*N381~CLP*000100032418*22*-1908.54*-39.39**MC*2020101044095~NM1*QC*1*FLUETT*SARAH****MR*O578292~NM1*82*1*HOOSHMAND-PARSI*KAYHOSROW****XX*1447291851~REF*EA*12CB7F69AD714063A29096B776653C73~DTM*232*20200330~DTM*233*20200330~SVC*HC:99212:25*-88.54*-39.39**1~DTM*472*20200330~CAS*CO*45*-49.15~REF*6R*CPFULNV8MK4B~AMT*B6*39.39~LQ*HE*N77~LQ*HE*N381~SVC*HC:J2315*-1805*0**0**380~DTM*472*20200330~CAS*PI*5*-1805~REF*6R*CPFUVPY38KCQ~LQ*HE*N77~LQ*HE*N95~LQ*HE*M77~SVC*HC:81025*-15*0**0**1~DTM*472*20200330~CAS*PI*5*-15~REF*6R*CPFUAM90KXIA~LQ*HE*N77~LQ*HE*M77~CLP*000100032418*1*1908.54*39.39**MC*5220129003670~NM1*QC*1*FLUETT*SARAH****MR*O578292~NM1*82*1*HOOSHMAND-PARSI*KAYHOSROW****XX*1447291851~REF*EA*12CB7F69AD714063A29096B776653C73~DTM*232*20200330~DTM*233*20200330~SVC*HC:99212:25*88.54*39.39**1~DTM*472*20200330~CAS*CO*45*49.15~REF*6R*CPFULNV8MK4B~AMT*B6*39.39~LQ*HE*N381~SVC*HC:J2315*1805*0**0**380~DTM*472*20200330~CAS*PI*5*1805~REF*6R*CPFUVPY38KCQ~LQ*HE*N95~LQ*HE*M77~SVC*HC:81025*15*0**0**1~DTM*472*20200330~CAS*PI*5*15~REF*6R*CPFUAM90KXIA~LQ*HE*M77~CLP*000100025967*22*-2178*-1399.76**MC*5820112043205~NM1*QC*1*FLUETT*SARAH****MR*O578292~NM1*82*1*HOOSHMAND-PARSI*KAYHOSROW****XX*1447291851~REF*EA*C653CE120DC44C2CBD2AE8607780DB2A~DTM*232*20191202~DTM*233*20191202~SVC*HC:99204:25*-205*-149.59**1~DTM*472*20191202~CAS*CO*45*-55.41~REF*6R*CPNDUGJGK8XX~AMT*B6*149.59~LQ*HE*N377~LQ*HE*N381~SVC*HC:99415*-45*-7.11**1~DTM*472*20191202~CAS*CO*45*-37.89~REF*6R*CPNDHP9H7REE~AMT*B6*7.11~LQ*HE*N377~LQ*HE*N381~SVC*HC:96372*-32*0**0**1~DTM*472*20191202~CAS*CO*109*-32~REF*6R*CPNDCQL51VGN~LQ*HE*N377~LQ*HE*N381~SVC*HC:J2315*-1805*-1193.2**380~DTM*472*20191202~CAS*CO*45*-611.8~REF*6R*CPNDZQWWUOMZ~AMT*B6*1193.2~LQ*HE*N377~LQ*HE*N381~SVC*HC:H0049*-36*-10.92**1~DTM*472*20191202~CAS*CO*45*-25.08~REF*6R*CPND1W33PBDP~AMT*B6*10.92~LQ*HE*N377~LQ*HE*N381~SVC*HC:G8431*-40*-30.52**1~DTM*472*20191202~CAS*CO*45*-9.48~REF*6R*CPNDV3WOD59G~AMT*B6*30.52~LQ*HE*N377~LQ*HE*N381~SVC*HC:81025*-15*-8.42**1~DTM*472*20191202~CAS*CO*45*-6.58~REF*6R*CPNDFOB91SEO~AMT*B6*8.42~LQ*HE*N377~LQ*HE*N381~CLP*000100025967*1*2178*1468.16**MC*5220129004024~NM1*QC*1*FLUETT*SARAH****MR*O578292~NM1*82*1*HOOSHMAND-PARSI*KAYHOSROW****XX*1447291851~REF*EA*C653CE120DC44C2CBD2AE8607780DB2A~DTM*232*20191202~DTM*233*20191202~SVC*HC:99204:25*205*149.59**1~DTM*472*20191202~CAS*CO*45*55.41~REF*6R*CPNDUGJGK8XX~AMT*B6*149.59~LQ*HE*N381~SVC*HC:99415*45*7.11**1~DTM*472*20191202~CAS*CO*45*37.89~REF*6R*CPNDHP9H7REE~AMT*B6*7.11~LQ*HE*N381~SVC*HC:96372*32*0**0**1~DTM*472*20191202~CAS*CO*109*32~REF*6R*CPNDCQL51VGN~LQ*HE*N381~SVC*HC:J2315*1805*1261.6**380~DTM*472*20191202~CAS*CO*45*543.4~REF*6R*CPNDZQWWUOMZ~AMT*B6*1261.6~LQ*HE*N381~SVC*HC:H0049*36*10.92**1~DTM*472*20191202~CAS*CO*45*25.08~REF*6R*CPND1W33PBDP~AMT*B6*10.92~LQ*HE*N381~SVC*HC:G8431*40*30.52**1~DTM*472*20191202~CAS*CO*45*9.48~REF*6R*CPNDV3WOD59G~AMT*B6*30.52~LQ*HE*N381~SVC*HC:81025*15*8.42**1~DTM*472*20191202~CAS*CO*45*6.58~REF*6R*CPNDFOB91SEO~AMT*B6*8.42~LQ*HE*N381~CLP*000100029726*22*-1975*-1289.91**MC*2020057036652~NM1*QC*1*GILMORE*BRIAN*W***MR*U569330~NM1*82*1*GRONEMEYER*LEANNE*R***XX*1659521045~REF*EA*28B07291ED154F739E7E19C4E3E498EA~DTM*232*20200211~DTM*233*20200211~SVC*HC:99214:25*-134*-97.11**1~DTM*472*20200211~CAS*CO*45*-36.89~REF*6R*CPWIJP3ZXKIP~AMT*B6*97.11~LQ*HE*N77~LQ*HE*N381~SVC*HC:96372*-32*0**0**1~DTM*472*20200211~CAS*CO*109*-32~REF*6R*CPWI42311ELV~LQ*HE*N77~LQ*HE*N381~SVC*HC:J2315*-1805*-1189.4**380~DTM*472*20200211~CAS*CO*45*-615.6~REF*6R*CPWI79I74MVC~AMT*B6*1189.4~LQ*HE*N77~LQ*HE*N381~SVC*HC:81002*-4*-3.4**1~DTM*472*20200211~CAS*CO*45*-.6~REF*6R*CPWIXZNQ8VG3~AMT*B6*3.4~LQ*HE*N77~LQ*HE*N381~CLP*000100029726*1*1975*1358.31**MC*5220129002772~NM1*QC*1*GILMORE*BRIAN*W***MR*U569330~NM1*82*1*GRONEMEYER*LEANNE*R***XX*1659521045~REF*EA*28B07291ED154F739E7E19C4E3E498EA~DTM*232*20200211~DTM*233*20200211~SVC*HC:99214:25*134*97.11**1~DTM*472*20200211~CAS*CO*45*36.89~REF*6R*CPWIJP3ZXKIP~AMT*B6*97.11~LQ*HE*N293~LQ*HE*N381~SVC*HC:96372*32*0**0**1~DTM*472*20200211~CAS*CO*109*32~REF*6R*CPWI42311ELV~LQ*HE*N293~LQ*HE*N381~SVC*HC:J2315*1805*1257.8**380~DTM*472*20200211~CAS*CO*45*547.2~REF*6R*CPWI79I74MVC~AMT*B6*1257.8~LQ*HE*N293~LQ*HE*N381~SVC*HC:81002*4*3.4**1~DTM*472*20200211~CAS*CO*45*.6~REF*6R*CPWIXZNQ8VG3~AMT*B6*3.4~LQ*HE*N293~LQ*HE*N381~CLP*000100031004*22*-2279.99*-1430.7**MC*2020083045211~NM1*QC*1*GOGARTY*NATASHA*B***MR*V071476~NM1*82*1*SEARLES*DENISE*A***XX*1396971230~REF*EA*C6F38405C1A24A27A9B3A06F81060283~DTM*232*20200305~DTM*233*20200305~SVC*HC:99205:25*-255*-184.33**1~DTM*472*20200305~CAS*PR*3*-2~CAS*CO*45*-68.67~REF*6R*CP66CKE5SYEJ~AMT*B6*186.33~LQ*HE*N77~LQ*HE*N381~LQ*HE*N381~SVC*HC:99415*-45*-7.11**1~DTM*472*20200305~CAS*CO*45*-37.89~REF*6R*CP66GDYN3BJC~AMT*B6*7.11~LQ*HE*N77~LQ*HE*N381~SVC*HC:96372*-83.99*0**0**1~DTM*472*20200305~CAS*CO*109*-83.99~REF*6R*CP66SVGEODTP~LQ*HE*N77~LQ*HE*N381~SVC*HC:J2315*-1805*-1189.4**380~DTM*472*20200305~CAS*CO*45*-615.6~REF*6R*CP66T46PY4R1~AMT*B6*1189.4~LQ*HE*N77~LQ*HE*N381~SVC*HC:H0049*-36*-10.92**1~DTM*472*20200305~CAS*CO*45*-25.08~REF*6R*CP665L8MHKAW~AMT*B6*10.92~LQ*HE*N77~LQ*HE*N381~SVC*HC:G8431*-40*-30.52**1~DTM*472*20200305~CAS*CO*45*-9.48~REF*6R*CP66CY1PR4HN~AMT*B6*30.52~LQ*HE*N77~LQ*HE*N381~SVC*HC:81025*-15*-8.42**1~DTM*472*20200305~CAS*CO*45*-6.58~REF*6R*CP66M773GF2B~AMT*B6*8.42~LQ*HE*N77~LQ*HE*N381~CLP*000100031004*1*2279.99*1499.1*2*MC*5220129003255~NM1*QC*1*GOGARTY*NATASHA*B***MR*V071476~NM1*82*1*SEARLES*DENISE*A***XX*1396971230~REF*EA*C6F38405C1A24A27A9B3A06F81060283~DTM*232*20200305~DTM*233*20200305~SVC*HC:99205:25*255*184.33**1~DTM*472*20200305~CAS*PR*3*2~CAS*CO*45*68.67~REF*6R*CP66CKE5SYEJ~AMT*B6*186.33~LQ*HE*N381~LQ*HE*N381~SVC*HC:99415*45*7.11**1~DTM*472*20200305~CAS*CO*45*37.89~REF*6R*CP66GDYN3BJC~AMT*B6*7.11~LQ*HE*N381~SVC*HC:96372*83.99*0**0**1~DTM*472*20200305~CAS*CO*109*83.99~REF*6R*CP66SVGEODTP~LQ*HE*N381~SVC*HC:J2315*1805*1257.8**380~DTM*472*20200305~CAS*CO*45*547.2~REF*6R*CP66T46PY4R1~AMT*B6*1257.8~LQ*HE*N381~SVC*HC:H0049*36*10.92**1~DTM*472*20200305~CAS*CO*45*25.08~REF*6R*CP665L8MHKAW~AMT*B6*10.92~LQ*HE*N381~SVC*HC:G8431*40*30.52**1~DTM*472*20200305~CAS*CO*45*9.48~REF*6R*CP66CY1PR4HN~AMT*B6*30.52~LQ*HE*N381~SVC*HC:81025*15*8.42**1~DTM*472*20200305~CAS*CO*45*6.58~REF*6R*CP66M773GF2B~AMT*B6*8.42~LQ*HE*N381~CLP*000100028862*22*-1975*-1289.91**MC*2020043044016~NM1*QC*1*GOIN*JOSHUA****MR*G127292~NM1*82*1*LUCAS*PEGGI*S***XX*1366419582~REF*EA*D64F8E93E8374E01AE0E42340BC2E7BF~DTM*232*20200127~DTM*233*20200127~SVC*HC:99214:25*-134*-97.11**1~DTM*472*20200127~CAS*CO*45*-36.89~REF*6R*CPVEDPWUZ2PU~AMT*B6*97.11~LQ*HE*N77~LQ*HE*N381~SVC*HC:96372*-32*0**0**1~DTM*472*20200127~CAS*CO*109*-32~REF*6R*CPVEKI1XB8PN~LQ*HE*N77~LQ*HE*N381~SVC*HC:J2315*-1805*-1189.4**380~DTM*472*20200127~CAS*CO*45*-615.6~REF*6R*CPVEGTR6HTD8~AMT*B6*1189.4~LQ*HE*N77~LQ*HE*N381~SVC*HC:81002*-4*-3.4**1~DTM*472*20200127~CAS*CO*45*-.6~REF*6R*CPVEGXXN914E~AMT*B6*3.4~LQ*HE*N77~LQ*HE*N381~CLP*000100028862*1*1975*1358.31**MC*5220129002524~NM1*QC*1*GOIN*JOSHUA****MR*G127292~NM1*82*1*LUCAS*PEGGI*S***XX*1366419582~REF*EA*D64F8E93E8374E01AE0E42340BC2E7BF~DTM*232*20200127~DTM*233*20200127~SVC*HC:99214:25*134*97.11**1~DTM*472*20200127~CAS*CO*45*36.89~REF*6R*CPVEDPWUZ2PU~AMT*B6*97.11~LQ*HE*N293~LQ*HE*N381~SVC*HC:96372*32*0**0**1~DTM*472*20200127~CAS*CO*109*32~REF*6R*CPVEKI1XB8PN~LQ*HE*N293~LQ*HE*N381~SVC*HC:J2315*1805*1257.8**380~DTM*472*20200127~CAS*CO*45*547.2~REF*6R*CPVEGTR6HTD8~AMT*B6*1257.8~LQ*HE*N293~LQ*HE*N381~SVC*HC:81002*4*3.4**1~DTM*472*20200127~CAS*CO*45*.6~REF*6R*CPVEGXXN914E~AMT*B6*3.4~LQ*HE*N293~LQ*HE*N381~CLP*000100027333*22*-1837*-1193.2**MC*2020069057247~NM1*QC*1*GOIN*JOSHUA****MR*G127292~NM1*82*1*LUCAS*PEGGI*S***XX*1366419582~REF*EA*7909234DF0384A45AD14926CF2674B2D~DTM*232*20191230~DTM*233*20191230~SVC*HC:96372*-32*0**0**1~DTM*472*20191230~CAS*CO*109*-32~REF*6R*CP4YR5G3ZR2D~LQ*HE*N77~LQ*HE*N381~SVC*HC:J2315*-1805*-1193.2**380~DTM*472*20191230~CAS*CO*45*-611.8~REF*6R*CP4YNNETMY44~AMT*B6*1193.2~LQ*HE*N77~LQ*HE*N381~CLP*000100027333*1*1837*1261.6**MC*5220129002997~NM1*QC*1*GOIN*JOSHUA****MR*G127292~NM1*82*1*LUCAS*PEGGI*S***XX*1366419582~REF*EA*7909234DF0384A45AD14926CF2674B2D~DTM*232*20191230~DTM*233*20191230~SVC*HC:96372*32*0**0**1~DTM*472*20191230~CAS*CO*109*32~REF*6R*CP4YR5G3ZR2D~LQ*HE*N293~LQ*HE*N381~SVC*HC:J2315*1805*1261.6**380~DTM*472*20191230~CAS*CO*45*543.4~REF*6R*CP4YNNETMY44~AMT*B6*1261.6~LQ*HE*N293~LQ*HE*N381~CLP*000100025985*22*-1837*-1193.2**MC*2020069057248~NM1*QC*1*GOIN*JOSHUA****MR*G127292~NM1*82*1*HOOSHMAND-PARSI*KAYHOSROW****XX*1447291851~REF*EA*C46D5C061AA44F27A0EB318B89F89FEE~DTM*232*20191202~DTM*233*20191202~SVC*HC:96372*-32*0**0**1~DTM*472*20191202~CAS*CO*109*-32~REF*6R*CP4Y985NW5F6~LQ*HE*N77~LQ*HE*N381~SVC*HC:J2315*-1805*-1193.2**380~DTM*472*20191202~CAS*CO*45*-611.8~REF*6R*CP4YWK4CJU5Z~AMT*B6*1193.2~LQ*HE*N77~LQ*HE*N381~CLP*000100025985*1*1837*1261.6**MC*5220129002998~NM1*QC*1*GOIN*JOSHUA****MR*G127292~NM1*82*1*HOOSHMAND-PARSI*KAYHOSROW****XX*1447291851~REF*EA*C46D5C061AA44F27A0EB318B89F89FEE~DTM*232*20191202~DTM*233*20191202~SVC*HC:96372*32*0**0**1~DTM*472*20191202~CAS*CO*109*32~REF*6R*CP4Y985NW5F6~LQ*HE*N293~LQ*HE*N381~SVC*HC:J2315*1805*1261.6**380~DTM*472*20191202~CAS*CO*45*543.4~REF*6R*CP4YWK4CJU5Z~AMT*B6*1261.6~LQ*HE*N293~LQ*HE*N381~CLP*000100030397*22*-1971*-1302.18**MC*5220086002269~NM1*QC*1*GOIN*JOSHUA****MR*G127292~NM1*82*1*LUCAS*PEGGI*S***XX*1366419582~REF*EA*DD28FA1FAF10417EBD5F8629E4663DD2~DTM*232*20200224~DTM*233*20200224~SVC*HC:99214:25*-134*-97.11**1~DTM*472*20200224~CAS*CO*45*-36.89~REF*6R*CP4USW4ZY1Q0~AMT*B6*97.11~LQ*HE*N77~LQ*HE*N381~SVC*HC:96372*-32*-15.67**1~DTM*472*20200224~CAS*CO*45*-16.33~REF*6R*CP4U0IWEQ6SU~AMT*B6*15.67~LQ*HE*N77~LQ*HE*N381~SVC*HC:J2315*-1805*-1189.4**380~DTM*472*20200224~CAS*CO*45*-615.6~REF*6R*CP4UCF3PBFNN~AMT*B6*1189.4~LQ*HE*N77~LQ*HE*N381~CLP*000100030397*1*1971*1370.58**MC*5220129003298~NM1*QC*1*GOIN*JOSHUA****MR*G127292~NM1*82*1*LUCAS*PEGGI*S***XX*1366419582~REF*EA*DD28FA1FAF10417EBD5F8629E4663DD2~DTM*232*20200224~DTM*233*20200224~SVC*HC:99214:25*134*97.11**1~DTM*472*20200224~CAS*CO*45*36.89~REF*6R*CP4USW4ZY1Q0~AMT*B6*97.11~LQ*HE*N293~LQ*HE*N381~SVC*HC:96372*32*15.67**1~DTM*472*20200224~CAS*CO*45*16.33~REF*6R*CP4U0IWEQ6SU~AMT*B6*15.67~LQ*HE*N293~LQ*HE*N381~SVC*HC:J2315*1805*1257.8**380~DTM*472*20200224~CAS*CO*45*547.2~REF*6R*CP4UCF3PBFNN~AMT*B6*1257.8~LQ*HE*N293~LQ*HE*N381~CLP*000100031936*22*-2003*-1277.13**MC*2020105042302~NM1*QC*1*GOIN*JOSHUA****MR*G127292~NM1*82*1*HOOSHMAND-PARSI*KAYHOSROW****XX*1447291851~REF*EA*DBF1B54BEAD044DD8EB303F98A266379~DTM*232*20200323~DTM*233*20200323~SVC*HC:99213:25*-90*-65.81**1~DTM*472*20200323~CAS*CO*45*-24.19~REF*6R*CPFYJHGDNA7Z~AMT*B6*65.81~LQ*HE*N77~LQ*HE*N381~SVC*HC:96372*-32*0**0**1~DTM*472*20200323~CAS*CO*109*-32~REF*6R*CPFYR4LPSCSD~LQ*HE*N77~LQ*HE*N381~SVC*HC:J2315*-1805*-1189.4**380~DTM*472*20200323~CAS*CO*45*-615.6~REF*6R*CPFYVZDXZCSC~AMT*B6*1189.4~LQ*HE*N77~LQ*HE*N381~SVC*HC:H0049*-36*-10.92**1~DTM*472*20200323~CAS*CO*45*-25.08~REF*6R*CPFY51J1EE0A~AMT*B6*10.92~LQ*HE*N77~LQ*HE*N381~SVC*HC:G8510*-40*-11**1~DTM*472*20200323~CAS*CO*45*-29~REF*6R*CPFYRI1E5MT6~AMT*B6*11~LQ*HE*N77~LQ*HE*N381~CLP*000100031936*1*2003*1345.53**MC*5220129003757~NM1*QC*1*GOIN*JOSHUA****MR*G127292~NM1*82*1*HOOSHMAND-PARSI*KAYHOSROW****XX*1447291851~REF*EA*DBF1B54BEAD044DD8EB303F98A266379~DTM*232*20200323~DTM*233*20200323~SVC*HC:99213:25*90*65.81**1~DTM*472*20200323~CAS*CO*45*24.19~REF*6R*CPFYJHGDNA7Z~AMT*B6*65.81~LQ*HE*N381~SVC*HC:96372*32*0**0**1~DTM*472*20200323~CAS*CO*109*32~REF*6R*CPFYR4LPSCSD~LQ*HE*N381~SVC*HC:J2315*1805*1257.8**380~DTM*472*20200323~CAS*CO*45*547.2~REF*6R*CPFYVZDXZCSC~AMT*B6*1257.8~LQ*HE*N381~SVC*HC:H0049*36*10.92**1~DTM*472*20200323~CAS*CO*45*25.08~REF*6R*CPFY51J1EE0A~AMT*B6*10.92~LQ*HE*N381~SVC*HC:G8510*40*11**1~DTM*472*20200323~CAS*CO*45*29~REF*6R*CPFYRI1E5MT6~AMT*B6*11~LQ*HE*N381~CLP*000100023607*22*-1971*-1290.31**MC*5820112034553~NM1*QC*1*GOIN*JOSHUA****MR*G127292~NM1*82*1*LUCAS*PEGGI*S***XX*1366419582~REF*EA*25EEC4A3F34E40199C25A28A1EB6C3C2~DTM*232*20191014~DTM*233*20191014~SVC*HC:99214:25*-134*-97.11**1~DTM*472*20191014~CAS*CO*45*-36.89~REF*6R*CP39D7JRDC5H~AMT*B6*97.11~LQ*HE*N377~LQ*HE*N381~SVC*HC:96372*-32*0**0**1~DTM*472*20191014~CAS*CO*109*-32~REF*6R*CP39BVJFQEI9~LQ*HE*N377~LQ*HE*N381~SVC*HC:J2315*-1805*-1193.2**380~DTM*472*20191014~CAS*CO*45*-611.8~REF*6R*CP390AOW6S8V~AMT*B6*1193.2~LQ*HE*N377~LQ*HE*N381~CLP*000100023607*1*1971*1290.31**MC*5220129004003~NM1*QC*1*GOIN*JOSHUA****MR*G127292~NM1*82*1*LUCAS*PEGGI*S***XX*1366419582~REF*EA*25EEC4A3F34E40199C25A28A1EB6C3C2~DTM*232*20191014~DTM*233*20191014~SVC*HC:99214:25*134*97.11**1~DTM*472*20191014~CAS*CO*45*36.89~REF*6R*CP39D7JRDC5H~AMT*B6*97.11~LQ*HE*N381~SVC*HC:96372*32*0**0**1~DTM*472*20191014~CAS*CO*109*32~REF*6R*CP39BVJFQEI9~LQ*HE*N381~SVC*HC:J2315*1805*1193.2**380~DTM*472*20191014~CAS*CO*45*611.8~REF*6R*CP390AOW6S8V~AMT*B6*1193.2~LQ*HE*N381~CLP*000100024974*22*-1971*-1290.31**MC*5820112041704~NM1*QC*1*GOIN*JOSHUA****MR*G127292~NM1*82*1*LUCAS*PEGGI*S***XX*1366419582~REF*EA*B061EB5757304A6CAA2AF163471D2F70~DTM*232*20191111~DTM*233*20191111~SVC*HC:99214:25*-134*-97.11**1~DTM*472*20191111~CAS*CO*45*-36.89~REF*6R*CPDTS7U8753L~AMT*B6*97.11~LQ*HE*N377~LQ*HE*N381~SVC*HC:96372*-32*0**0**1~DTM*472*20191111~CAS*CO*109*-32~REF*6R*CPDTK56YATOC~LQ*HE*N377~LQ*HE*N381~SVC*HC:J2315*-1805*-1193.2**380~DTM*472*20191111~CAS*CO*45*-611.8~REF*6R*CPDTGJCNAZEH~AMT*B6*1193.2~LQ*HE*N377~LQ*HE*N381~CLP*000100024974*1*1971*1290.31**MC*5220129004019~NM1*QC*1*GOIN*JOSHUA****MR*G127292~NM1*82*1*LUCAS*PEGGI*S***XX*1366419582~REF*EA*B061EB5757304A6CAA2AF163471D2F70~DTM*232*20191111~DTM*233*20191111~SVC*HC:99214:25*134*97.11**1~DTM*472*20191111~CAS*CO*45*36.89~REF*6R*CPDTS7U8753L~AMT*B6*97.11~LQ*HE*N381~SVC*HC:96372*32*0**0**1~DTM*472*20191111~CAS*CO*109*32~REF*6R*CPDTK56YATOC~LQ*HE*N381~SVC*HC:J2315*1805*1193.2**380~DTM*472*20191111~CAS*CO*45*611.8~REF*6R*CPDTGJCNAZEH~AMT*B6*1193.2~LQ*HE*N381~CLP*000100027955*22*-1986*-1294.93**MC*2020023037125~NM1*QC*1*GONZALES*CRYSTAL*D***MR*M921754~NM1*82*1*SEARLES*DENISE*A***XX*1396971230~REF*EA*B6BA644C8593493994C85D76E0E06CB7~DTM*232*20200110~DTM*233*20200110~SVC*HC:99214:25*-134*-97.11**1~DTM*472*20200110~CAS*CO*45*-36.89~REF*6R*CPM6VXSJZR4W~AMT*B6*97.11~LQ*HE*N381~SVC*HC:96372*-32*0**0**1~DTM*472*20200110~CAS*CO*109*-32~REF*6R*CPM6AAQWK3HB~LQ*HE*N381~SVC*HC:J2315*-1805*-1189.4**380~DTM*472*20200110~CAS*CO*45*-615.6~REF*6R*CPM6YOS35DEQ~AMT*B6*1189.4~LQ*HE*N381~SVC*HC:81025*-15*-8.42**1~DTM*472*20200110~CAS*CO*45*-6.58~REF*6R*CPM6DCLSSNII~AMT*B6*8.42~LQ*HE*N381~CLP*000100027955*1*1986*1363.33**MC*5220129001506~NM1*QC*1*GONZALES*CRYSTAL*D***MR*M921754~NM1*82*1*SEARLES*DENISE*A***XX*1396971230~REF*EA*B6BA644C8593493994C85D76E0E06CB7~DTM*232*20200110~DTM*233*20200110~SVC*HC:99214:25*134*97.11**1~DTM*472*20200110~CAS*CO*45*36.89~REF*6R*CPM6VXSJZR4W~AMT*B6*97.11~LQ*HE*N381~SVC*HC:96372*32*0**0**1~DTM*472*20200110~CAS*CO*109*32~REF*6R*CPM6AAQWK3HB~LQ*HE*N381~SVC*HC:J2315*1805*1257.8**380~DTM*472*20200110~CAS*CO*45*547.2~REF*6R*CPM6YOS35DEQ~AMT*B6*1257.8~LQ*HE*N381~SVC*HC:81025*15*8.42**1~DTM*472*20200110~CAS*CO*45*6.58~REF*6R*CPM6DCLSSNII~AMT*B6*8.42~LQ*HE*N381~CLP*000100029975*22*-1986*-1294.93**MC*2020052103789~NM1*QC*1*GONZALES*CRYSTAL*D***MR*M921754~NM1*82*1*SEARLES*DENISE*A***XX*1396971230~REF*EA*3E86DB2EDEC449D5B120513D6D8526CA~DTM*232*20200214~DTM*233*20200214~SVC*HC:99214:25*-134*-97.11**1~DTM*472*20200214~CAS*CO*45*-36.89~REF*6R*CPWMZTSN8GTG~AMT*B6*97.11~LQ*HE*N77~LQ*HE*N381~SVC*HC:96372*-32*0**0**1~DTM*472*20200214~CAS*CO*109*-32~REF*6R*CPWMQJUAZQJG~LQ*HE*N77~LQ*HE*N381~SVC*HC:J2315*-1805*-1189.4**380~DTM*472*20200214~CAS*CO*45*-615.6~REF*6R*CPWMBK8CL0UD~AMT*B6*1189.4~LQ*HE*N77~LQ*HE*N381~SVC*HC:81025*-15*-8.42**1~DTM*472*20200214~CAS*CO*45*-6.58~REF*6R*CPWMVOM9MQZJ~AMT*B6*8.42~LQ*HE*N77~LQ*HE*N381~CLP*000100029975*1*1986*1363.33**MC*5220129002736~NM1*QC*1*GONZALES*CRYSTAL*D***MR*M921754~NM1*82*1*SEARLES*DENISE*A***XX*1396971230~REF*EA*3E86DB2EDEC449D5B120513D6D8526CA~DTM*232*20200214~DTM*233*20200214~SVC*HC:99214:25*134*97.11**1~DTM*472*20200214~CAS*CO*45*36.89~REF*6R*CPWMZTSN8GTG~AMT*B6*97.11~LQ*HE*N293~LQ*HE*N381~SVC*HC:96372*32*0**0**1~DTM*472*20200214~CAS*CO*109*32~REF*6R*CPWMQJUAZQJG~LQ*HE*N293~LQ*HE*N381~SVC*HC:J2315*1805*1257.8**380~DTM*472*20200214~CAS*CO*45*547.2~REF*6R*CPWMBK8CL0UD~AMT*B6*1257.8~LQ*HE*N293~LQ*HE*N381~SVC*HC:81025*15*8.42**1~DTM*472*20200214~CAS*CO*45*6.58~REF*6R*CPWMVOM9MQZJ~AMT*B6*8.42~LQ*HE*N293~LQ*HE*N381~CLP*000100031489*22*-1986*-1294.93**MC*2020087054311~NM1*QC*1*GONZALES*CRYSTAL*D***MR*M921754~NM1*82*1*SEARLES*DENISE*A***XX*1396971230~REF*EA*3691570F6C73484AAAC462699A0731DE~DTM*232*20200313~DTM*233*20200313~SVC*HC:99214:25*-134*-97.11**1~DTM*472*20200313~CAS*CO*45*-36.89~REF*6R*CP6AEW5GWD6W~AMT*B6*97.11~LQ*HE*N77~LQ*HE*N381~SVC*HC:96372*-32*0**0**1~DTM*472*20200313~CAS*CO*109*-32~REF*6R*CP6AC4GUIQXJ~LQ*HE*N77~LQ*HE*N381~SVC*HC:J2315*-1805*-1189.4**380~DTM*472*20200313~CAS*CO*45*-615.6~REF*6R*CP6AMPRZ13YZ~AMT*B6*1189.4~LQ*HE*N77~LQ*HE*N381~SVC*HC:81025*-15*-8.42**1~DTM*472*20200313~CAS*CO*45*-6.58~REF*6R*CP6ADK7EZADH~AMT*B6*8.42~LQ*HE*N77~LQ*HE*N381~CLP*000100031489*1*1986*1363.33**MC*5220129003345~NM1*QC*1*GONZALES*CRYSTAL*D***MR*M921754~NM1*82*1*SEARLES*DENISE*A***XX*1396971230~REF*EA*3691570F6C73484AAAC462699A0731DE~DTM*232*20200313~DTM*233*20200313~SVC*HC:99214:25*134*97.11**1~DTM*472*20200313~CAS*CO*45*36.89~REF*6R*CP6AEW5GWD6W~AMT*B6*97.11~LQ*HE*N381~SVC*HC:96372*32*0**0**1~DTM*472*20200313~CAS*CO*109*32~REF*6R*CP6AC4GUIQXJ~LQ*HE*N381~SVC*HC:J2315*1805*1257.8**380~DTM*472*20200313~CAS*CO*45*547.2~REF*6R*CP6AMPRZ13YZ~AMT*B6*1257.8~LQ*HE*N381~SVC*HC:81025*15*8.42**1~DTM*472*20200313~CAS*CO*45*6.58~REF*6R*CP6ADK7EZADH~AMT*B6*8.42~LQ*HE*N381~CLP*000100032987*22*-1903.99*-1185.6**MC*2020115045252~NM1*QC*1*GONZALES*CRYSTAL*D***MR*M921754~NM1*82*1*SEARLES*DENISE*A***XX*1396971230~REF*EA*BBFA586129644CC0842ED6AD41F32F65~DTM*232*20200409~DTM*233*20200409~SVC*HC:96372*-83.99*0**0**1~DTM*472*20200409~CAS*CO*109*-83.99~REF*6R*CPGYAKFMVLRE~LQ*HE*N77~LQ*HE*N381~SVC*HC:J2315*-1805*-1185.6**380~DTM*472*20200409~CAS*CO*45*-619.4~REF*6R*CPGY9MUY18NN~AMT*B6*1185.6~LQ*HE*N77~LQ*HE*N381~SVC*HC:81025*-15*0**0**1~DTM*472*20200409~CAS*PI*5*-15~REF*6R*CPGYNAHXULBK~LQ*HE*N77~LQ*HE*M77~LQ*HE*M77~CLP*000100032987*1*1903.99*1254**MC*5220129004134~NM1*QC*1*GONZALES*CRYSTAL*D***MR*M921754~NM1*82*1*SEARLES*DENISE*A***XX*1396971230~REF*EA*BBFA586129644CC0842ED6AD41F32F65~DTM*232*20200409~DTM*233*20200409~SVC*HC:96372*83.99*0**0**1~DTM*472*20200409~CAS*CO*109*83.99~REF*6R*CPGYAKFMVLRE~LQ*HE*N381~SVC*HC:J2315*1805*1254**380~DTM*472*20200409~CAS*CO*45*551~REF*6R*CPGY9MUY18NN~AMT*B6*1254~LQ*HE*N381~SVC*HC:81025*15*0**0**1~DTM*472*20200409~CAS*PI*5*15~REF*6R*CPGYNAHXULBK~LQ*HE*M77~LQ*HE*M77~CLP*000100026656*22*-2228*-1436.5**MC*5820106002684~NM1*QC*1*GOODRICH*SAMANTHA*J***MR*Y525222~NM1*82*1*SEARLES*DENISE*A***XX*1396971230~REF*EA*2FBAD4171BE443B4BB17E5ED282A1E93~DTM*232*20191212~DTM*233*20191212~SVC*HC:99205:25*-255*-186.33**1~DTM*472*20191212~CAS*CO*45*-68.67~REF*6R*CPOTKU2TJGE0~AMT*B6*186.33~LQ*HE*N377~LQ*HE*N381~SVC*HC:99415*-45*-7.11**1~DTM*472*20191212~CAS*CO*45*-37.89~REF*6R*CPOTYZA815NN~AMT*B6*7.11~LQ*HE*N377~LQ*HE*N381~SVC*HC:96372*-32*0**0**1~DTM*472*20191212~CAS*CO*109*-32~REF*6R*CPOTW7TSO143~LQ*HE*N377~LQ*HE*N381~SVC*HC:J2315*-1805*-1193.2**380~DTM*472*20191212~CAS*CO*45*-611.8~REF*6R*CPOTDW4PLWUQ~AMT*B6*1193.2~LQ*HE*N377~LQ*HE*N381~SVC*HC:H0049*-36*-10.92**1~DTM*472*20191212~CAS*CO*45*-25.08~REF*6R*CPOTOJ44Q8I7~AMT*B6*10.92~LQ*HE*N377~LQ*HE*N381~SVC*HC:G8431*-40*-30.52**1~DTM*472*20191212~CAS*CO*45*-9.48~REF*6R*CPOTQA0M7PUE~AMT*B6*30.52~LQ*HE*N377~LQ*HE*N381~SVC*HC:81025*-15*-8.42**1~DTM*472*20191212~CAS*CO*45*-6.58~REF*6R*CPOT54D572F9~AMT*B6*8.42~LQ*HE*N377~LQ*HE*N381~CLP*000100026656*1*2228*1504.9**MC*5220129003762~NM1*QC*1*GOODRICH*SAMANTHA*J***MR*Y525222~NM1*82*1*SEARLES*DENISE*A***XX*1396971230~REF*EA*2FBAD4171BE443B4BB17E5ED282A1E93~DTM*232*20191212~DTM*233*20191212~SVC*HC:99205:25*255*186.33**1~DTM*472*20191212~CAS*CO*45*68.67~REF*6R*CPOTKU2TJGE0~AMT*B6*186.33~LQ*HE*N381~SVC*HC:99415*45*7.11**1~DTM*472*20191212~CAS*CO*45*37.89~REF*6R*CPOTYZA815NN~AMT*B6*7.11~LQ*HE*N381~SVC*HC:96372*32*0**0**1~DTM*472*20191212~CAS*CO*109*32~REF*6R*CPOTW7TSO143~LQ*HE*N381~SVC*HC:J2315*1805*1261.6**380~DTM*472*20191212~CAS*CO*45*543.4~REF*6R*CPOTDW4PLWUQ~AMT*B6*1261.6~LQ*HE*N381~SVC*HC:H0049*36*10.92**1~DTM*472*20191212~CAS*CO*45*25.08~REF*6R*CPOTOJ44Q8I7~AMT*B6*10.92~LQ*HE*N381~SVC*HC:G8431*40*30.52**1~DTM*472*20191212~CAS*CO*45*9.48~REF*6R*CPOTQA0M7PUE~AMT*B6*30.52~LQ*HE*N381~SVC*HC:81025*15*8.42**1~DTM*472*20191212~CAS*CO*45*6.58~REF*6R*CPOT54D572F9~AMT*B6*8.42~LQ*HE*N381~CLP*000100027678*22*-2228*-1432.7**MC*2020035060477~NM1*QC*1*GRAHAM*NICOL****MR*H050791~NM1*82*1*LUCAS*PEGGI*S***XX*1366419582~REF*EA*A1A9A7B7D96A474E986B4C6295A6B17B~DTM*232*20200106~DTM*233*20200106~SVC*HC:99205:25*-255*-186.33**1~DTM*472*20200106~CAS*CO*45*-68.67~REF*6R*CPUY5B0W2N8J~AMT*B6*186.33~LQ*HE*N77~LQ*HE*N381~SVC*HC:99415*-45*-7.11**1~DTM*472*20200106~CAS*CO*45*-37.89~REF*6R*CPUYMAS01NQH~AMT*B6*7.11~LQ*HE*N77~LQ*HE*N381~SVC*HC:96372*-32*0**0**1~DTM*472*20200106~CAS*CO*109*-32~REF*6R*CPUYRL1796L1~LQ*HE*N77~LQ*HE*N381~SVC*HC:J2315*-1805*-1189.4**380~DTM*472*20200106~CAS*CO*45*-615.6~REF*6R*CPUY4RH6L4E7~AMT*B6*1189.4~LQ*HE*N77~LQ*HE*N381~SVC*HC:H0049*-36*-10.92**1~DTM*472*20200106~CAS*CO*45*-25.08~REF*6R*CPUYAGGESHNC~AMT*B6*10.92~LQ*HE*N77~LQ*HE*N381~SVC*HC:G8431*-40*-30.52**1~DTM*472*20200106~CAS*CO*45*-9.48~REF*6R*CPUYJAQBEN56~AMT*B6*30.52~LQ*HE*N77~LQ*HE*N381~SVC*HC:81025*-15*-8.42**1~DTM*472*20200106~CAS*CO*45*-6.58~REF*6R*CPUY0TAISRLK~AMT*B6*8.42~LQ*HE*N77~LQ*HE*N381~CLP*000100027678*1*2228*1501.1**MC*5220129002186~NM1*QC*1*GRAHAM*NICOL****MR*H050791~NM1*82*1*LUCAS*PEGGI*S***XX*1366419582~REF*EA*A1A9A7B7D96A474E986B4C6295A6B17B~DTM*232*20200106~DTM*233*20200106~SVC*HC:99205:25*255*186.33**1~DTM*472*20200106~CAS*CO*45*68.67~REF*6R*CPUY5B0W2N8J~AMT*B6*186.33~LQ*HE*N293~LQ*HE*N381~SVC*HC:99415*45*7.11**1~DTM*472*20200106~CAS*CO*45*37.89~REF*6R*CPUYMAS01NQH~AMT*B6*7.11~LQ*HE*N293~LQ*HE*N381~SVC*HC:96372*32*0**0**1~DTM*472*20200106~CAS*CO*109*32~REF*6R*CPUYRL1796L1~LQ*HE*N293~LQ*HE*N381~SVC*HC:J2315*1805*1257.8**380~DTM*472*20200106~CAS*CO*45*547.2~REF*6R*CPUY4RH6L4E7~AMT*B6*1257.8~LQ*HE*N293~LQ*HE*N381~SVC*HC:H0049*36*10.92**1~DTM*472*20200106~CAS*CO*45*25.08~REF*6R*CPUYAGGESHNC~AMT*B6*10.92~LQ*HE*N293~LQ*HE*N381~SVC*HC:G8431*40*30.52**1~DTM*472*20200106~CAS*CO*45*9.48~REF*6R*CPUYJAQBEN56~AMT*B6*30.52~LQ*HE*N293~LQ*HE*N381~SVC*HC:81025*15*8.42**1~DTM*472*20200106~CAS*CO*45*6.58~REF*6R*CPUY0TAISRLK~AMT*B6*8.42~LQ*HE*N293~LQ*HE*N381~CLP*000100029053*22*-2003*-1277.13**MC*2020045063113~NM1*QC*1*GRAY*JAMES****MR*J248474~NM1*82*1*GRONEMEYER*LEANNE*R***XX*1659521045~REF*EA*7183E9802D3142F6B44B0645B2990FAE~DTM*232*20200129~DTM*233*20200129~SVC*HC:99213:25*-90*-65.81**1~DTM*472*20200129~CAS*CO*45*-24.19~REF*6R*CPVY983YDC3Z~AMT*B6*65.81~LQ*HE*N77~LQ*HE*N381~SVC*HC:96372*-32*0**0**1~DTM*472*20200129~CAS*CO*109*-32~REF*6R*CPVY5VE3WBJE~LQ*HE*N77~LQ*HE*N381~SVC*HC:J2315*-1805*-1189.4**380~DTM*472*20200129~CAS*CO*45*-615.6~REF*6R*CPVY4C6LWUSH~AMT*B6*1189.4~LQ*HE*N77~LQ*HE*N381~SVC*HC:H0049*-36*-10.92**1~DTM*472*20200129~CAS*CO*45*-25.08~REF*6R*CPVYHRHZ5THP~AMT*B6*10.92~LQ*HE*N77~LQ*HE*N381~SVC*HC:G8510*-40*-11**1~DTM*472*20200129~CAS*CO*45*-29~REF*6R*CPVYLDFQ9T19~AMT*B6*11~LQ*HE*N77~LQ*HE*N381~CLP*000100029053*1*2003*1345.53**MC*5220129002621~NM1*QC*1*GRAY*JAMES****MR*J248474~NM1*82*1*GRONEMEYER*LEANNE*R***XX*1659521045~REF*EA*7183E9802D3142F6B44B0645B2990FAE~DTM*232*20200129~DTM*233*20200129~SVC*HC:99213:25*90*65.81**1~DTM*472*20200129~CAS*CO*45*24.19~REF*6R*CPVY983YDC3Z~AMT*B6*65.81~LQ*HE*N293~LQ*HE*N381~SVC*HC:96372*32*0**0**1~DTM*472*20200129~CAS*CO*109*32~REF*6R*CPVY5VE3WBJE~LQ*HE*N293~LQ*HE*N381~SVC*HC:J2315*1805*1257.8**380~DTM*472*20200129~CAS*CO*45*547.2~REF*6R*CPVY4C6LWUSH~AMT*B6*1257.8~LQ*HE*N293~LQ*HE*N381~SVC*HC:H0049*36*10.92**1~DTM*472*20200129~CAS*CO*45*25.08~REF*6R*CPVYHRHZ5THP~AMT*B6*10.92~LQ*HE*N293~LQ*HE*N381~SVC*HC:G8510*40*11**1~DTM*472*20200129~CAS*CO*45*29~REF*6R*CPVYLDFQ9T19~AMT*B6*11~LQ*HE*N293~LQ*HE*N381~CLP*000100026194*22*-1837*-1193.2**MC*2020069057183~NM1*QC*1*GRAY*JAMES****MR*J248474~NM1*82*1*GRONEMEYER*LEANNE*R***XX*1659521045~REF*EA*34A1171152B845C6A4F16A60E73FBFBD~DTM*232*20191204~DTM*233*20191204~SVC*HC:96372*-32*0**0**1~DTM*472*20191204~CAS*CO*109*-32~REF*6R*CP4U8TO4DX15~LQ*HE*N77~LQ*HE*N381~SVC*HC:J2315*-1805*-1193.2**380~DTM*472*20191204~CAS*CO*45*-611.8~REF*6R*CP4UQA2K8FUA~AMT*B6*1193.2~LQ*HE*N77~LQ*HE*N381~CLP*000100026194*1*1837*1261.6**MC*5220129002986~NM1*QC*1*GRAY*JAMES****MR*J248474~NM1*82*1*GRONEMEYER*LEANNE*R***XX*1659521045~REF*EA*34A1171152B845C6A4F16A60E73FBFBD~DTM*232*20191204~DTM*233*20191204~SVC*HC:96372*32*0**0**1~DTM*472*20191204~CAS*CO*109*32~REF*6R*CP4U8TO4DX15~LQ*HE*N293~LQ*HE*N381~SVC*HC:J2315*1805*1261.6**380~DTM*472*20191204~CAS*CO*45*543.4~REF*6R*CP4UQA2K8FUA~AMT*B6*1261.6~LQ*HE*N293~LQ*HE*N381~CLP*000100027426*22*-1837*-1189.4**MC*2020069057185~NM1*QC*1*GRAY*JAMES****MR*J248474~NM1*82*1*GRONEMEYER*LEANNE*R***XX*1659521045~REF*EA*64C19F1CC61645B3AF478DB8AA04AD73~DTM*232*20200102~DTM*233*20200102~SVC*HC:96372*-32*0**0**1~DTM*472*20200102~CAS*CO*109*-32~REF*6R*CP4YJHCP79CF~LQ*HE*N77~LQ*HE*N381~SVC*HC:J2315*-1805*-1189.4**380~DTM*472*20200102~CAS*CO*45*-615.6~REF*6R*CP4YZ3921LYB~AMT*B6*1189.4~LQ*HE*N77~LQ*HE*N381~CLP*000100027426*1*1837*1257.8**MC*5220129002987~NM1*QC*1*GRAY*JAMES****MR*J248474~NM1*82*1*GRONEMEYER*LEANNE*R***XX*1659521045~REF*EA*64C19F1CC61645B3AF478DB8AA04AD73~DTM*232*20200102~DTM*233*20200102~SVC*HC:96372*32*0**0**1~DTM*472*20200102~CAS*CO*109*32~REF*6R*CP4YJHCP79CF~LQ*HE*N293~LQ*HE*N381~SVC*HC:J2315*1805*1257.8**380~DTM*472*20200102~CAS*CO*45*547.2~REF*6R*CP4YZ3921LYB~AMT*B6*1257.8~LQ*HE*N293~LQ*HE*N381~CLP*000100031331*22*-1971*-1286.51**MC*2020087054035~NM1*QC*1*GRAY*JAMES****MR*J248474~NM1*82*1*GRONEMEYER*LEANNE*R***XX*1659521045~REF*EA*89BD47DA4A504F2389A58B07812B86FB~DTM*232*20200311~DTM*233*20200311~SVC*HC:99214:25*-134*-97.11**1~DTM*472*20200311~CAS*CO*45*-36.89~REF*6R*CP6AGNE0UWB3~AMT*B6*97.11~LQ*HE*N77~LQ*HE*N381~SVC*HC:96372*-32*0**0**1~DTM*472*20200311~CAS*CO*109*-32~REF*6R*CP6AE0AJSGTF~LQ*HE*N77~LQ*HE*N381~SVC*HC:J2315*-1805*-1189.4**380~DTM*472*20200311~CAS*CO*45*-615.6~REF*6R*CP6A518APL51~AMT*B6*1189.4~LQ*HE*N77~LQ*HE*N381~CLP*000100031331*1*1971*1354.91**MC*5220129003343~NM1*QC*1*GRAY*JAMES****MR*J248474~NM1*82*1*GRONEMEYER*LEANNE*R***XX*1659521045~REF*EA*89BD47DA4A504F2389A58B07812B86FB~DTM*232*20200311~DTM*233*20200311~SVC*HC:99214:25*134*97.11**1~DTM*472*20200311~CAS*CO*45*36.89~REF*6R*CP6AGNE0UWB3~AMT*B6*97.11~LQ*HE*N381~SVC*HC:96372*32*0**0**1~DTM*472*20200311~CAS*CO*109*32~REF*6R*CP6AE0AJSGTF~LQ*HE*N381~SVC*HC:J2315*1805*1257.8**380~DTM*472*20200311~CAS*CO*45*547.2~REF*6R*CP6A518APL51~AMT*B6*1257.8~LQ*HE*N381~CLP*000100024731*22*-2167*-1375.19**MC*5820112041098~NM1*QC*1*GRAY*JAMES****MR*J248474~NM1*82*1*GRONEMEYER*LEANNE*R***XX*1659521045~REF*EA*0BBF84C661A64DDC9AC29A3FE7C5103C~DTM*232*20191106~DTM*233*20191106~SVC*HC:99204:25*-205*-149.59**1~DTM*472*20191106~CAS*CO*45*-55.41~REF*6R*CPDLV9DK3IVR~AMT*B6*149.59~LQ*HE*N377~LQ*HE*N381~SVC*HC:99415*-45*-7.11**1~DTM*472*20191106~CAS*CO*45*-37.89~REF*6R*CPDLMRNENP57~AMT*B6*7.11~LQ*HE*N377~LQ*HE*N381~SVC*HC:H0049*-36*-10.92**1~DTM*472*20191106~CAS*CO*45*-25.08~REF*6R*CPDLSN9TH3KP~AMT*B6*10.92~LQ*HE*N377~LQ*HE*N381~SVC*HC:G8510*-40*-11**1~DTM*472*20191106~CAS*CO*45*-29~REF*6R*CPDLV5D1IDJN~AMT*B6*11~LQ*HE*N377~LQ*HE*N381~SVC*HC:96372*-32*0**0**1~DTM*472*20191106~CAS*CO*109*-32~REF*6R*CPDLV1RZLW3G~LQ*HE*N377~LQ*HE*N381~SVC*HC:J2315*-1805*-1193.2**380~DTM*472*20191106~CAS*CO*45*-611.8~REF*6R*CPDLGVP4W1HE~AMT*B6*1193.2~LQ*HE*N377~LQ*HE*N381~SVC*HC:81002*-4*-3.37**1~DTM*472*20191106~CAS*CO*45*-.63~REF*6R*CPDL67Y3CD76~AMT*B6*3.37~LQ*HE*N377~LQ*HE*N381~CLP*000100024731*1*2167*1375.22**MC*5220129004017~NM1*QC*1*GRAY*JAMES****MR*J248474~NM1*82*1*GRONEMEYER*LEANNE*R***XX*1659521045~REF*EA*0BBF84C661A64DDC9AC29A3FE7C5103C~DTM*232*20191106~DTM*233*20191106~SVC*HC:99204:25*205*149.59**1~DTM*472*20191106~CAS*CO*45*55.41~REF*6R*CPDLV9DK3IVR~AMT*B6*149.59~LQ*HE*N381~SVC*HC:99415*45*7.11**1~DTM*472*20191106~CAS*CO*45*37.89~REF*6R*CPDLMRNENP57~AMT*B6*7.11~LQ*HE*N381~SVC*HC:H0049*36*10.92**1~DTM*472*20191106~CAS*CO*45*25.08~REF*6R*CPDLSN9TH3KP~AMT*B6*10.92~LQ*HE*N381~SVC*HC:G8510*40*11**1~DTM*472*20191106~CAS*CO*45*29~REF*6R*CPDLV5D1IDJN~AMT*B6*11~LQ*HE*N381~SVC*HC:96372*32*0**0**1~DTM*472*20191106~CAS*CO*109*32~REF*6R*CPDLV1RZLW3G~LQ*HE*N381~SVC*HC:J2315*1805*1193.2**380~DTM*472*20191106~CAS*CO*45*611.8~REF*6R*CPDLGVP4W1HE~AMT*B6*1193.2~LQ*HE*N381~SVC*HC:81002*4*3.4**1~DTM*472*20191106~CAS*CO*45*.6~REF*6R*CPDL67Y3CD76~AMT*B6*3.4~LQ*HE*N381~CLP*000100032946*22*-1888.99*-1185.6**MC*2020115045188~NM1*QC*1*GRAY*JAMES****MR*J248474~NM1*82*1*GRONEMEYER*LEANNE*R***XX*1659521045~REF*EA*676592416EB24F60B3FA0E7722BBE5B2~DTM*232*20200408~DTM*233*20200408~SVC*HC:96372*-83.99*0**0**1~DTM*472*20200408~CAS*CO*109*-83.99~REF*6R*CPGYJ41VTEZ4~LQ*HE*N77~LQ*HE*N381~SVC*HC:J2315*-1805*-1185.6**380~DTM*472*20200408~CAS*CO*45*-619.4~REF*6R*CPGYJR9QNWA8~AMT*B6*1185.6~LQ*HE*N77~LQ*HE*N381~CLP*000100032946*1*1888.99*1254**MC*5220129004131~NM1*QC*1*GRAY*JAMES****MR*J248474~NM1*82*1*GRONEMEYER*LEANNE*R***XX*1659521045~REF*EA*676592416EB24F60B3FA0E7722BBE5B2~DTM*232*20200408~DTM*233*20200408~SVC*HC:96372*83.99*0**0**1~DTM*472*20200408~CAS*CO*109*83.99~REF*6R*CPGYJ41VTEZ4~LQ*HE*N381~SVC*HC:J2315*1805*1254**380~DTM*472*20200408~CAS*CO*45*551~REF*6R*CPGYJR9QNWA8~AMT*B6*1254~LQ*HE*N381~CLP*000100028953*22*-1971*-1286.51**MC*2020052103376~NM1*QC*1*HAIGH*ANDREW****MR*H880429~NM1*82*1*GRONEMEYER*LEANNE*R***XX*1659521045~REF*EA*DEA2DA675112445A8FDD11A1B3F06801~DTM*232*20200128~DTM*233*20200128~SVC*HC:99214:25*-134*-97.11**1~DTM*472*20200128~CAS*CO*45*-36.89~REF*6R*CPWM4GNNGAJ6~AMT*B6*97.11~LQ*HE*N77~LQ*HE*N381~SVC*HC:96372*-32*0**0**1~DTM*472*20200128~CAS*CO*109*-32~REF*6R*CPWMGR8ZDYPL~LQ*HE*N77~LQ*HE*N381~SVC*HC:J2315*-1805*-1189.4**380~DTM*472*20200128~CAS*CO*45*-615.6~REF*6R*CPWMHSP3ROHC~AMT*B6*1189.4~LQ*HE*N77~LQ*HE*N381~CLP*000100028953*1*1971*1354.91**MC*5220129002735~NM1*QC*1*HAIGH*ANDREW****MR*H880429~NM1*82*1*GRONEMEYER*LEANNE*R***XX*1659521045~REF*EA*DEA2DA675112445A8FDD11A1B3F06801~DTM*232*20200128~DTM*233*20200128~SVC*HC:99214:25*134*97.11**1~DTM*472*20200128~CAS*CO*45*36.89~REF*6R*CPWM4GNNGAJ6~AMT*B6*97.11~LQ*HE*N293~LQ*HE*N381~SVC*HC:96372*32*0**0**1~DTM*472*20200128~CAS*CO*109*32~REF*6R*CPWMGR8ZDYPL~LQ*HE*N293~LQ*HE*N381~SVC*HC:J2315*1805*1257.8**380~DTM*472*20200128~CAS*CO*45*547.2~REF*6R*CPWMHSP3ROHC~AMT*B6*1257.8~LQ*HE*N293~LQ*HE*N381~CLP*000100027440*22*-1837*-1189.4**MC*2020069057189~NM1*QC*1*HAIGH*ANDREW****MR*H880429~NM1*82*1*GRONEMEYER*LEANNE*R***XX*1659521045~REF*EA*7B340D8724884E85A6395C7A4771CE60~DTM*232*20200102~DTM*233*20200102~SVC*HC:96372*-32*0**0**1~DTM*472*20200102~CAS*CO*109*-32~REF*6R*CP4YB5FQRNCV~LQ*HE*N77~LQ*HE*N381~SVC*HC:J2315*-1805*-1189.4**380~DTM*472*20200102~CAS*CO*45*-615.6~REF*6R*CP4YCNWDVV71~AMT*B6*1189.4~LQ*HE*N77~LQ*HE*N381~CLP*000100027440*1*1837*1257.8**MC*5220129002988~NM1*QC*1*HAIGH*ANDREW****MR*H880429~NM1*82*1*GRONEMEYER*LEANNE*R***XX*1659521045~REF*EA*7B340D8724884E85A6395C7A4771CE60~DTM*232*20200102~DTM*233*20200102~SVC*HC:96372*32*0**0**1~DTM*472*20200102~CAS*CO*109*32~REF*6R*CP4YB5FQRNCV~LQ*HE*N293~LQ*HE*N381~SVC*HC:J2315*1805*1257.8**380~DTM*472*20200102~CAS*CO*45*547.2~REF*6R*CP4YCNWDVV71~AMT*B6*1257.8~LQ*HE*N293~LQ*HE*N381~CLP*000100030443*22*-1971*-1286.51**MC*2020077059911~NM1*QC*1*HAIGH*ANDREW****MR*H880429~NM1*82*1*GRONEMEYER*LEANNE*R***XX*1659521045~REF*EA*6D5ED7C8940440D5A0C2F96E3FAA522E~DTM*232*20200225~DTM*233*20200225~SVC*HC:99214:25*-134*-97.11**1~DTM*472*20200225~CAS*CO*45*-36.89~REF*6R*CP5AI8JSF3IK~AMT*B6*97.11~LQ*HE*N77~LQ*HE*N381~SVC*HC:96372*-32*0**0**1~DTM*472*20200225~CAS*CO*109*-32~REF*6R*CP5ATT6KMEED~LQ*HE*N77~LQ*HE*N381~SVC*HC:J2315*-1805*-1189.4**380~DTM*472*20200225~CAS*CO*45*-615.6~REF*6R*CP5A20DTE5HM~AMT*B6*1189.4~LQ*HE*N77~LQ*HE*N381~CLP*000100030443*1*1971*1354.91**MC*5220129003144~NM1*QC*1*HAIGH*ANDREW****MR*H880429~NM1*82*1*GRONEMEYER*LEANNE*R***XX*1659521045~REF*EA*6D5ED7C8940440D5A0C2F96E3FAA522E~DTM*232*20200225~DTM*233*20200225~SVC*HC:99214:25*134*97.11**1~DTM*472*20200225~CAS*CO*45*36.89~REF*6R*CP5AI8JSF3IK~AMT*B6*97.11~LQ*HE*N293~LQ*HE*N381~SVC*HC:96372*32*0**0**1~DTM*472*20200225~CAS*CO*109*32~REF*6R*CP5ATT6KMEED~LQ*HE*N293~LQ*HE*N381~SVC*HC:J2315*1805*1257.8**380~DTM*472*20200225~CAS*CO*45*547.2~REF*6R*CP5A20DTE5HM~AMT*B6*1257.8~LQ*HE*N293~LQ*HE*N381~CLP*000100026287*22*-2217*-1411.96**MC*5820112043505~NM1*QC*1*HAIGH*ANDREW****MR*H880429~NM1*82*1*GRONEMEYER*LEANNE*R***XX*1659521045~REF*EA*5547B01E0C0545BC9C5929C85D497370~DTM*232*20191205~DTM*233*20191205~SVC*HC:99205:25*-255*-186.33**1~DTM*472*20191205~CAS*CO*45*-68.67~REF*6R*CPN1BAGKB9YK~AMT*B6*186.33~LQ*HE*N377~LQ*HE*N381~SVC*HC:99415*-45*-7.11**1~DTM*472*20191205~CAS*CO*45*-37.89~REF*6R*CPN1GUHVC7MU~AMT*B6*7.11~LQ*HE*N377~LQ*HE*N381~SVC*HC:96372*-32*0**0**1~DTM*472*20191205~CAS*CO*109*-32~REF*6R*CPN1D2HCL5PJ~LQ*HE*N377~LQ*HE*N381~SVC*HC:J2315*-1805*-1193.2**380~DTM*472*20191205~CAS*CO*45*-611.8~REF*6R*CPN1TQ7RB8BO~AMT*B6*1193.2~LQ*HE*N377~LQ*HE*N381~SVC*HC:H0049*-36*-10.92**1~DTM*472*20191205~CAS*CO*45*-25.08~REF*6R*CPN1BP4ISZIP~AMT*B6*10.92~LQ*HE*N377~LQ*HE*N381~SVC*HC:G8510*-40*-11**1~DTM*472*20191205~CAS*CO*45*-29~REF*6R*CPN1CVS9LX56~AMT*B6*11~LQ*HE*N377~LQ*HE*N381~SVC*HC:81002*-4*-3.4**1~DTM*472*20191205~CAS*CO*45*-.6~REF*6R*CPN1V3PDC5RI~AMT*B6*3.4~LQ*HE*N377~LQ*HE*N381~CLP*000100026287*1*2217*1480.36**MC*5220129004028~NM1*QC*1*HAIGH*ANDREW****MR*H880429~NM1*82*1*GRONEMEYER*LEANNE*R***XX*1659521045~REF*EA*5547B01E0C0545BC9C5929C85D497370~DTM*232*20191205~DTM*233*20191205~SVC*HC:99205:25*255*186.33**1~DTM*472*20191205~CAS*CO*45*68.67~REF*6R*CPN1BAGKB9YK~AMT*B6*186.33~LQ*HE*N381~SVC*HC:99415*45*7.11**1~DTM*472*20191205~CAS*CO*45*37.89~REF*6R*CPN1GUHVC7MU~AMT*B6*7.11~LQ*HE*N381~SVC*HC:96372*32*0**0**1~DTM*472*20191205~CAS*CO*109*32~REF*6R*CPN1D2HCL5PJ~LQ*HE*N381~SVC*HC:J2315*1805*1261.6**380~DTM*472*20191205~CAS*CO*45*543.4~REF*6R*CPN1TQ7RB8BO~AMT*B6*1261.6~LQ*HE*N381~SVC*HC:H0049*36*10.92**1~DTM*472*20191205~CAS*CO*45*25.08~REF*6R*CPN1BP4ISZIP~AMT*B6*10.92~LQ*HE*N381~SVC*HC:G8510*40*11**1~DTM*472*20191205~CAS*CO*45*29~REF*6R*CPN1CVS9LX56~AMT*B6*11~LQ*HE*N381~SVC*HC:81002*4*3.4**1~DTM*472*20191205~CAS*CO*45*.6~REF*6R*CPN1V3PDC5RI~AMT*B6*3.4~LQ*HE*N381~CLP*000100026970*22*-1927*-1257.01**MC*2020002041316~NM1*QC*1*HALING*PATRICK*J***MR*T780060~NM1*82*1*GRONEMEYER*LEANNE*R***XX*1659521045~REF*EA*1B3C44ED2D0E44F98590AD8AEA2A7500~DTM*232*20191218~DTM*233*20191218~SVC*HC:99213:25*-90*-63.81**1~DTM*472*20191218~CAS*PR*3*-2~CAS*CO*45*-24.19~REF*6R*CPKE8KVFRR7C~AMT*B6*65.81~LQ*HE*N381~LQ*HE*N381~SVC*HC:96372*-32*0**0**1~DTM*472*20191218~CAS*CO*109*-32~REF*6R*CPKEHR82DWAU~LQ*HE*N381~SVC*HC:J2315*-1805*-1193.2**380~DTM*472*20191218~CAS*CO*45*-611.8~REF*6R*CPKETA3PEQD5~AMT*B6*1193.2~LQ*HE*N381~CLP*000100026970*1*1927*1325.41*2*MC*5220129001318~NM1*QC*1*HALING*PATRICK*J***MR*T780060~NM1*82*1*GRONEMEYER*LEANNE*R***XX*1659521045~REF*EA*1B3C44ED2D0E44F98590AD8AEA2A7500~DTM*232*20191218~DTM*233*20191218~SVC*HC:99213:25*90*63.81**1~DTM*472*20191218~CAS*PR*3*2~CAS*CO*45*24.19~REF*6R*CPKE8KVFRR7C~AMT*B6*65.81~LQ*HE*N381~LQ*HE*N381~SVC*HC:96372*32*0**0**1~DTM*472*20191218~CAS*CO*109*32~REF*6R*CPKEHR82DWAU~LQ*HE*N381~SVC*HC:J2315*1805*1261.6**380~DTM*472*20191218~CAS*CO*45*543.4~REF*6R*CPKETA3PEQD5~AMT*B6*1261.6~LQ*HE*N381~CLP*000100025497*22*-1837*-1193.2**MC*2020069057237~NM1*QC*1*HALING*PATRICK*J***MR*T780060~NM1*82*1*GRONEMEYER*LEANNE*R***XX*1659521045~REF*EA*5DDA39CC73154C848AA9B0DBA231F36A~DTM*232*20191120~DTM*233*20191120~SVC*HC:96372*-32*0**0**1~DTM*472*20191120~CAS*CO*109*-32~REF*6R*CP4YRM6HDETC~LQ*HE*N77~LQ*HE*N381~SVC*HC:J2315*-1805*-1193.2**380~DTM*472*20191120~CAS*CO*45*-611.8~REF*6R*CP4YP3CR20F8~AMT*B6*1193.2~LQ*HE*N77~LQ*HE*N381~CLP*000100025497*1*1837*1193.2**MC*5220129002994~NM1*QC*1*HALING*PATRICK*J***MR*T780060~NM1*82*1*GRONEMEYER*LEANNE*R***XX*1659521045~REF*EA*5DDA39CC73154C848AA9B0DBA231F36A~DTM*232*20191120~DTM*233*20191120~SVC*HC:96372*32*0**0**1~DTM*472*20191120~CAS*CO*109*32~REF*6R*CP4YRM6HDETC~LQ*HE*N293~LQ*HE*N381~SVC*HC:J2315*1805*1193.2**380~DTM*472*20191120~CAS*CO*45*611.8~REF*6R*CP4YP3CR20F8~AMT*B6*1193.2~LQ*HE*N293~LQ*HE*N381~CLP*000100028660*22*-1837*-1189.4**MC*2020069057239~NM1*QC*1*HALING*PATRICK*J***MR*T780060~NM1*82*1*GRONEMEYER*LEANNE*R***XX*1659521045~REF*EA*907C8430FE424179A4623BF5F5D498D5~DTM*232*20200122~DTM*233*20200122~SVC*HC:96372*-32*0**0**1~DTM*472*20200122~CAS*CO*109*-32~REF*6R*CP4Y4VD0IIVS~LQ*HE*N77~LQ*HE*N381~SVC*HC:J2315*-1805*-1189.4**380~DTM*472*20200122~CAS*CO*45*-615.6~REF*6R*CP4YTQOJ3S67~AMT*B6*1189.4~LQ*HE*N77~LQ*HE*N381~CLP*000100028660*1*1837*1257.8**MC*5220129002995~NM1*QC*1*HALING*PATRICK*J***MR*T780060~NM1*82*1*GRONEMEYER*LEANNE*R***XX*1659521045~REF*EA*907C8430FE424179A4623BF5F5D498D5~DTM*232*20200122~DTM*233*20200122~SVC*HC:96372*32*0**0**1~DTM*472*20200122~CAS*CO*109*32~REF*6R*CP4Y4VD0IIVS~LQ*HE*N293~LQ*HE*N381~SVC*HC:J2315*1805*1257.8**380~DTM*472*20200122~CAS*CO*45*547.2~REF*6R*CP4YTQOJ3S67~AMT*B6*1257.8~LQ*HE*N293~LQ*HE*N381~CLP*000100024016*22*-2217*-1429.45**MC*5820106007510~NM1*QC*1*HALING*PATRICK*J***MR*T780060~NM1*82*1*GRONEMEYER*LEANNE*R***XX*1659521045~REF*EA*776A7E7C4C9140CA9FCE9D83510D88C5~DTM*232*20191022~DTM*233*20191022~SVC*HC:99205:25*-255*-184.33**1~DTM*472*20191022~CAS*PR*3*-2~CAS*CO*45*-68.67~REF*6R*CP4X4PUCU1NE~AMT*B6*186.33~LQ*HE*N377~LQ*HE*N381~LQ*HE*N381~SVC*HC:99415*-45*-7.11**1~DTM*472*20191022~CAS*CO*45*-37.89~REF*6R*CP4XV8RNCW9K~AMT*B6*7.11~LQ*HE*N377~LQ*HE*N381~SVC*HC:96372*-32*0**0**1~DTM*472*20191022~CAS*CO*109*-32~REF*6R*CP4XFJKK3TOI~LQ*HE*N377~LQ*HE*N381~SVC*HC:J2315*-1805*-1193.2**380~DTM*472*20191022~CAS*CO*45*-611.8~REF*6R*CP4XPIQG66OU~AMT*B6*1193.2~LQ*HE*N377~LQ*HE*N381~SVC*HC:H0049*-36*-10.92**1~DTM*472*20191022~CAS*CO*45*-25.08~REF*6R*CP4XXHN3Z2EK~AMT*B6*10.92~LQ*HE*N377~LQ*HE*N381~SVC*HC:G8431*-40*-30.52**1~DTM*472*20191022~CAS*CO*45*-9.48~REF*6R*CP4XKJELMTHV~AMT*B6*30.52~LQ*HE*N377~LQ*HE*N381~SVC*HC:81002*-4*-3.37**1~DTM*472*20191022~CAS*CO*45*-.63~REF*6R*CP4XX2B9YRVE~AMT*B6*3.37~LQ*HE*N377~LQ*HE*N381~CLP*000100024016*1*2217*1429.48*2*MC*5220129003774~NM1*QC*1*HALING*PATRICK*J***MR*T780060~NM1*82*1*GRONEMEYER*LEANNE*R***XX*1659521045~REF*EA*776A7E7C4C9140CA9FCE9D83510D88C5~DTM*232*20191022~DTM*233*20191022~SVC*HC:99205:25*255*184.33**1~DTM*472*20191022~CAS*PR*3*2~CAS*CO*45*68.67~REF*6R*CP4X4PUCU1NE~AMT*B6*186.33~LQ*HE*N381~LQ*HE*N381~SVC*HC:99415*45*7.11**1~DTM*472*20191022~CAS*CO*45*37.89~REF*6R*CP4XV8RNCW9K~AMT*B6*7.11~LQ*HE*N381~SVC*HC:96372*32*0**0**1~DTM*472*20191022~CAS*CO*109*32~REF*6R*CP4XFJKK3TOI~LQ*HE*N381~SVC*HC:J2315*1805*1193.2**380~DTM*472*20191022~CAS*CO*45*611.8~REF*6R*CP4XPIQG66OU~AMT*B6*1193.2~LQ*HE*N381~SVC*HC:H0049*36*10.92**1~DTM*472*20191022~CAS*CO*45*25.08~REF*6R*CP4XXHN3Z2EK~AMT*B6*10.92~LQ*HE*N381~SVC*HC:G8431*40*30.52**1~DTM*472*20191022~CAS*CO*45*9.48~REF*6R*CP4XKJELMTHV~AMT*B6*30.52~LQ*HE*N381~SVC*HC:81002*4*3.4**1~DTM*472*20191022~CAS*CO*45*.6~REF*6R*CP4XX2B9YRVE~AMT*B6*3.4~LQ*HE*N381~CLP*000100028700*22*-1971*-1286.51**MC*2020035060428~NM1*QC*1*HELVEY*RYAN*J***MR*N690416~NM1*82*1*SEARLES*DENISE*A***XX*1396971230~REF*EA*5723A95EC8ED462582AEBDC3F1ECD20F~DTM*232*20200123~DTM*233*20200123~SVC*HC:99214:25*-134*-97.11**1~DTM*472*20200123~CAS*CO*45*-36.89~REF*6R*CPUYCQWMILBL~AMT*B6*97.11~LQ*HE*N77~LQ*HE*N381~SVC*HC:96372*-32*0**0**1~DTM*472*20200123~CAS*CO*109*-32~REF*6R*CPUYPMDDKH4A~LQ*HE*N77~LQ*HE*N381~SVC*HC:J2315*-1805*-1189.4**380~DTM*472*20200123~CAS*CO*45*-615.6~REF*6R*CPUY2DSHL6MG~AMT*B6*1189.4~LQ*HE*N77~LQ*HE*N381~CLP*000100028700*1*1971*1354.91**MC*5220129002184~NM1*QC*1*HELVEY*RYAN*J***MR*N690416~NM1*82*1*SEARLES*DENISE*A***XX*1396971230~REF*EA*5723A95EC8ED462582AEBDC3F1ECD20F~DTM*232*20200123~DTM*233*20200123~SVC*HC:99214:25*134*97.11**1~DTM*472*20200123~CAS*CO*45*36.89~REF*6R*CPUYCQWMILBL~AMT*B6*97.11~LQ*HE*N293~LQ*HE*N381~SVC*HC:96372*32*0**0**1~DTM*472*20200123~CAS*CO*109*32~REF*6R*CPUYPMDDKH4A~LQ*HE*N293~LQ*HE*N381~SVC*HC:J2315*1805*1257.8**380~DTM*472*20200123~CAS*CO*45*547.2~REF*6R*CPUY2DSHL6MG~AMT*B6*1257.8~LQ*HE*N293~LQ*HE*N381~CLP*000100030220*22*-1971*-1286.51**MC*2020069057267~NM1*QC*1*HELVEY*RYAN*J***MR*N690416~NM1*82*1*SEARLES*DENISE*A***XX*1396971230~REF*EA*24368CE125D6462A8BB3CB9C39ECBA9B~DTM*232*20200220~DTM*233*20200220~SVC*HC:99214:25*-134*-97.11**1~DTM*472*20200220~CAS*CO*45*-36.89~REF*6R*CP4UBGCDZ1AW~AMT*B6*97.11~LQ*HE*N77~LQ*HE*N381~SVC*HC:96372*-32*0**0**1~DTM*472*20200220~CAS*CO*109*-32~REF*6R*CP4ULH5KC1J8~LQ*HE*N77~LQ*HE*N381~SVC*HC:J2315*-1805*-1189.4**380~DTM*472*20200220~CAS*CO*45*-615.6~REF*6R*CP4U63TYC0E2~AMT*B6*1189.4~LQ*HE*N77~LQ*HE*N381~CLP*000100030220*1*1971*1354.91**MC*5220129003002~NM1*QC*1*HELVEY*RYAN*J***MR*N690416~NM1*82*1*SEARLES*DENISE*A***XX*1396971230~REF*EA*24368CE125D6462A8BB3CB9C39ECBA9B~DTM*232*20200220~DTM*233*20200220~SVC*HC:99214:25*134*97.11**1~DTM*472*20200220~CAS*CO*45*36.89~REF*6R*CP4UBGCDZ1AW~AMT*B6*97.11~LQ*HE*N293~LQ*HE*N381~SVC*HC:96372*32*0**0**1~DTM*472*20200220~CAS*CO*109*32~REF*6R*CP4ULH5KC1J8~LQ*HE*N293~LQ*HE*N381~SVC*HC:J2315*1805*1257.8**380~DTM*472*20200220~CAS*CO*45*547.2~REF*6R*CP4U63TYC0E2~AMT*B6*1257.8~LQ*HE*N293~LQ*HE*N381~CLP*000100031783*22*-1971*-1286.51**MC*2020087054397~NM1*QC*1*HELVEY*RYAN*J***MR*N690416~NM1*82*1*SEARLES*DENISE*A***XX*1396971230~REF*EA*B96F1C66C41343EF9F630063846FE5F2~DTM*232*20200319~DTM*233*20200319~SVC*HC:99214:25*-134*-97.11**1~DTM*472*20200319~CAS*CO*45*-36.89~REF*6R*CP6A0E9TNKYT~AMT*B6*97.11~LQ*HE*N77~LQ*HE*N381~SVC*HC:96372*-32*0**0**1~DTM*472*20200319~CAS*CO*109*-32~REF*6R*CP6ARHPOSK90~LQ*HE*N77~LQ*HE*N381~SVC*HC:J2315*-1805*-1189.4**380~DTM*472*20200319~CAS*CO*45*-615.6~REF*6R*CP6AY0719374~AMT*B6*1189.4~LQ*HE*N77~LQ*HE*N381~CLP*000100031783*1*1971*1354.91**MC*5220129003348~NM1*QC*1*HELVEY*RYAN*J***MR*N690416~NM1*82*1*SEARLES*DENISE*A***XX*1396971230~REF*EA*B96F1C66C41343EF9F630063846FE5F2~DTM*232*20200319~DTM*233*20200319~SVC*HC:99214:25*134*97.11**1~DTM*472*20200319~CAS*CO*45*36.89~REF*6R*CP6A0E9TNKYT~AMT*B6*97.11~LQ*HE*N381~SVC*HC:96372*32*0**0**1~DTM*472*20200319~CAS*CO*109*32~REF*6R*CP6ARHPOSK90~LQ*HE*N381~SVC*HC:J2315*1805*1257.8**380~DTM*472*20200319~CAS*CO*45*547.2~REF*6R*CP6AY0719374~AMT*B6*1257.8~LQ*HE*N381~CLP*40763A*22*-1770.16*-1311.8**MC*5820099040299~NM1*QC*1*HELVEY*RYAN*J***MR*N690416~NM1*82*1*KLAKER*JULIE*M***XX*1215134705~DTM*232*20190823~DTM*233*20190823~SVC*HC:99214:25*-135*-97.11**1~DTM*472*20190823~CAS*CO*45*-37.89~REF*6R*44785~AMT*B6*97.11~LQ*HE*N377~LQ*HE*N381~SVC*HC:96372*-53*0**0**1~DTM*472*20190823~CAS*CO*109*-53~REF*6R*44786~LQ*HE*N377~LQ*HE*N381~SVC*HC:J2315*-1520*-1189.4**380~DTM*472*20190823~CAS*CO*45*-330.6~REF*6R*44787~AMT*B6*1189.4~LQ*HE*N377~LQ*HE*N381~SVC*HC:G8510*-20*-11**1~DTM*472*20190823~CAS*CO*45*-9~REF*6R*44788~AMT*B6*11~LQ*HE*N377~LQ*HE*N381~SVC*HC:H0049*-36.16*-10.92**1~DTM*472*20190823~CAS*CO*45*-25.24~REF*6R*44789~AMT*B6*10.92~LQ*HE*N377~LQ*HE*N381~SVC*HC:81002*-6*-3.37**1~DTM*472*20190823~CAS*CO*45*-2.63~REF*6R*44790~AMT*B6*3.37~LQ*HE*N377~LQ*HE*N381~CLP*40763A*1*1770.16*1311.83**MC*5220129003524~NM1*QC*1*HELVEY*RYAN*J***MR*N690416~NM1*82*1*KLAKER*JULIE*M***XX*1215134705~DTM*232*20190823~DTM*233*20190823~SVC*HC:99214:25*135*97.11**1~DTM*472*20190823~CAS*CO*45*37.89~REF*6R*44785~AMT*B6*97.11~LQ*HE*N381~SVC*HC:96372*53*0**0**1~DTM*472*20190823~CAS*CO*109*53~REF*6R*44786~LQ*HE*N381~SVC*HC:J2315*1520*1189.4**380~DTM*472*20190823~CAS*CO*45*330.6~REF*6R*44787~AMT*B6*1189.4~LQ*HE*N381~SVC*HC:G8510*20*11**1~DTM*472*20190823~CAS*CO*45*9~REF*6R*44788~AMT*B6*11~LQ*HE*N381~SVC*HC:H0049*36.16*10.92**1~DTM*472*20190823~CAS*CO*45*25.24~REF*6R*44789~AMT*B6*10.92~LQ*HE*N381~SVC*HC:81002*6*3.4**1~DTM*472*20190823~CAS*CO*45*2.6~REF*6R*44790~AMT*B6*3.4~LQ*HE*N381~CLP*000100022573*22*-1971*-1286.51**MC*5820100048518~NM1*QC*1*HELVEY*RYAN*J***MR*N690416~NM1*82*1*HOOSHMAND-PARSI*KAYHOSROW****XX*1447291851~REF*EA*3FBA7B5FC8704F54BFBD7B6B9995A329~DTM*232*20190920~DTM*233*20190920~SVC*HC:99214:25*-134*-97.11**1~DTM*472*20190920~CAS*CO*45*-36.89~REF*6R*CPUXQBE01YE5~AMT*B6*97.11~LQ*HE*N377~LQ*HE*N381~SVC*HC:96372*-32*0**0**1~DTM*472*20190920~CAS*CO*109*-32~REF*6R*CPUXT3V31OIP~LQ*HE*N377~LQ*HE*N381~SVC*HC:J2315*-1805*-1189.4**380~DTM*472*20190920~CAS*CO*45*-615.6~REF*6R*CPUXCK5T3OGM~AMT*B6*1189.4~LQ*HE*N377~LQ*HE*N381~CLP*000100022573*1*1971*1286.51**MC*5220129003642~NM1*QC*1*HELVEY*RYAN*J***MR*N690416~NM1*82*1*HOOSHMAND-PARSI*KAYHOSROW****XX*1447291851~REF*EA*3FBA7B5FC8704F54BFBD7B6B9995A329~DTM*232*20190920~DTM*233*20190920~SVC*HC:99214:25*134*97.11**1~DTM*472*20190920~CAS*CO*45*36.89~REF*6R*CPUXQBE01YE5~AMT*B6*97.11~LQ*HE*N381~SVC*HC:96372*32*0**0**1~DTM*472*20190920~CAS*CO*109*32~REF*6R*CPUXT3V31OIP~LQ*HE*N381~SVC*HC:J2315*1805*1189.4**380~DTM*472*20190920~CAS*CO*45*615.6~REF*6R*CPUXCK5T3OGM~AMT*B6*1189.4~LQ*HE*N381~CLP*000100024464*22*-1971*-1290.31**MC*5820106022592~NM1*QC*1*HELVEY*RYAN*J***MR*N690416~NM1*82*1*KLAKER*JULIE*M***XX*1215134705~REF*EA*107C44AD3DB942778173BE8C4008BDD9~DTM*232*20191101~DTM*233*20191101~SVC*HC:99214:25*-134*-97.11**1~DTM*472*20191101~CAS*CO*45*-36.89~REF*6R*CPCHTE7PWBUS~AMT*B6*97.11~LQ*HE*N377~LQ*HE*N381~SVC*HC:96372*-32*0**0**1~DTM*472*20191101~CAS*CO*109*-32~REF*6R*CPCHSYPCGDMP~LQ*HE*N377~LQ*HE*N381~SVC*HC:J2315*-1805*-1193.2**380~DTM*472*20191101~CAS*CO*45*-611.8~REF*6R*CPCH717382O8~AMT*B6*1193.2~LQ*HE*N377~LQ*HE*N381~CLP*000100024464*1*1971*1290.31**MC*5220129003803~NM1*QC*1*HELVEY*RYAN*J***MR*N690416~NM1*82*1*KLAKER*JULIE*M***XX*1215134705~REF*EA*107C44AD3DB942778173BE8C4008BDD9~DTM*232*20191101~DTM*233*20191101~SVC*HC:99214:25*134*97.11**1~DTM*472*20191101~CAS*CO*45*36.89~REF*6R*CPCHTE7PWBUS~AMT*B6*97.11~LQ*HE*N381~SVC*HC:96372*32*0**0**1~DTM*472*20191101~CAS*CO*109*32~REF*6R*CPCHSYPCGDMP~LQ*HE*N381~SVC*HC:J2315*1805*1193.2**380~DTM*472*20191101~CAS*CO*45*611.8~REF*6R*CPCH717382O8~AMT*B6*1193.2~LQ*HE*N381~CLP*000100025938*22*-1971*-1290.31**MC*5820112002895~NM1*QC*1*HELVEY*RYAN*J***MR*N690416~NM1*82*1*KLAKER*JULIE*M***XX*1215134705~REF*EA*4019EB8D1B5242CCA1BB6BDE47F64B5A~DTM*232*20191127~DTM*233*20191127~SVC*HC:99214:25*-134*-97.11**1~DTM*472*20191127~CAS*CO*45*-36.89~REF*6R*CPNT5DDCNDS6~AMT*B6*97.11~LQ*HE*N377~LQ*HE*N381~SVC*HC:96372*-32*0**0**1~DTM*472*20191127~CAS*CO*109*-32~REF*6R*CPNTYEJVPWKQ~LQ*HE*N377~LQ*HE*N381~SVC*HC:J2315*-1805*-1193.2**380~DTM*472*20191127~CAS*CO*45*-611.8~REF*6R*CPNTJW097RUV~AMT*B6*1193.2~LQ*HE*N377~LQ*HE*N381~CLP*000100025938*1*1971*1358.71**MC*5220129003946~NM1*QC*1*HELVEY*RYAN*J***MR*N690416~NM1*82*1*KLAKER*JULIE*M***XX*1215134705~REF*EA*4019EB8D1B5242CCA1BB6BDE47F64B5A~DTM*232*20191127~DTM*233*20191127~SVC*HC:99214:25*134*97.11**1~DTM*472*20191127~CAS*CO*45*36.89~REF*6R*CPNT5DDCNDS6~AMT*B6*97.11~LQ*HE*N381~SVC*HC:96372*32*0**0**1~DTM*472*20191127~CAS*CO*109*32~REF*6R*CPNTYEJVPWKQ~LQ*HE*N381~SVC*HC:J2315*1805*1261.6**380~DTM*472*20191127~CAS*CO*45*543.4~REF*6R*CPNTJW097RUV~AMT*B6*1261.6~LQ*HE*N381~CLP*000100030338*22*-1986*-1294.93**MC*2020069057224~NM1*QC*1*HOWARD*CLAUDIA*M***MR*Y099982~NM1*82*1*LUCAS*PEGGI*S***XX*1366419582~REF*EA*D92ABD2C1D724FE5821A4DE89ED6D869~DTM*232*20200224~DTM*233*20200224~SVC*HC:99214:25*-134*-97.11**1~DTM*472*20200224~CAS*CO*45*-36.89~REF*6R*CP4U0D63SM2A~AMT*B6*97.11~LQ*HE*N77~LQ*HE*N381~SVC*HC:96372*-32*0**0**1~DTM*472*20200224~CAS*CO*109*-32~REF*6R*CP4UWGQCUZJ6~LQ*HE*N77~LQ*HE*N381~SVC*HC:J2315*-1805*-1189.4**380~DTM*472*20200224~CAS*CO*45*-615.6~REF*6R*CP4U54WK7Q5W~AMT*B6*1189.4~LQ*HE*N77~LQ*HE*N381~SVC*HC:81025*-15*-8.42**1~DTM*472*20200224~CAS*CO*45*-6.58~REF*6R*CP4UW6JQW0H8~AMT*B6*8.42~LQ*HE*N77~LQ*HE*N381~CLP*000100030338*1*1986*1363.33**MC*5220129002992~NM1*QC*1*HOWARD*CLAUDIA*M***MR*Y099982~NM1*82*1*LUCAS*PEGGI*S***XX*1366419582~REF*EA*D92ABD2C1D724FE5821A4DE89ED6D869~DTM*232*20200224~DTM*233*20200224~SVC*HC:99214:25*134*97.11**1~DTM*472*20200224~CAS*CO*45*36.89~REF*6R*CP4U0D63SM2A~AMT*B6*97.11~LQ*HE*N293~LQ*HE*N381~SVC*HC:96372*32*0**0**1~DTM*472*20200224~CAS*CO*109*32~REF*6R*CP4UWGQCUZJ6~LQ*HE*N293~LQ*HE*N381~SVC*HC:J2315*1805*1257.8**380~DTM*472*20200224~CAS*CO*45*547.2~REF*6R*CP4U54WK7Q5W~AMT*B6*1257.8~LQ*HE*N293~LQ*HE*N381~SVC*HC:81025*15*8.42**1~DTM*472*20200224~CAS*CO*45*6.58~REF*6R*CP4UW6JQW0H8~AMT*B6*8.42~LQ*HE*N293~LQ*HE*N381~CLP*000100031904*22*-2124.99*-1294.93**MC*2020101044070~NM1*QC*1*HOWARD*CLAUDIA*M***MR*Y099982~NM1*82*1*SEARLES*DENISE*A***XX*1396971230~REF*EA*70DAD021997249B9B4CF5D877F4C3AB5~DTM*232*20200320~DTM*233*20200320~SVC*HC:99214:25*-272.99*-97.11**1~DTM*472*20200320~CAS*CO*45*-175.88~REF*6R*CPFUTUQBUZXY~AMT*B6*97.11~LQ*HE*N77~LQ*HE*N381~SVC*HC:96372*-32*0**0**1~DTM*472*20200320~CAS*CO*109*-32~REF*6R*CPFUNPPJYDS1~LQ*HE*N77~LQ*HE*N381~SVC*HC:J2315*-1805*-1189.4**380~DTM*472*20200320~CAS*CO*45*-615.6~REF*6R*CPFU8NVPJ38H~AMT*B6*1189.4~LQ*HE*N77~LQ*HE*N381~SVC*HC:81025*-15*-8.42**1~DTM*472*20200320~CAS*CO*45*-6.58~REF*6R*CPFU4EX5YS2H~AMT*B6*8.42~LQ*HE*N77~LQ*HE*N381~CLP*000100031904*1*2124.99*1363.33**MC*5220129003668~NM1*QC*1*HOWARD*CLAUDIA*M***MR*Y099982~NM1*82*1*SEARLES*DENISE*A***XX*1396971230~REF*EA*70DAD021997249B9B4CF5D877F4C3AB5~DTM*232*20200320~DTM*233*20200320~SVC*HC:99214:25*272.99*97.11**1~DTM*472*20200320~CAS*CO*45*175.88~REF*6R*CPFUTUQBUZXY~AMT*B6*97.11~LQ*HE*N381~SVC*HC:96372*32*0**0**1~DTM*472*20200320~CAS*CO*109*32~REF*6R*CPFUNPPJYDS1~LQ*HE*N381~SVC*HC:J2315*1805*1257.8**380~DTM*472*20200320~CAS*CO*45*547.2~REF*6R*CPFU8NVPJ38H~AMT*B6*1257.8~LQ*HE*N381~SVC*HC:81025*15*8.42**1~DTM*472*20200320~CAS*CO*45*6.58~REF*6R*CPFU4EX5YS2H~AMT*B6*8.42~LQ*HE*N381~CLP*000100025193*22*-1986*-1298.65**MC*5820106018925~NM1*QC*1*HURTADO*SHANTEL****MR*P922130~NM1*82*1*SEARLES*DENISE*A***XX*1396971230~REF*EA*7345EFDE07654811B2EA14EC28E5A233~DTM*232*20191114~DTM*233*20191114~SVC*HC:99214:25*-134*-97.11**1~DTM*472*20191114~CAS*CO*45*-36.89~REF*6R*CPDT50LVDFLJ~AMT*B6*97.11~LQ*HE*N377~LQ*HE*N381~SVC*HC:96372*-32*0**0**1~DTM*472*20191114~CAS*CO*109*-32~REF*6R*CPDT4OGSEFKN~LQ*HE*N377~LQ*HE*N381~SVC*HC:J2315*-1805*-1193.2**380~DTM*472*20191114~CAS*CO*45*-611.8~REF*6R*CPDTGKV9XYO9~AMT*B6*1193.2~LQ*HE*N377~LQ*HE*N381~SVC*HC:81025*-15*-8.34**1~DTM*472*20191114~CAS*CO*45*-6.66~REF*6R*CPDTUH5N2O8R~AMT*B6*8.34~LQ*HE*N377~LQ*HE*N381~CLP*000100025193*1*1986*1298.73**MC*5220129003797~NM1*QC*1*HURTADO*SHANTEL****MR*P922130~NM1*82*1*SEARLES*DENISE*A***XX*1396971230~REF*EA*7345EFDE07654811B2EA14EC28E5A233~DTM*232*20191114~DTM*233*20191114~SVC*HC:99214:25*134*97.11**1~DTM*472*20191114~CAS*CO*45*36.89~REF*6R*CPDT50LVDFLJ~AMT*B6*97.11~LQ*HE*N381~SVC*HC:96372*32*0**0**1~DTM*472*20191114~CAS*CO*109*32~REF*6R*CPDT4OGSEFKN~LQ*HE*N381~SVC*HC:J2315*1805*1193.2**380~DTM*472*20191114~CAS*CO*45*611.8~REF*6R*CPDTGKV9XYO9~AMT*B6*1193.2~LQ*HE*N381~SVC*HC:81025*15*8.42**1~DTM*472*20191114~CAS*CO*45*6.58~REF*6R*CPDTUH5N2O8R~AMT*B6*8.42~LQ*HE*N381~CLP*000100027102*22*-1986*-1298.73**MC*2020008029531~NM1*QC*1*JANES*RACHEL*E***MR*P296378~NM1*82*1*SEARLES*DENISE*A***XX*1396971230~REF*EA*833E5EDA9E924402871CFC703D4DA456~DTM*232*20191220~DTM*233*20191220~SVC*HC:99214:25*-134*-97.11**1~DTM*472*20191220~CAS*CO*45*-36.89~REF*6R*CPK2QWVBUTFO~AMT*B6*97.11~LQ*HE*N381~SVC*HC:96372*-32*0**0**1~DTM*472*20191220~CAS*CO*109*-32~REF*6R*CPK2WV13J7C6~LQ*HE*N381~SVC*HC:J2315*-1805*-1193.2**380~DTM*472*20191220~CAS*CO*45*-611.8~REF*6R*CPK2HXV8BY9I~AMT*B6*1193.2~LQ*HE*N381~SVC*HC:81025*-15*-8.42**1~DTM*472*20191220~CAS*CO*45*-6.58~REF*6R*CPK280K6QB19~AMT*B6*8.42~LQ*HE*N381~CLP*000100027102*1*1986*1367.13**MC*5220129001376~NM1*QC*1*JANES*RACHEL*E***MR*P296378~NM1*82*1*SEARLES*DENISE*A***XX*1396971230~REF*EA*833E5EDA9E924402871CFC703D4DA456~DTM*232*20191220~DTM*233*20191220~SVC*HC:99214:25*134*97.11**1~DTM*472*20191220~CAS*CO*45*36.89~REF*6R*CPK2QWVBUTFO~AMT*B6*97.11~LQ*HE*N381~SVC*HC:96372*32*0**0**1~DTM*472*20191220~CAS*CO*109*32~REF*6R*CPK2WV13J7C6~LQ*HE*N381~SVC*HC:J2315*1805*1261.6**380~DTM*472*20191220~CAS*CO*45*543.4~REF*6R*CPK2HXV8BY9I~AMT*B6*1261.6~LQ*HE*N381~SVC*HC:81025*15*8.42**1~DTM*472*20191220~CAS*CO*45*6.58~REF*6R*CPK280K6QB19~AMT*B6*8.42~LQ*HE*N381~CLP*000100027346*22*-2217*-1431.48**MC*2020013056950~NM1*QC*1*JIRON*ROMAN****MR*G679343~NM1*82*1*LUCAS*PEGGI*S***XX*1366419582~REF*EA*475BDF7AA27C46E49CE32AE6F1F37E78~DTM*232*20191230~DTM*233*20191230~SVC*HC:99205:25*-255*-186.33**1~DTM*472*20191230~CAS*CO*45*-68.67~REF*6R*CPL6J4M68LL2~AMT*B6*186.33~LQ*HE*N381~SVC*HC:99415*-45*-7.11**1~DTM*472*20191230~CAS*CO*45*-37.89~REF*6R*CPL67FPV70LD~AMT*B6*7.11~LQ*HE*N381~SVC*HC:96372*-32*0**0**1~DTM*472*20191230~CAS*CO*109*-32~REF*6R*CPL62ZYPJMDG~LQ*HE*N381~SVC*HC:J2315*-1805*-1193.2**380~DTM*472*20191230~CAS*CO*45*-611.8~REF*6R*CPL6GJXTQC5G~AMT*B6*1193.2~LQ*HE*N381~SVC*HC:H0049*-36*-10.92**1~DTM*472*20191230~CAS*CO*45*-25.08~REF*6R*CPL6WOAGV1S7~AMT*B6*10.92~LQ*HE*N381~SVC*HC:G8431*-40*-30.52**1~DTM*472*20191230~CAS*CO*45*-9.48~REF*6R*CPL66PX5YF06~AMT*B6*30.52~LQ*HE*N381~SVC*HC:81002*-4*-3.4**1~DTM*472*20191230~CAS*CO*45*-.6~REF*6R*CPL6GYROHOG9~AMT*B6*3.4~LQ*HE*N381~CLP*000100027346*1*2217*1499.88**MC*5220129001411~NM1*QC*1*JIRON*ROMAN****MR*G679343~NM1*82*1*LUCAS*PEGGI*S***XX*1366419582~REF*EA*475BDF7AA27C46E49CE32AE6F1F37E78~DTM*232*20191230~DTM*233*20191230~SVC*HC:99205:25*255*186.33**1~DTM*472*20191230~CAS*CO*45*68.67~REF*6R*CPL6J4M68LL2~AMT*B6*186.33~LQ*HE*N381~SVC*HC:99415*45*7.11**1~DTM*472*20191230~CAS*CO*45*37.89~REF*6R*CPL67FPV70LD~AMT*B6*7.11~LQ*HE*N381~SVC*HC:96372*32*0**0**1~DTM*472*20191230~CAS*CO*109*32~REF*6R*CPL62ZYPJMDG~LQ*HE*N381~SVC*HC:J2315*1805*1261.6**380~DTM*472*20191230~CAS*CO*45*543.4~REF*6R*CPL6GJXTQC5G~AMT*B6*1261.6~LQ*HE*N381~SVC*HC:H0049*36*10.92**1~DTM*472*20191230~CAS*CO*45*25.08~REF*6R*CPL6WOAGV1S7~AMT*B6*10.92~LQ*HE*N381~SVC*HC:G8431*40*30.52**1~DTM*472*20191230~CAS*CO*45*9.48~REF*6R*CPL66PX5YF06~AMT*B6*30.52~LQ*HE*N381~SVC*HC:81002*4*3.4**1~DTM*472*20191230~CAS*CO*45*.6~REF*6R*CPL6GYROHOG9~AMT*B6*3.4~LQ*HE*N381~CLP*000100028887*22*-1971*-1286.51**MC*2020045063290~NM1*QC*1*JIRON*ROMAN****MR*G679343~NM1*82*1*LUCAS*PEGGI*S***XX*1366419582~REF*EA*7B5F5690BBB14D6BAF89D872B1EF35CE~DTM*232*20200127~DTM*233*20200127~SVC*HC:99214:25*-134*-97.11**1~DTM*472*20200127~CAS*CO*45*-36.89~REF*6R*CPVY5AUTWQGJ~AMT*B6*97.11~LQ*HE*N77~LQ*HE*N381~SVC*HC:96372*-32*0**0**1~DTM*472*20200127~CAS*CO*109*-32~REF*6R*CPVY3DKGSZ7E~LQ*HE*N77~LQ*HE*N381~SVC*HC:J2315*-1805*-1189.4**380~DTM*472*20200127~CAS*CO*45*-615.6~REF*6R*CPVYMRC451L2~AMT*B6*1189.4~LQ*HE*N77~LQ*HE*N381~CLP*000100028887*1*1971*1354.91**MC*5220129002622~NM1*QC*1*JIRON*ROMAN****MR*G679343~NM1*82*1*LUCAS*PEGGI*S***XX*1366419582~REF*EA*7B5F5690BBB14D6BAF89D872B1EF35CE~DTM*232*20200127~DTM*233*20200127~SVC*HC:99214:25*134*97.11**1~DTM*472*20200127~CAS*CO*45*36.89~REF*6R*CPVY5AUTWQGJ~AMT*B6*97.11~LQ*HE*N293~LQ*HE*N381~SVC*HC:96372*32*0**0**1~DTM*472*20200127~CAS*CO*109*32~REF*6R*CPVY3DKGSZ7E~LQ*HE*N293~LQ*HE*N381~SVC*HC:J2315*1805*1257.8**380~DTM*472*20200127~CAS*CO*45*547.2~REF*6R*CPVYMRC451L2~AMT*B6*1257.8~LQ*HE*N293~LQ*HE*N381~CLP*000100030365*22*-1971*-1286.51**MC*2020069057198~NM1*QC*1*JIRON*ROMAN****MR*G679343~NM1*82*1*LUCAS*PEGGI*S***XX*1366419582~REF*EA*AF5B9F24C226460D9C1EA42ADF99D28A~DTM*232*20200224~DTM*233*20200224~SVC*HC:99214:25*-134*-97.11**1~DTM*472*20200224~CAS*CO*45*-36.89~REF*6R*CP4U0N7DMZ1C~AMT*B6*97.11~LQ*HE*N77~LQ*HE*N381~SVC*HC:96372*-32*0**0**1~DTM*472*20200224~CAS*CO*109*-32~REF*6R*CP4UTI8B1FJ0~LQ*HE*N77~LQ*HE*N381~SVC*HC:J2315*-1805*-1189.4**380~DTM*472*20200224~CAS*CO*45*-615.6~REF*6R*CP4U7AZ5J9QG~AMT*B6*1189.4~LQ*HE*N77~LQ*HE*N381~CLP*000100030365*1*1971*1354.91**MC*5220129002989~NM1*QC*1*JIRON*ROMAN****MR*G679343~NM1*82*1*LUCAS*PEGGI*S***XX*1366419582~REF*EA*AF5B9F24C226460D9C1EA42ADF99D28A~DTM*232*20200224~DTM*233*20200224~SVC*HC:99214:25*134*97.11**1~DTM*472*20200224~CAS*CO*45*36.89~REF*6R*CP4U0N7DMZ1C~AMT*B6*97.11~LQ*HE*N293~LQ*HE*N381~SVC*HC:96372*32*0**0**1~DTM*472*20200224~CAS*CO*109*32~REF*6R*CP4UTI8B1FJ0~LQ*HE*N293~LQ*HE*N381~SVC*HC:J2315*1805*1257.8**380~DTM*472*20200224~CAS*CO*45*547.2~REF*6R*CP4U7AZ5J9QG~AMT*B6*1257.8~LQ*HE*N293~LQ*HE*N381~CLP*000100031631*22*-2011*-1297.51**MC*2020087054124~NM1*QC*1*JIRON*ROMAN****MR*G679343~NM1*82*1*HOOSHMAND-PARSI*KAYHOSROW****XX*1447291851~REF*EA*31728FDAF3684C2FA2420AE063A6A187~DTM*232*20200317~DTM*233*20200317~SVC*HC:99214:25*-134*-97.11**1~DTM*472*20200317~CAS*CO*45*-36.89~REF*6R*CP6AGRFBVPYJ~AMT*B6*97.11~LQ*HE*N77~LQ*HE*N381~SVC*HC:96372*-32*0**0**1~DTM*472*20200317~CAS*CO*109*-32~REF*6R*CP6ANVIGQA1A~LQ*HE*N77~LQ*HE*N381~SVC*HC:J2315*-1805*-1189.4**380~DTM*472*20200317~CAS*CO*45*-615.6~REF*6R*CP6A1FNYGN8C~AMT*B6*1189.4~LQ*HE*N77~LQ*HE*N381~SVC*HC:G8510*-40*-11**1~DTM*472*20200317~CAS*CO*45*-29~REF*6R*CP6AS7U1X9RT~AMT*B6*11~LQ*HE*N77~LQ*HE*N381~CLP*000100031631*1*2011*1365.91**MC*5220129003342~NM1*QC*1*JIRON*ROMAN****MR*G679343~NM1*82*1*HOOSHMAND-PARSI*KAYHOSROW****XX*1447291851~REF*EA*31728FDAF3684C2FA2420AE063A6A187~DTM*232*20200317~DTM*233*20200317~SVC*HC:99214:25*134*97.11**1~DTM*472*20200317~CAS*CO*45*36.89~REF*6R*CP6AGRFBVPYJ~AMT*B6*97.11~LQ*HE*N381~SVC*HC:96372*32*0**0**1~DTM*472*20200317~CAS*CO*109*32~REF*6R*CP6ANVIGQA1A~LQ*HE*N381~SVC*HC:J2315*1805*1257.8**380~DTM*472*20200317~CAS*CO*45*547.2~REF*6R*CP6A1FNYGN8C~AMT*B6*1257.8~LQ*HE*N381~SVC*HC:G8510*40*11**1~DTM*472*20200317~CAS*CO*45*29~REF*6R*CP6AS7U1X9RT~AMT*B6*11~LQ*HE*N381~CLP*000100032967*22*-1888.99*-1185.6**MC*2020122049361~NM1*QC*1*JIRON*ROMAN****MR*G679343~NM1*82*1*HOOSHMAND-PARSI*KAYHOSROW****XX*1447291851~REF*EA*5DF473090E3749DA9C01C46D652792BF~DTM*232*20200408~DTM*233*20200408~SVC*HC:96372*-83.99*0**0**1~DTM*472*20200408~CAS*CO*109*-83.99~REF*6R*CPOMJLEDYPHB~LQ*HE*N381~SVC*HC:J2315*-1805*-1185.6**380~DTM*472*20200408~CAS*CO*45*-619.4~REF*6R*CPOM360RUKPP~AMT*B6*1185.6~LQ*HE*N381~CLP*000100032967*1*1888.99*1254**MC*5220129004196~NM1*QC*1*JIRON*ROMAN****MR*G679343~NM1*82*1*HOOSHMAND-PARSI*KAYHOSROW****XX*1447291851~REF*EA*5DF473090E3749DA9C01C46D652792BF~DTM*232*20200408~DTM*233*20200408~SVC*HC:96372*83.99*0**0**1~DTM*472*20200408~CAS*CO*109*83.99~REF*6R*CPOMJLEDYPHB~LQ*HE*N381~SVC*HC:J2315*1805*1254**380~DTM*472*20200408~CAS*CO*45*551~REF*6R*CPOM360RUKPP~AMT*B6*1254~LQ*HE*N381~CLP*000100024919*22*-2167*-1373.19**MC*5820112017314~NM1*QC*1*JOHNS*ANTHONY****MR*Y863371~NM1*82*1*SEARLES*DENISE*A***XX*1396971230~REF*EA*83EF731566354EDA9EECC5A50CF177C6~DTM*232*20191108~DTM*233*20191108~SVC*HC:99204:25*-205*-147.59**1~DTM*472*20191108~CAS*PR*3*-2~CAS*CO*45*-55.41~REF*6R*CPD52OS3JZCK~AMT*B6*149.59~LQ*HE*N377~LQ*HE*N381~LQ*HE*N381~SVC*HC:99415*-45*-7.11**1~DTM*472*20191108~CAS*CO*45*-37.89~REF*6R*CPD518D75C57~AMT*B6*7.11~LQ*HE*N377~LQ*HE*N381~SVC*HC:96372*-32*0**0**1~DTM*472*20191108~CAS*CO*109*-32~REF*6R*CPD5Y79YPY4T~LQ*HE*N377~LQ*HE*N381~SVC*HC:J2315*-1805*-1193.2**380~DTM*472*20191108~CAS*CO*45*-611.8~REF*6R*CPD5V35U2TPN~AMT*B6*1193.2~LQ*HE*N377~LQ*HE*N381~SVC*HC:H0049*-36*-10.92**1~DTM*472*20191108~CAS*CO*45*-25.08~REF*6R*CPD5X2MPG9JU~AMT*B6*10.92~LQ*HE*N377~LQ*HE*N381~SVC*HC:G8510*-40*-11**1~DTM*472*20191108~CAS*CO*45*-29~REF*6R*CPD54UAULIOX~AMT*B6*11~LQ*HE*N377~LQ*HE*N381~SVC*HC:81002*-4*-3.37**1~DTM*472*20191108~CAS*CO*45*-.63~REF*6R*CPD52Q6X5WNH~AMT*B6*3.37~LQ*HE*N377~LQ*HE*N381~CLP*000100024919*1*2167*1373.22*2*MC*5220129003964~NM1*QC*1*JOHNS*ANTHONY****MR*Y863371~NM1*82*1*SEARLES*DENISE*A***XX*1396971230~REF*EA*83EF731566354EDA9EECC5A50CF177C6~DTM*232*20191108~DTM*233*20191108~SVC*HC:99204:25*205*147.59**1~DTM*472*20191108~CAS*PR*3*2~CAS*CO*45*55.41~REF*6R*CPD52OS3JZCK~AMT*B6*149.59~LQ*HE*N381~LQ*HE*N381~SVC*HC:99415*45*7.11**1~DTM*472*20191108~CAS*CO*45*37.89~REF*6R*CPD518D75C57~AMT*B6*7.11~LQ*HE*N381~SVC*HC:96372*32*0**0**1~DTM*472*20191108~CAS*CO*109*32~REF*6R*CPD5Y79YPY4T~LQ*HE*N381~SVC*HC:J2315*1805*1193.2**380~DTM*472*20191108~CAS*CO*45*611.8~REF*6R*CPD5V35U2TPN~AMT*B6*1193.2~LQ*HE*N381~SVC*HC:H0049*36*10.92**1~DTM*472*20191108~CAS*CO*45*25.08~REF*6R*CPD5X2MPG9JU~AMT*B6*10.92~LQ*HE*N381~SVC*HC:G8510*40*11**1~DTM*472*20191108~CAS*CO*45*29~REF*6R*CPD54UAULIOX~AMT*B6*11~LQ*HE*N381~SVC*HC:81002*4*3.4**1~DTM*472*20191108~CAS*CO*45*.6~REF*6R*CPD52Q6X5WNH~AMT*B6*3.4~LQ*HE*N381~CLP*000100030066*22*-1971*-1189.4**MC*2020069057288~NM1*QC*1*JOHNSON*GRANT*O***MR*P126521~NM1*82*1*SEARLES*DENISE*A***XX*1396971230~REF*EA*1BD355D9FC3749DE9E88E5BBE0CB15E7~DTM*232*20200218~DTM*233*20200218~SVC*HC:99214:25*-134*0**0**1~DTM*472*20200218~CAS*PI*16*-134~REF*6R*CP4UQ8B6OQLG~LQ*HE*N77~LQ*HE*N56~LQ*HE*N381~SVC*HC:96372*-32*0**0**1~DTM*472*20200218~CAS*CO*109*-32~REF*6R*CP4UUAMYPRJL~LQ*HE*N77~LQ*HE*N381~SVC*HC:J2315*-1805*-1189.4**380~DTM*472*20200218~CAS*CO*45*-615.6~REF*6R*CP4UUMTDO56D~AMT*B6*1189.4~LQ*HE*N77~LQ*HE*N381~CLP*000100030066*1*1971*1257.8**MC*5220129003004~NM1*QC*1*JOHNSON*GRANT*O***MR*P126521~NM1*82*1*SEARLES*DENISE*A***XX*1396971230~REF*EA*1BD355D9FC3749DE9E88E5BBE0CB15E7~DTM*232*20200218~DTM*233*20200218~SVC*HC:99214:25*134*0**0**1~DTM*472*20200218~CAS*PI*16*134~REF*6R*CP4UQ8B6OQLG~LQ*HE*N293~LQ*HE*N56~LQ*HE*N381~SVC*HC:96372*32*0**0**1~DTM*472*20200218~CAS*CO*109*32~REF*6R*CP4UUAMYPRJL~LQ*HE*N293~LQ*HE*N381~SVC*HC:J2315*1805*1257.8**380~DTM*472*20200218~CAS*CO*45*547.2~REF*6R*CP4UUMTDO56D~AMT*B6*1257.8~LQ*HE*N293~LQ*HE*N381~CLP*000100031914*22*-2109.99*-1284.51**MC*2020101044092~NM1*QC*1*JOHNSON*GRANT*O***MR*P126521~NM1*82*1*SEARLES*DENISE*A***XX*1396971230~REF*EA*91577C66B94D4002B591A8067A80D2D6~DTM*232*20200320~DTM*233*20200320~SVC*HC:99214:25*-272.99*-95.11**1~DTM*472*20200320~CAS*PR*3*-2~CAS*CO*45*-175.88~REF*6R*CPFUROYN5N6R~AMT*B6*97.11~LQ*HE*N77~LQ*HE*N381~LQ*HE*N381~SVC*HC:96372*-32*0**0**1~DTM*472*20200320~CAS*CO*109*-32~REF*6R*CPFUC0QR3MF9~LQ*HE*N77~LQ*HE*N381~SVC*HC:J2315*-1805*-1189.4**380~DTM*472*20200320~CAS*CO*45*-615.6~REF*6R*CPFUFMUA06HK~AMT*B6*1189.4~LQ*HE*N77~LQ*HE*N381~CLP*000100031914*1*2109.99*1352.91*2*MC*5220129003669~NM1*QC*1*JOHNSON*GRANT*O***MR*P126521~NM1*82*1*SEARLES*DENISE*A***XX*1396971230~REF*EA*91577C66B94D4002B591A8067A80D2D6~DTM*232*20200320~DTM*233*20200320~SVC*HC:99214:25*272.99*95.11**1~DTM*472*20200320~CAS*PR*3*2~CAS*CO*45*175.88~REF*6R*CPFUROYN5N6R~AMT*B6*97.11~LQ*HE*N381~LQ*HE*N381~SVC*HC:96372*32*0**0**1~DTM*472*20200320~CAS*CO*109*32~REF*6R*CPFUC0QR3MF9~LQ*HE*N381~SVC*HC:J2315*1805*1257.8**380~DTM*472*20200320~CAS*CO*45*547.2~REF*6R*CPFUFMUA06HK~AMT*B6*1257.8~LQ*HE*N381~CLP*000100033351*22*-1888.99*-1185.6**MC*2020122049439~NM1*QC*1*JOHNSON*GRANT*O***MR*P126521~NM1*82*1*SEARLES*DENISE*A***XX*1396971230~REF*EA*9039AE0850F444F680F57AAC7FC0B12D~DTM*232*20200417~DTM*233*20200417~SVC*HC:96372*-83.99*0**0**1~DTM*472*20200417~CAS*CO*109*-83.99~REF*6R*CPOMT7HRV7UA~LQ*HE*N381~SVC*HC:J2315*-1805*-1185.6**380~DTM*472*20200417~CAS*CO*45*-619.4~REF*6R*CPOMADCZPBUL~AMT*B6*1185.6~LQ*HE*N381~CLP*000100033351*1*1888.99*1254**MC*5220129004197~NM1*QC*1*JOHNSON*GRANT*O***MR*P126521~NM1*82*1*SEARLES*DENISE*A***XX*1396971230~REF*EA*9039AE0850F444F680F57AAC7FC0B12D~DTM*232*20200417~DTM*233*20200417~SVC*HC:96372*83.99*0**0**1~DTM*472*20200417~CAS*CO*109*83.99~REF*6R*CPOMT7HRV7UA~LQ*HE*N381~SVC*HC:J2315*1805*1254**380~DTM*472*20200417~CAS*CO*45*551~REF*6R*CPOMADCZPBUL~AMT*B6*1254~LQ*HE*N381~CLP*000100026935*22*-1986*-1298.73**MC*2020001016721~NM1*QC*1*JOHNSON*NORA****MR*J694925~NM1*82*1*KLAKER*JULIE*M***XX*1215134705~REF*EA*F2A2865258294627AA2B8F59904AA131~DTM*232*20191218~DTM*233*20191218~SVC*HC:99214:25*-134*-97.11**1~DTM*472*20191218~CAS*CO*45*-36.89~REF*6R*CPKMIUGDZ5U3~AMT*B6*97.11~LQ*HE*N381~SVC*HC:96372*-32*0**0**1~DTM*472*20191218~CAS*CO*109*-32~REF*6R*CPKMDR4V44LX~LQ*HE*N381~SVC*HC:J2315*-1805*-1193.2**380~DTM*472*20191218~CAS*CO*45*-611.8~REF*6R*CPKMRHMHFAQK~AMT*B6*1193.2~LQ*HE*N381~SVC*HC:81025*-15*-8.42**1~DTM*472*20191218~CAS*CO*45*-6.58~REF*6R*CPKM80YXTQFT~AMT*B6*8.42~LQ*HE*N381~CLP*000100026935*1*1986*1367.13**MC*5220129001314~NM1*QC*1*JOHNSON*NORA****MR*J694925~NM1*82*1*KLAKER*JULIE*M***XX*1215134705~REF*EA*F2A2865258294627AA2B8F59904AA131~DTM*232*20191218~DTM*233*20191218~SVC*HC:99214:25*134*97.11**1~DTM*472*20191218~CAS*CO*45*36.89~REF*6R*CPKMIUGDZ5U3~AMT*B6*97.11~LQ*HE*N381~SVC*HC:96372*32*0**0**1~DTM*472*20191218~CAS*CO*109*32~REF*6R*CPKMDR4V44LX~LQ*HE*N381~SVC*HC:J2315*1805*1261.6**380~DTM*472*20191218~CAS*CO*45*543.4~REF*6R*CPKMRHMHFAQK~AMT*B6*1261.6~LQ*HE*N381~SVC*HC:81025*15*8.42**1~DTM*472*20191218~CAS*CO*45*6.58~REF*6R*CPKM80YXTQFT~AMT*B6*8.42~LQ*HE*N381~CLP*000100028257*22*-1942*-1263.63**MC*2020035060398~NM1*QC*1*JOHNSON*NORA****MR*J694925~NM1*82*1*GRONEMEYER*LEANNE*R***XX*1659521045~REF*EA*5B506B3A397F49B9A3F487B9AD4FC695~DTM*232*20200115~DTM*233*20200115~SVC*HC:99213:25*-90*-65.81**1~DTM*472*20200115~CAS*CO*45*-24.19~REF*6R*CPUYSA5LEAR4~AMT*B6*65.81~LQ*HE*N77~LQ*HE*N381~SVC*HC:96372*-32*0**0**1~DTM*472*20200115~CAS*CO*109*-32~REF*6R*CPUYPOE3P1LA~LQ*HE*N77~LQ*HE*N381~SVC*HC:J2315*-1805*-1189.4**380~DTM*472*20200115~CAS*CO*45*-615.6~REF*6R*CPUY6T2W7EEP~AMT*B6*1189.4~LQ*HE*N77~LQ*HE*N381~SVC*HC:81025*-15*-8.42**1~DTM*472*20200115~CAS*CO*45*-6.58~REF*6R*CPUYO09STE4D~AMT*B6*8.42~LQ*HE*N77~LQ*HE*N381~CLP*000100028257*1*1942*1332.03**MC*5220129002183~NM1*QC*1*JOHNSON*NORA****MR*J694925~NM1*82*1*GRONEMEYER*LEANNE*R***XX*1659521045~REF*EA*5B506B3A397F49B9A3F487B9AD4FC695~DTM*232*20200115~DTM*233*20200115~SVC*HC:99213:25*90*65.81**1~DTM*472*20200115~CAS*CO*45*24.19~REF*6R*CPUYSA5LEAR4~AMT*B6*65.81~LQ*HE*N293~LQ*HE*N381~SVC*HC:96372*32*0**0**1~DTM*472*20200115~CAS*CO*109*32~REF*6R*CPUYPOE3P1LA~LQ*HE*N293~LQ*HE*N381~SVC*HC:J2315*1805*1257.8**380~DTM*472*20200115~CAS*CO*45*547.2~REF*6R*CPUY6T2W7EEP~AMT*B6*1257.8~LQ*HE*N293~LQ*HE*N381~SVC*HC:81025*15*8.42**1~DTM*472*20200115~CAS*CO*45*6.58~REF*6R*CPUYO09STE4D~AMT*B6*8.42~LQ*HE*N293~LQ*HE*N381~CLP*000100028716*22*-1986*-1294.93**MC*2020035060043~NM1*QC*1*LINDSAY SANDERS*SHABREA*D***MR*Q818873~NM1*74*1*LINDSAYSANDERS~NM1*82*1*SEARLES*DENISE*A***XX*1396971230~REF*EA*B543960C737B436DB17EBBD24724D9A2~DTM*232*20200123~DTM*233*20200123~SVC*HC:99214:25*-134*-97.11**1~DTM*472*20200123~CAS*CO*45*-36.89~REF*6R*CPUYYC433SSF~AMT*B6*97.11~LQ*HE*N77~LQ*HE*N381~SVC*HC:96372*-32*0**0**1~DTM*472*20200123~CAS*CO*109*-32~REF*6R*CPUYWVQ9EUR0~LQ*HE*N77~LQ*HE*N381~SVC*HC:J2315*-1805*-1189.4**380~DTM*472*20200123~CAS*CO*45*-615.6~REF*6R*CPUYEWVIOIDB~AMT*B6*1189.4~LQ*HE*N77~LQ*HE*N381~SVC*HC:81025*-15*-8.42**1~DTM*472*20200123~CAS*CO*45*-6.58~REF*6R*CPUYZKPPZ5KK~AMT*B6*8.42~LQ*HE*N77~LQ*HE*N381~CLP*000100028716*1*1986*1363.33**MC*5220129002180~NM1*QC*1*LINDSAY SANDERS*SHABREA*D***MR*Q818873~NM1*74*1*LINDSAYSANDERS~NM1*82*1*SEARLES*DENISE*A***XX*1396971230~REF*EA*B543960C737B436DB17EBBD24724D9A2~DTM*232*20200123~DTM*233*20200123~SVC*HC:99214:25*134*97.11**1~DTM*472*20200123~CAS*CO*45*36.89~REF*6R*CPUYYC433SSF~AMT*B6*97.11~LQ*HE*N293~LQ*HE*N381~SVC*HC:96372*32*0**0**1~DTM*472*20200123~CAS*CO*109*32~REF*6R*CPUYWVQ9EUR0~LQ*HE*N293~LQ*HE*N381~SVC*HC:J2315*1805*1257.8**380~DTM*472*20200123~CAS*CO*45*547.2~REF*6R*CPUYEWVIOIDB~AMT*B6*1257.8~LQ*HE*N293~LQ*HE*N381~SVC*HC:81025*15*8.42**1~DTM*472*20200123~CAS*CO*45*6.58~REF*6R*CPUYZKPPZ5KK~AMT*B6*8.42~LQ*HE*N293~LQ*HE*N381~CLP*000100030249*22*-1986*-1294.93**MC*2020069057179~NM1*QC*1*LINDSAY SANDERS*SHABREA*D***MR*Q818873~NM1*74*1*LINDSAYSANDERS~NM1*82*1*SEARLES*DENISE*A***XX*1396971230~REF*EA*2693490C855C43A09DACFACF8C5AD2C8~DTM*232*20200220~DTM*233*20200220~SVC*HC:99214:25*-134*-97.11**1~DTM*472*20200220~CAS*CO*45*-36.89~REF*6R*CP4UWL88MJU1~AMT*B6*97.11~LQ*HE*N77~LQ*HE*N381~SVC*HC:96372*-32*0**0**1~DTM*472*20200220~CAS*CO*109*-32~REF*6R*CP4U5SHLFH5E~LQ*HE*N77~LQ*HE*N381~SVC*HC:J2315*-1805*-1189.4**380~DTM*472*20200220~CAS*CO*45*-615.6~REF*6R*CP4UA2X69LAC~AMT*B6*1189.4~LQ*HE*N77~LQ*HE*N381~SVC*HC:81025*-15*-8.42**1~DTM*472*20200220~CAS*CO*45*-6.58~REF*6R*CP4UN7JUQ77O~AMT*B6*8.42~LQ*HE*N77~LQ*HE*N381~CLP*000100030249*1*1986*1363.33**MC*5220129002985~NM1*QC*1*LINDSAY SANDERS*SHABREA*D***MR*Q818873~NM1*74*1*LINDSAYSANDERS~NM1*82*1*SEARLES*DENISE*A***XX*1396971230~REF*EA*2693490C855C43A09DACFACF8C5AD2C8~DTM*232*20200220~DTM*233*20200220~SVC*HC:99214:25*134*97.11**1~DTM*472*20200220~CAS*CO*45*36.89~REF*6R*CP4UWL88MJU1~AMT*B6*97.11~LQ*HE*N293~LQ*HE*N381~SVC*HC:96372*32*0**0**1~DTM*472*20200220~CAS*CO*109*32~REF*6R*CP4U5SHLFH5E~LQ*HE*N293~LQ*HE*N381~SVC*HC:J2315*1805*1257.8**380~DTM*472*20200220~CAS*CO*45*547.2~REF*6R*CP4UA2X69LAC~AMT*B6*1257.8~LQ*HE*N293~LQ*HE*N381~SVC*HC:81025*15*8.42**1~DTM*472*20200220~CAS*CO*45*6.58~REF*6R*CP4UN7JUQ77O~AMT*B6*8.42~LQ*HE*N293~LQ*HE*N381~CLP*000100031801*22*-1986*-1294.93**MC*2020101043923~NM1*QC*1*LINDSAY SANDERS*SHABREA*D***MR*Q818873~NM1*74*1*LINDSAYSANDERS~NM1*82*1*SEARLES*DENISE*A***XX*1396971230~REF*EA*1F43E409875F4E98AB2639D2FE5E63FB~DTM*232*20200319~DTM*233*20200319~SVC*HC:99214:25*-134*-97.11**1~DTM*472*20200319~CAS*CO*45*-36.89~REF*6R*CPFUU9OUJ3C2~AMT*B6*97.11~LQ*HE*N77~LQ*HE*N381~SVC*HC:96372*-32*0**0**1~DTM*472*20200319~CAS*CO*109*-32~REF*6R*CPFUS8NMGXAG~LQ*HE*N77~LQ*HE*N381~SVC*HC:J2315*-1805*-1189.4**380~DTM*472*20200319~CAS*CO*45*-615.6~REF*6R*CPFU4WO9KX44~AMT*B6*1189.4~LQ*HE*N77~LQ*HE*N381~SVC*HC:81025*-15*-8.42**1~DTM*472*20200319~CAS*CO*45*-6.58~REF*6R*CPFUH8BC6JZP~AMT*B6*8.42~LQ*HE*N77~LQ*HE*N381~CLP*000100031801*1*1986*1363.33**MC*5220129003667~NM1*QC*1*LINDSAY SANDERS*SHABREA*D***MR*Q818873~NM1*74*1*LINDSAYSANDERS~NM1*82*1*SEARLES*DENISE*A***XX*1396971230~REF*EA*1F43E409875F4E98AB2639D2FE5E63FB~DTM*232*20200319~DTM*233*20200319~SVC*HC:99214:25*134*97.11**1~DTM*472*20200319~CAS*CO*45*36.89~REF*6R*CPFUU9OUJ3C2~AMT*B6*97.11~LQ*HE*N381~SVC*HC:96372*32*0**0**1~DTM*472*20200319~CAS*CO*109*32~REF*6R*CPFUS8NMGXAG~LQ*HE*N381~SVC*HC:J2315*1805*1257.8**380~DTM*472*20200319~CAS*CO*45*547.2~REF*6R*CPFU4WO9KX44~AMT*B6*1257.8~LQ*HE*N381~SVC*HC:81025*15*8.42**1~DTM*472*20200319~CAS*CO*45*6.58~REF*6R*CPFUH8BC6JZP~AMT*B6*8.42~LQ*HE*N381~CLP*000100033338*22*-1903.99*-1185.6**MC*2020122049337~NM1*QC*1*LINDSAY SANDERS*SHABREA*D***MR*Q818873~NM1*74*1*LINDSAYSANDERS~NM1*82*1*SEARLES*DENISE*A***XX*1396971230~REF*EA*6D3CF1979E9A45F6AF90F0AE8EB0D874~DTM*232*20200416~DTM*233*20200416~SVC*HC:96372*-83.99*0**0**1~DTM*472*20200416~CAS*CO*109*-83.99~REF*6R*CPOMVO9832Z5~LQ*HE*N381~SVC*HC:J2315*-1805*-1185.6**380~DTM*472*20200416~CAS*CO*45*-619.4~REF*6R*CPOM49AG5RN6~AMT*B6*1185.6~LQ*HE*N381~SVC*HC:81025*-15*0**0**1~DTM*472*20200416~CAS*PI*5*-15~REF*6R*CPOMS4OSPL7H~LQ*HE*M77~LQ*HE*M77~CLP*000100033338*1*1903.99*1254**MC*5220129004195~NM1*QC*1*LINDSAY SANDERS*SHABREA*D***MR*Q818873~NM1*74*1*LINDSAYSANDERS~NM1*82*1*SEARLES*DENISE*A***XX*1396971230~REF*EA*6D3CF1979E9A45F6AF90F0AE8EB0D874~DTM*232*20200416~DTM*233*20200416~SVC*HC:96372*83.99*0**0**1~DTM*472*20200416~CAS*CO*109*83.99~REF*6R*CPOMVO9832Z5~LQ*HE*N381~SVC*HC:J2315*1805*1254**380~DTM*472*20200416~CAS*CO*45*551~REF*6R*CPOM49AG5RN6~AMT*B6*1254~LQ*HE*N381~SVC*HC:81025*15*0**0**1~DTM*472*20200416~CAS*PI*5*15~REF*6R*CPOMS4OSPL7H~LQ*HE*M77~LQ*HE*M77~CLP*000100028757*22*-1971*-1286.51**MC*2020035060491~NM1*QC*1*LOBERG*JACK*D***MR*L114948~NM1*82*1*SEARLES*DENISE*A***XX*1396971230~REF*EA*153173F1349142748133FFBE2F9DEF04~DTM*232*20200124~DTM*233*20200124~SVC*HC:99214:25*-134*-97.11**1~DTM*472*20200124~CAS*CO*45*-36.89~REF*6R*CPUYJYJ6S0UV~AMT*B6*97.11~LQ*HE*N77~LQ*HE*N381~SVC*HC:96372*-32*0**0**1~DTM*472*20200124~CAS*CO*109*-32~REF*6R*CPUY0Z0T4Q0J~LQ*HE*N77~LQ*HE*N381~SVC*HC:J2315*-1805*-1189.4**380~DTM*472*20200124~CAS*CO*45*-615.6~REF*6R*CPUYKACL4B8B~AMT*B6*1189.4~LQ*HE*N77~LQ*HE*N381~CLP*000100028757*1*1971*1354.91**MC*5220129002187~NM1*QC*1*LOBERG*JACK*D***MR*L114948~NM1*82*1*SEARLES*DENISE*A***XX*1396971230~REF*EA*153173F1349142748133FFBE2F9DEF04~DTM*232*20200124~DTM*233*20200124~SVC*HC:99214:25*134*97.11**1~DTM*472*20200124~CAS*CO*45*36.89~REF*6R*CPUYJYJ6S0UV~AMT*B6*97.11~LQ*HE*N293~LQ*HE*N381~SVC*HC:96372*32*0**0**1~DTM*472*20200124~CAS*CO*109*32~REF*6R*CPUY0Z0T4Q0J~LQ*HE*N293~LQ*HE*N381~SVC*HC:J2315*1805*1257.8**380~DTM*472*20200124~CAS*CO*45*547.2~REF*6R*CPUYKACL4B8B~AMT*B6*1257.8~LQ*HE*N293~LQ*HE*N381~CLP*000100031624*22*-1986*-1294.93**MC*2020087054333~NM1*QC*1*LOPEZ*JENNIFER*R***MR*M621859~NM1*82*1*HOOSHMAND-PARSI*KAYHOSROW****XX*1447291851~REF*EA*FFDCEA1B99E8456381104D44556DF730~DTM*232*20200317~DTM*233*20200317~SVC*HC:99214:25*-134*-97.11**1~DTM*472*20200317~CAS*CO*45*-36.89~REF*6R*CP6AMBF7FTSH~AMT*B6*97.11~LQ*HE*N77~LQ*HE*N381~SVC*HC:96372*-32*0**0**1~DTM*472*20200317~CAS*CO*109*-32~REF*6R*CP6AEM278E1R~LQ*HE*N77~LQ*HE*N381~SVC*HC:J2315*-1805*-1189.4**380~DTM*472*20200317~CAS*CO*45*-615.6~REF*6R*CP6AOGO6YDSV~AMT*B6*1189.4~LQ*HE*N77~LQ*HE*N381~SVC*HC:81025*-15*-8.42**1~DTM*472*20200317~CAS*CO*45*-6.58~REF*6R*CP6AOAYDAPQS~AMT*B6*8.42~LQ*HE*N77~LQ*HE*N381~CLP*000100031624*1*1986*1363.33**MC*5220129003347~NM1*QC*1*LOPEZ*JENNIFER*R***MR*M621859~NM1*82*1*HOOSHMAND-PARSI*KAYHOSROW****XX*1447291851~REF*EA*FFDCEA1B99E8456381104D44556DF730~DTM*232*20200317~DTM*233*20200317~SVC*HC:99214:25*134*97.11**1~DTM*472*20200317~CAS*CO*45*36.89~REF*6R*CP6AMBF7FTSH~AMT*B6*97.11~LQ*HE*N381~SVC*HC:96372*32*0**0**1~DTM*472*20200317~CAS*CO*109*32~REF*6R*CP6AEM278E1R~LQ*HE*N381~SVC*HC:J2315*1805*1257.8**380~DTM*472*20200317~CAS*CO*45*547.2~REF*6R*CP6AOGO6YDSV~AMT*B6*1257.8~LQ*HE*N381~SVC*HC:81025*15*8.42**1~DTM*472*20200317~CAS*CO*45*6.58~REF*6R*CP6AOAYDAPQS~AMT*B6*8.42~LQ*HE*N381~CLP*000100021760*22*-2035.99*-1331.1**MC*5820104007894~NM1*QC*1*LOPEZ*JENNIFER*R***MR*M621859~NM1*82*1*HOOSHMAND-PARSI*KAYHOSROW****XX*1447291851~REF*EA*BD2F796EBC35475BB5729E2B0ACDCCC9~DTM*232*20190829~DTM*233*20190829~SVC*HC:99215:25*-180*-129.99**1~DTM*472*20190829~CAS*CO*45*-50.01~REF*6R*CPTT023UOFCB~AMT*B6*129.99~LQ*HE*N377~LQ*HE*N381~SVC*HC:96372*-32*0**0**1~DTM*472*20190829~CAS*CO*109*-32~REF*6R*CPTTEEB7FJK9~LQ*HE*N377~LQ*HE*N381~SVC*HC:J2315*-1805*-1189.4**380~DTM*472*20190829~CAS*CO*45*-615.6~REF*6R*CPTTT2JP6RE2~AMT*B6*1189.4~LQ*HE*N377~LQ*HE*N381~SVC*HC:81002*-3.99*-3.37**1~DTM*472*20190829~CAS*CO*45*-.62~REF*6R*CPTTS4PHQE2H~AMT*B6*3.37~LQ*HE*N377~LQ*HE*N381~SVC*HC:81025*-15*-8.34**1~DTM*472*20190829~CAS*CO*45*-6.66~REF*6R*CPTTQ030608W~AMT*B6*8.34~LQ*HE*N377~LQ*HE*N381~CLP*000100021760*1*2035.99*1331.21**MC*5220129003693~NM1*QC*1*LOPEZ*JENNIFER*R***MR*M621859~NM1*82*1*HOOSHMAND-PARSI*KAYHOSROW****XX*1447291851~REF*EA*BD2F796EBC35475BB5729E2B0ACDCCC9~DTM*232*20190829~DTM*233*20190829~SVC*HC:99215:25*180*129.99**1~DTM*472*20190829~CAS*CO*45*50.01~REF*6R*CPTT023UOFCB~AMT*B6*129.99~LQ*HE*N381~SVC*HC:96372*32*0**0**1~DTM*472*20190829~CAS*CO*109*32~REF*6R*CPTTEEB7FJK9~LQ*HE*N381~SVC*HC:J2315*1805*1189.4**380~DTM*472*20190829~CAS*CO*45*615.6~REF*6R*CPTTT2JP6RE2~AMT*B6*1189.4~LQ*HE*N381~SVC*HC:81002*3.99*3.4**1~DTM*472*20190829~CAS*CO*45*.59~REF*6R*CPTTS4PHQE2H~AMT*B6*3.4~LQ*HE*N381~SVC*HC:81025*15*8.42**1~DTM*472*20190829~CAS*CO*45*6.58~REF*6R*CPTTQ030608W~AMT*B6*8.42~LQ*HE*N381~CLP*000100027208*22*-1971*-1290.31**MC*2020008029835~NM1*QC*1*MAES*ERNEST*R***MR*K993029~NM1*82*1*SEARLES*DENISE*A***XX*1396971230~REF*EA*96F09F21B86048F18533230E076899B3~DTM*232*20191226~DTM*233*20191226~SVC*HC:99214:25*-134*-97.11**1~DTM*472*20191226~CAS*CO*45*-36.89~REF*6R*CPK2NVCBKWEQ~AMT*B6*97.11~LQ*HE*N381~SVC*HC:96372*-32*0**0**1~DTM*472*20191226~CAS*CO*109*-32~REF*6R*CPK26Z0II1VM~LQ*HE*N381~SVC*HC:J2315*-1805*-1193.2**380~DTM*472*20191226~CAS*CO*45*-611.8~REF*6R*CPK2BL6MGWMV~AMT*B6*1193.2~LQ*HE*N381~CLP*000100027208*1*1971*1358.71**MC*5220129001377~NM1*QC*1*MAES*ERNEST*R***MR*K993029~NM1*82*1*SEARLES*DENISE*A***XX*1396971230~REF*EA*96F09F21B86048F18533230E076899B3~DTM*232*20191226~DTM*233*20191226~SVC*HC:99214:25*134*97.11**1~DTM*472*20191226~CAS*CO*45*36.89~REF*6R*CPK2NVCBKWEQ~AMT*B6*97.11~LQ*HE*N381~SVC*HC:96372*32*0**0**1~DTM*472*20191226~CAS*CO*109*32~REF*6R*CPK26Z0II1VM~LQ*HE*N381~SVC*HC:J2315*1805*1261.6**380~DTM*472*20191226~CAS*CO*45*543.4~REF*6R*CPK2BL6MGWMV~AMT*B6*1261.6~LQ*HE*N381~CLP*000100028669*22*-1971*-1286.51**MC*2020035060356~NM1*QC*1*MAES*ERNEST*R***MR*K993029~NM1*82*1*SEARLES*DENISE*A***XX*1396971230~REF*EA*62653CE436F24AD9819945D5BF871E6C~DTM*232*20200123~DTM*233*20200123~SVC*HC:99214:25*-134*-97.11**1~DTM*472*20200123~CAS*CO*45*-36.89~REF*6R*CPUY2RONI2UN~AMT*B6*97.11~LQ*HE*N77~LQ*HE*N381~SVC*HC:96372*-32*0**0**1~DTM*472*20200123~CAS*CO*109*-32~REF*6R*CPUY5LO5YX12~LQ*HE*N77~LQ*HE*N381~SVC*HC:J2315*-1805*-1189.4**380~DTM*472*20200123~CAS*CO*45*-615.6~REF*6R*CPUY175RC2C5~AMT*B6*1189.4~LQ*HE*N77~LQ*HE*N381~CLP*000100028669*1*1971*1354.91**MC*5220129002182~NM1*QC*1*MAES*ERNEST*R***MR*K993029~NM1*82*1*SEARLES*DENISE*A***XX*1396971230~REF*EA*62653CE436F24AD9819945D5BF871E6C~DTM*232*20200123~DTM*233*20200123~SVC*HC:99214:25*134*97.11**1~DTM*472*20200123~CAS*CO*45*36.89~REF*6R*CPUY2RONI2UN~AMT*B6*97.11~LQ*HE*N293~LQ*HE*N381~SVC*HC:96372*32*0**0**1~DTM*472*20200123~CAS*CO*109*32~REF*6R*CPUY5LO5YX12~LQ*HE*N293~LQ*HE*N381~SVC*HC:J2315*1805*1257.8**380~DTM*472*20200123~CAS*CO*45*547.2~REF*6R*CPUY175RC2C5~AMT*B6*1257.8~LQ*HE*N293~LQ*HE*N381~CLP*000100030642*22*-1971*-1286.51**MC*2020076055269~NM1*QC*1*MAES*ERNEST*R***MR*K993029~NM1*82*1*SEARLES*DENISE*A***XX*1396971230~REF*EA*12DEF382467B4B07AF6D5D00FDD45D62~DTM*232*20200227~DTM*233*20200227~SVC*HC:99214:25*-134*-97.11**1~DTM*472*20200227~CAS*CO*45*-36.89~REF*6R*CP5ILMUQ6F4M~AMT*B6*97.11~LQ*HE*N77~LQ*HE*N381~SVC*HC:96372*-32*0**0**1~DTM*472*20200227~CAS*CO*109*-32~REF*6R*CP5IEK32QZXO~LQ*HE*N77~LQ*HE*N381~SVC*HC:J2315*-1805*-1189.4**380~DTM*472*20200227~CAS*CO*45*-615.6~REF*6R*CP5IM8VYA6F4~AMT*B6*1189.4~LQ*HE*N77~LQ*HE*N381~CLP*000100030642*1*1971*1354.91**MC*5220129003128~NM1*QC*1*MAES*ERNEST*R***MR*K993029~NM1*82*1*SEARLES*DENISE*A***XX*1396971230~REF*EA*12DEF382467B4B07AF6D5D00FDD45D62~DTM*232*20200227~DTM*233*20200227~SVC*HC:99214:25*134*97.11**1~DTM*472*20200227~CAS*CO*45*36.89~REF*6R*CP5ILMUQ6F4M~AMT*B6*97.11~LQ*HE*N293~LQ*HE*N381~SVC*HC:96372*32*0**0**1~DTM*472*20200227~CAS*CO*109*32~REF*6R*CP5IEK32QZXO~LQ*HE*N293~LQ*HE*N381~SVC*HC:J2315*1805*1257.8**380~DTM*472*20200227~CAS*CO*45*547.2~REF*6R*CP5IM8VYA6F4~AMT*B6*1257.8~LQ*HE*N293~LQ*HE*N381~CLP*000100022524*22*-2216.99*-1408.13**MC*5820100048516~NM1*QC*1*MAES*ERNEST*R***MR*K993029~NM1*82*1*HOOSHMAND-PARSI*KAYHOSROW****XX*1447291851~REF*EA*8329ED34B2E143B3910A76E10968225D~DTM*232*20190919~DTM*233*20190919~SVC*HC:99205:25*-255*-186.33**1~DTM*472*20190919~CAS*CO*45*-68.67~REF*6R*CPUX0GZTY4PK~AMT*B6*186.33~LQ*HE*N377~LQ*HE*N381~SVC*HC:99415*-45*-7.11**1~DTM*472*20190919~CAS*CO*45*-37.89~REF*6R*CPUXJ1KSZYNU~AMT*B6*7.11~LQ*HE*N377~LQ*HE*N381~SVC*HC:96372*-32*0**0**1~DTM*472*20190919~CAS*CO*109*-32~REF*6R*CPUXT4DGMFIV~LQ*HE*N377~LQ*HE*N381~SVC*HC:J2315*-1805*-1189.4**380~DTM*472*20190919~CAS*CO*45*-615.6~REF*6R*CPUXVZ8R2L1D~AMT*B6*1189.4~LQ*HE*N377~LQ*HE*N381~SVC*HC:H0049*-36*-10.92**1~DTM*472*20190919~CAS*CO*45*-25.08~REF*6R*CPUXVTK2J22O~AMT*B6*10.92~LQ*HE*N377~LQ*HE*N381~SVC*HC:G8510*-40*-11**1~DTM*472*20190919~CAS*CO*45*-29~REF*6R*CPUXCDB0EA9Y~AMT*B6*11~LQ*HE*N377~LQ*HE*N381~SVC*HC:81002*-3.99*-3.37**1~DTM*472*20190919~CAS*CO*45*-.62~REF*6R*CPUXYSBB25MZ~AMT*B6*3.37~LQ*HE*N377~LQ*HE*N381~CLP*000100022524*1*2216.99*1408.16**MC*5220129003640~NM1*QC*1*MAES*ERNEST*R***MR*K993029~NM1*82*1*HOOSHMAND-PARSI*KAYHOSROW****XX*1447291851~REF*EA*8329ED34B2E143B3910A76E10968225D~DTM*232*20190919~DTM*233*20190919~SVC*HC:99205:25*255*186.33**1~DTM*472*20190919~CAS*CO*45*68.67~REF*6R*CPUX0GZTY4PK~AMT*B6*186.33~LQ*HE*N381~SVC*HC:99415*45*7.11**1~DTM*472*20190919~CAS*CO*45*37.89~REF*6R*CPUXJ1KSZYNU~AMT*B6*7.11~LQ*HE*N381~SVC*HC:96372*32*0**0**1~DTM*472*20190919~CAS*CO*109*32~REF*6R*CPUXT4DGMFIV~LQ*HE*N381~SVC*HC:J2315*1805*1189.4**380~DTM*472*20190919~CAS*CO*45*615.6~REF*6R*CPUXVZ8R2L1D~AMT*B6*1189.4~LQ*HE*N381~SVC*HC:H0049*36*10.92**1~DTM*472*20190919~CAS*CO*45*25.08~REF*6R*CPUXVTK2J22O~AMT*B6*10.92~LQ*HE*N381~SVC*HC:G8510*40*11**1~DTM*472*20190919~CAS*CO*45*29~REF*6R*CPUXCDB0EA9Y~AMT*B6*11~LQ*HE*N381~SVC*HC:81002*3.99*3.4**1~DTM*472*20190919~CAS*CO*45*.59~REF*6R*CPUXYSBB25MZ~AMT*B6*3.4~LQ*HE*N381~CLP*000100023931*22*-1927*-1259.01**MC*5820112016046~NM1*QC*1*MAES*ERNEST*R***MR*K993029~NM1*82*1*SEARLES*DENISE*A***XX*1396971230~REF*EA*86CDEDB01A8149288C27B5AA0AF5883D~DTM*232*20191018~DTM*233*20191018~SVC*HC:99213:25*-90*-65.81**1~DTM*472*20191018~CAS*CO*45*-24.19~REF*6R*CP4X99SWEW91~AMT*B6*65.81~LQ*HE*N377~LQ*HE*N381~SVC*HC:96372*-32*0**0**1~DTM*472*20191018~CAS*CO*109*-32~REF*6R*CP4XVYWGRCVO~LQ*HE*N377~LQ*HE*N381~SVC*HC:J2315*-1805*-1193.2**380~DTM*472*20191018~CAS*CO*45*-611.8~REF*6R*CP4XSDTHCVNC~AMT*B6*1193.2~LQ*HE*N377~LQ*HE*N381~CLP*000100023931*1*1927*1259.01**MC*5220129003962~NM1*QC*1*MAES*ERNEST*R***MR*K993029~NM1*82*1*SEARLES*DENISE*A***XX*1396971230~REF*EA*86CDEDB01A8149288C27B5AA0AF5883D~DTM*232*20191018~DTM*233*20191018~SVC*HC:99213:25*90*65.81**1~DTM*472*20191018~CAS*CO*45*24.19~REF*6R*CP4X99SWEW91~AMT*B6*65.81~LQ*HE*N381~SVC*HC:96372*32*0**0**1~DTM*472*20191018~CAS*CO*109*32~REF*6R*CP4XVYWGRCVO~LQ*HE*N381~SVC*HC:J2315*1805*1193.2**380~DTM*472*20191018~CAS*CO*45*611.8~REF*6R*CP4XSDTHCVNC~AMT*B6*1193.2~LQ*HE*N381~CLP*000100032194*22*-2161.98*-1286.51**MC*2020112047470~NM1*QC*1*MAES*ERNEST*R***MR*K993029~NM1*82*1*SEARLES*DENISE*A***XX*1396971230~REF*EA*D203ACBAFD97419A9D5848CAF18336E1~DTM*232*20200326~DTM*233*20200326~SVC*HC:99214:25*-272.99*-97.11**1~DTM*472*20200326~CAS*CO*45*-175.88~REF*6R*CPGMZ0FMI4JN~AMT*B6*97.11~LQ*HE*N77~LQ*HE*N381~SVC*HC:96372*-83.99*0**0**1~DTM*472*20200326~CAS*CO*109*-83.99~REF*6R*CPGMCC2MT317~LQ*HE*N77~LQ*HE*N381~SVC*HC:J2315*-1805*-1189.4**380~DTM*472*20200326~CAS*CO*45*-615.6~REF*6R*CPGM9FZ569TS~AMT*B6*1189.4~LQ*HE*N77~LQ*HE*N381~CLP*000100032194*1*2161.98*1354.91**MC*5220129004029~NM1*QC*1*MAES*ERNEST*R***MR*K993029~NM1*82*1*SEARLES*DENISE*A***XX*1396971230~REF*EA*D203ACBAFD97419A9D5848CAF18336E1~DTM*232*20200326~DTM*233*20200326~SVC*HC:99214:25*272.99*97.11**1~DTM*472*20200326~CAS*CO*45*175.88~REF*6R*CPGMZ0FMI4JN~AMT*B6*97.11~LQ*HE*N381~SVC*HC:96372*83.99*0**0**1~DTM*472*20200326~CAS*CO*109*83.99~REF*6R*CPGMCC2MT317~LQ*HE*N381~SVC*HC:J2315*1805*1257.8**380~DTM*472*20200326~CAS*CO*45*547.2~REF*6R*CPGM9FZ569TS~AMT*B6*1257.8~LQ*HE*N381~CLP*000100025622*22*-1971*-1290.31**MC*5820113006080~NM1*QC*1*MAES*ERNEST*R***MR*K993029~NM1*82*1*SEARLES*DENISE*A***XX*1396971230~REF*EA*8176B10D6A9D41D1B920E9D66015008C~DTM*232*20191121~DTM*233*20191121~SVC*HC:99214:25*-134*-97.11**1~DTM*472*20191121~CAS*CO*45*-36.89~REF*6R*CPEHCGKA3XET~AMT*B6*97.11~LQ*HE*N377~LQ*HE*N381~SVC*HC:96372*-32*0**0**1~DTM*472*20191121~CAS*CO*109*-32~REF*6R*CPEHDYDY91XR~LQ*HE*N377~LQ*HE*N381~SVC*HC:J2315*-1805*-1193.2**380~DTM*472*20191121~CAS*CO*45*-611.8~REF*6R*CPEHNXDGSCA5~AMT*B6*1193.2~LQ*HE*N377~LQ*HE*N381~CLP*000100025622*1*1971*1290.31**MC*5220129004043~NM1*QC*1*MAES*ERNEST*R***MR*K993029~NM1*82*1*SEARLES*DENISE*A***XX*1396971230~REF*EA*8176B10D6A9D41D1B920E9D66015008C~DTM*232*20191121~DTM*233*20191121~SVC*HC:99214:25*134*97.11**1~DTM*472*20191121~CAS*CO*45*36.89~REF*6R*CPEHCGKA3XET~AMT*B6*97.11~LQ*HE*N381~SVC*HC:96372*32*0**0**1~DTM*472*20191121~CAS*CO*109*32~REF*6R*CPEHDYDY91XR~LQ*HE*N381~SVC*HC:J2315*1805*1193.2**380~DTM*472*20191121~CAS*CO*45*611.8~REF*6R*CPEHNXDGSCA5~AMT*B6*1193.2~LQ*HE*N381~CLP*000100022519*22*-2090.99*-1349.47**MC*5820099060905~NM1*QC*1*MAEZ*DANIEL*E***MR*B173664~NM1*82*1*HOOSHMAND-PARSI*KAYHOSROW****XX*1447291851~REF*EA*3F600F88AF7B4233919CEC31387E019F~DTM*232*20190919~DTM*233*20190919~SVC*HC:99204:25*-205*-149.59**1~DTM*472*20190919~CAS*CO*45*-55.41~REF*6R*CPUX7MH94TKA~AMT*B6*149.59~LQ*HE*N377~LQ*HE*N381~SVC*HC:96372*-32*0**0**1~DTM*472*20190919~CAS*CO*109*-32~REF*6R*CPUX8LH1WJDP~LQ*HE*N377~LQ*HE*N381~SVC*HC:J2315*-1805*-1189.4**380~DTM*472*20190919~CAS*CO*45*-615.6~REF*6R*CPUXDBTVW2M7~AMT*B6*1189.4~LQ*HE*N377~LQ*HE*N381~SVC*HC:99415*-45*-7.11**1~DTM*472*20190919~CAS*CO*45*-37.89~REF*6R*CPUXV10SBAIF~AMT*B6*7.11~LQ*HE*N377~LQ*HE*N381~SVC*HC:81002*-3.99*-3.37**1~DTM*472*20190919~CAS*CO*45*-.62~REF*6R*CPUX7EZS0OXG~AMT*B6*3.37~LQ*HE*N377~LQ*HE*N381~CLP*000100022519*1*2090.99*1349.5**MC*5220129003572~NM1*QC*1*MAEZ*DANIEL*E***MR*B173664~NM1*82*1*HOOSHMAND-PARSI*KAYHOSROW****XX*1447291851~REF*EA*3F600F88AF7B4233919CEC31387E019F~DTM*232*20190919~DTM*233*20190919~SVC*HC:99204:25*205*149.59**1~DTM*472*20190919~CAS*CO*45*55.41~REF*6R*CPUX7MH94TKA~AMT*B6*149.59~LQ*HE*N381~SVC*HC:96372*32*0**0**1~DTM*472*20190919~CAS*CO*109*32~REF*6R*CPUX8LH1WJDP~LQ*HE*N381~SVC*HC:J2315*1805*1189.4**380~DTM*472*20190919~CAS*CO*45*615.6~REF*6R*CPUXDBTVW2M7~AMT*B6*1189.4~LQ*HE*N381~SVC*HC:99415*45*7.11**1~DTM*472*20190919~CAS*CO*45*37.89~REF*6R*CPUXV10SBAIF~AMT*B6*7.11~LQ*HE*N381~SVC*HC:81002*3.99*3.4**1~DTM*472*20190919~CAS*CO*45*.59~REF*6R*CPUX7EZS0OXG~AMT*B6*3.4~LQ*HE*N381~CLP*000100025262*22*-1971*-1290.31**MC*5820112041936~NM1*QC*1*MAEZ*DANIEL*E***MR*B173664~NM1*82*1*SEARLES*DENISE*A***XX*1396971230~REF*EA*93EBA441E8AA48969A0C94756CC13BEC~DTM*232*20191115~DTM*233*20191115~SVC*HC:99214:25*-134*-97.11**1~DTM*472*20191115~CAS*CO*45*-36.89~REF*6R*CPEL2DCCQW3Z~AMT*B6*97.11~LQ*HE*N377~LQ*HE*N381~SVC*HC:96372*-32*0**0**1~DTM*472*20191115~CAS*CO*109*-32~REF*6R*CPELWS0D6THH~LQ*HE*N377~LQ*HE*N381~SVC*HC:J2315*-1805*-1193.2**380~DTM*472*20191115~CAS*CO*45*-611.8~REF*6R*CPEL7XEJ7QUH~AMT*B6*1193.2~LQ*HE*N377~LQ*HE*N381~CLP*000100025262*1*1971*1290.31**MC*5220129004021~NM1*QC*1*MAEZ*DANIEL*E***MR*B173664~NM1*82*1*SEARLES*DENISE*A***XX*1396971230~REF*EA*93EBA441E8AA48969A0C94756CC13BEC~DTM*232*20191115~DTM*233*20191115~SVC*HC:99214:25*134*97.11**1~DTM*472*20191115~CAS*CO*45*36.89~REF*6R*CPEL2DCCQW3Z~AMT*B6*97.11~LQ*HE*N381~SVC*HC:96372*32*0**0**1~DTM*472*20191115~CAS*CO*109*32~REF*6R*CPELWS0D6THH~LQ*HE*N381~SVC*HC:J2315*1805*1193.2**380~DTM*472*20191115~CAS*CO*45*611.8~REF*6R*CPEL7XEJ7QUH~AMT*B6*1193.2~LQ*HE*N381~CLP*000100032988*22*-1888.99*-1185.6**MC*2020115045268~NM1*QC*1*MAEZ*DANIEL*E***MR*B173664~NM1*82*1*SEARLES*DENISE*A***XX*1396971230~REF*EA*E0B1ECF1B9D647389942B1D9289992D4~DTM*232*20200409~DTM*233*20200409~SVC*HC:96372*-83.99*0**0**1~DTM*472*20200409~CAS*CO*109*-83.99~REF*6R*CPGYXTM4XLAG~LQ*HE*N77~LQ*HE*N381~SVC*HC:J2315*-1805*-1185.6**380~DTM*472*20200409~CAS*CO*45*-619.4~REF*6R*CPGY4TJYK8GM~AMT*B6*1185.6~LQ*HE*N77~LQ*HE*N381~CLP*000100032988*1*1888.99*1254**MC*5220129004136~NM1*QC*1*MAEZ*DANIEL*E***MR*B173664~NM1*82*1*SEARLES*DENISE*A***XX*1396971230~REF*EA*E0B1ECF1B9D647389942B1D9289992D4~DTM*232*20200409~DTM*233*20200409~SVC*HC:96372*83.99*0**0**1~DTM*472*20200409~CAS*CO*109*83.99~REF*6R*CPGYXTM4XLAG~LQ*HE*N381~SVC*HC:J2315*1805*1254**380~DTM*472*20200409~CAS*CO*45*551~REF*6R*CPGY4TJYK8GM~AMT*B6*1254~LQ*HE*N381~CLP*40222A*22*-1708*-1286.51**MC*5820099013840~NM1*QC*1*MALHIOT*JARED****MR*O663216~NM1*82*1*CADDALI*ESTRELLA*A***XX*1164974580~DTM*232*20190815~DTM*233*20190815~SVC*HC:99214:25*-135*-97.11**1~DTM*472*20190815~CAS*CO*45*-37.89~REF*6R*44492~AMT*B6*97.11~LQ*HE*N377~LQ*HE*N381~SVC*HC:96372*-53*0**0**1~DTM*472*20190815~CAS*CO*109*-53~REF*6R*44493~LQ*HE*N377~LQ*HE*N381~SVC*HC:J2315*-1520*-1189.4**380~DTM*472*20190815~CAS*CO*45*-330.6~REF*6R*44494~AMT*B6*1189.4~LQ*HE*N377~LQ*HE*N381~CLP*40222A*1*1708*1286.51**MC*5220129003477~NM1*QC*1*MALHIOT*JARED****MR*O663216~NM1*82*1*CADDALI*ESTRELLA*A***XX*1164974580~DTM*232*20190815~DTM*233*20190815~SVC*HC:99214:25*135*97.11**1~DTM*472*20190815~CAS*CO*45*37.89~REF*6R*44492~AMT*B6*97.11~LQ*HE*N381~SVC*HC:96372*53*0**0**1~DTM*472*20190815~CAS*CO*109*53~REF*6R*44493~LQ*HE*N381~SVC*HC:J2315*1520*1189.4**380~DTM*472*20190815~CAS*CO*45*330.6~REF*6R*44494~AMT*B6*1189.4~LQ*HE*N381~CLP*000100028446*22*-1971*-1284.51**MC*2020028060017~NM1*QC*1*MANZANARES*DUANE*E***MR*Q083072~NM1*82*1*LUCAS*PEGGI*S***XX*1366419582~REF*EA*5DF93DAC91B3456FA0EF98662D78D165~DTM*232*20200120~DTM*233*20200120~SVC*HC:99214:25*-134*-95.11**1~DTM*472*20200120~CAS*PR*3*-2~CAS*CO*45*-36.89~REF*6R*CPM2SIZENFCD~AMT*B6*97.11~LQ*HE*N77~LQ*HE*N381~LQ*HE*N381~SVC*HC:96372*-32*0**0**1~DTM*472*20200120~CAS*CO*109*-32~REF*6R*CPM2YUZVFJY2~LQ*HE*N77~LQ*HE*N381~SVC*HC:J2315*-1805*-1189.4**380~DTM*472*20200120~CAS*CO*45*-615.6~REF*6R*CPM24LL9HT36~AMT*B6*1189.4~LQ*HE*N77~LQ*HE*N381~CLP*000100028446*1*1971*1352.91*2*MC*5220129001581~NM1*QC*1*MANZANARES*DUANE*E***MR*Q083072~NM1*82*1*LUCAS*PEGGI*S***XX*1366419582~REF*EA*5DF93DAC91B3456FA0EF98662D78D165~DTM*232*20200120~DTM*233*20200120~SVC*HC:99214:25*134*95.11**1~DTM*472*20200120~CAS*PR*3*2~CAS*CO*45*36.89~REF*6R*CPM2SIZENFCD~AMT*B6*97.11~LQ*HE*N293~LQ*HE*N381~LQ*HE*N381~SVC*HC:96372*32*0**0**1~DTM*472*20200120~CAS*CO*109*32~REF*6R*CPM2YUZVFJY2~LQ*HE*N293~LQ*HE*N381~SVC*HC:J2315*1805*1257.8**380~DTM*472*20200120~CAS*CO*45*547.2~REF*6R*CPM24LL9HT36~AMT*B6*1257.8~LQ*HE*N293~LQ*HE*N381~CLP*000100026651*22*-2167*-1373.22**MC*5820112033315~NM1*QC*1*MANZANARES*DUANE*E***MR*Q083072~NM1*82*1*KLAKER*JULIE*M***XX*1215134705~REF*EA*2D92B9AC0DD04FF595D07A387AACB3F7~DTM*232*20191212~DTM*233*20191212~SVC*HC:99204:25*-205*-147.59**1~DTM*472*20191212~CAS*PR*3*-2~CAS*CO*45*-55.41~REF*6R*CPOTILM6BFOY~AMT*B6*149.59~LQ*HE*N377~LQ*HE*N381~LQ*HE*N381~SVC*HC:99415*-45*-7.11**1~DTM*472*20191212~CAS*CO*45*-37.89~REF*6R*CPOTGDU3HL52~AMT*B6*7.11~LQ*HE*N377~LQ*HE*N381~SVC*HC:96372*-32*0**0**1~DTM*472*20191212~CAS*CO*109*-32~REF*6R*CPOT39W3EFNG~LQ*HE*N377~LQ*HE*N381~SVC*HC:J2315*-1805*-1193.2**380~DTM*472*20191212~CAS*CO*45*-611.8~REF*6R*CPOTU0XXYXUD~AMT*B6*1193.2~LQ*HE*N377~LQ*HE*N381~SVC*HC:H0049*-36*-10.92**1~DTM*472*20191212~CAS*CO*45*-25.08~REF*6R*CPOT7GLVI8AY~AMT*B6*10.92~LQ*HE*N377~LQ*HE*N381~SVC*HC:G8510*-40*-11**1~DTM*472*20191212~CAS*CO*45*-29~REF*6R*CPOTWF4K5URP~AMT*B6*11~LQ*HE*N377~LQ*HE*N381~SVC*HC:81002*-4*-3.4**1~DTM*472*20191212~CAS*CO*45*-.6~REF*6R*CPOTXC7DNIY3~AMT*B6*3.4~LQ*HE*N377~LQ*HE*N381~CLP*000100026651*1*2167*1441.62*2*MC*5220129003997~NM1*QC*1*MANZANARES*DUANE*E***MR*Q083072~NM1*82*1*KLAKER*JULIE*M***XX*1215134705~REF*EA*2D92B9AC0DD04FF595D07A387AACB3F7~DTM*232*20191212~DTM*233*20191212~SVC*HC:99204:25*205*147.59**1~DTM*472*20191212~CAS*PR*3*2~CAS*CO*45*55.41~REF*6R*CPOTILM6BFOY~AMT*B6*149.59~LQ*HE*N381~LQ*HE*N381~SVC*HC:99415*45*7.11**1~DTM*472*20191212~CAS*CO*45*37.89~REF*6R*CPOTGDU3HL52~AMT*B6*7.11~LQ*HE*N381~SVC*HC:96372*32*0**0**1~DTM*472*20191212~CAS*CO*109*32~REF*6R*CPOT39W3EFNG~LQ*HE*N381~SVC*HC:J2315*1805*1261.6**380~DTM*472*20191212~CAS*CO*45*543.4~REF*6R*CPOTU0XXYXUD~AMT*B6*1261.6~LQ*HE*N381~SVC*HC:H0049*36*10.92**1~DTM*472*20191212~CAS*CO*45*25.08~REF*6R*CPOT7GLVI8AY~AMT*B6*10.92~LQ*HE*N381~SVC*HC:G8510*40*11**1~DTM*472*20191212~CAS*CO*45*29~REF*6R*CPOTWF4K5URP~AMT*B6*11~LQ*HE*N381~SVC*HC:81002*4*3.4**1~DTM*472*20191212~CAS*CO*45*.6~REF*6R*CPOTXC7DNIY3~AMT*B6*3.4~LQ*HE*N381~CLP*000100025215*22*-2228*-1416.98**MC*5820112009260~NM1*QC*1*MCDONALD*CYNTHIA****MR*P387060~NM1*82*1*SEARLES*DENISE*A***XX*1396971230~REF*EA*653929C71C7A444782F68B27A3D8A434~DTM*232*20191114~DTM*233*20191114~SVC*HC:99205:25*-255*-186.33**1~DTM*472*20191114~CAS*CO*45*-68.67~REF*6R*CPELRGFL57GG~AMT*B6*186.33~LQ*HE*N377~LQ*HE*N381~SVC*HC:99415*-45*-7.11**1~DTM*472*20191114~CAS*CO*45*-37.89~REF*6R*CPELX73P2VK8~AMT*B6*7.11~LQ*HE*N377~LQ*HE*N381~SVC*HC:96372*-32*0**0**1~DTM*472*20191114~CAS*CO*109*-32~REF*6R*CPEL2I2RDXDG~LQ*HE*N377~LQ*HE*N381~SVC*HC:J2315*-1805*-1193.2**380~DTM*472*20191114~CAS*CO*45*-611.8~REF*6R*CPELGOK8J5L7~AMT*B6*1193.2~LQ*HE*N377~LQ*HE*N381~SVC*HC:H0049*-36*-10.92**1~DTM*472*20191114~CAS*CO*45*-25.08~REF*6R*CPELELQXR5XA~AMT*B6*10.92~LQ*HE*N377~LQ*HE*N381~SVC*HC:G8510*-40*-11**1~DTM*472*20191114~CAS*CO*45*-29~REF*6R*CPEL4NYC9HQC~AMT*B6*11~LQ*HE*N377~LQ*HE*N381~SVC*HC:81025*-15*-8.42**1~DTM*472*20191114~CAS*CO*45*-6.58~REF*6R*CPEL8GIUI297~AMT*B6*8.42~LQ*HE*N377~LQ*HE*N381~CLP*000100025215*1*2228*1416.98**MC*5220129003952~NM1*QC*1*MCDONALD*CYNTHIA****MR*P387060~NM1*82*1*SEARLES*DENISE*A***XX*1396971230~REF*EA*653929C71C7A444782F68B27A3D8A434~DTM*232*20191114~DTM*233*20191114~SVC*HC:99205:25*255*186.33**1~DTM*472*20191114~CAS*CO*45*68.67~REF*6R*CPELRGFL57GG~AMT*B6*186.33~LQ*HE*N381~SVC*HC:99415*45*7.11**1~DTM*472*20191114~CAS*CO*45*37.89~REF*6R*CPELX73P2VK8~AMT*B6*7.11~LQ*HE*N381~SVC*HC:96372*32*0**0**1~DTM*472*20191114~CAS*CO*109*32~REF*6R*CPEL2I2RDXDG~LQ*HE*N381~SVC*HC:J2315*1805*1193.2**380~DTM*472*20191114~CAS*CO*45*611.8~REF*6R*CPELGOK8J5L7~AMT*B6*1193.2~LQ*HE*N381~SVC*HC:H0049*36*10.92**1~DTM*472*20191114~CAS*CO*45*25.08~REF*6R*CPELELQXR5XA~AMT*B6*10.92~LQ*HE*N381~SVC*HC:G8510*40*11**1~DTM*472*20191114~CAS*CO*45*29~REF*6R*CPEL4NYC9HQC~AMT*B6*11~LQ*HE*N381~SVC*HC:81025*15*8.42**1~DTM*472*20191114~CAS*CO*45*6.58~REF*6R*CPEL8GIUI297~AMT*B6*8.42~LQ*HE*N381~CLP*000100027385*22*-1971*-1290.31**MC*2020013057039~NM1*QC*1*MCGARVY*CHARLES*E***MR*O963904~NM1*82*1*LUCAS*PEGGI*S***XX*1366419582~REF*EA*9D7D2E38C84A486A92FB9965394B8EF8~DTM*232*20191230~DTM*233*20191230~SVC*HC:99214:25*-134*-97.11**1~DTM*472*20191230~CAS*CO*45*-36.89~REF*6R*CPL68E9SMJB8~AMT*B6*97.11~LQ*HE*N381~SVC*HC:96372*-32*0**0**1~DTM*472*20191230~CAS*CO*109*-32~REF*6R*CPL6POCWT52D~LQ*HE*N381~SVC*HC:J2315*-1805*-1193.2**380~DTM*472*20191230~CAS*CO*45*-611.8~REF*6R*CPL6C0WRYEE2~AMT*B6*1193.2~LQ*HE*N381~CLP*000100027385*1*1971*1358.71**MC*5220129001413~NM1*QC*1*MCGARVY*CHARLES*E***MR*O963904~NM1*82*1*LUCAS*PEGGI*S***XX*1366419582~REF*EA*9D7D2E38C84A486A92FB9965394B8EF8~DTM*232*20191230~DTM*233*20191230~SVC*HC:99214:25*134*97.11**1~DTM*472*20191230~CAS*CO*45*36.89~REF*6R*CPL68E9SMJB8~AMT*B6*97.11~LQ*HE*N381~SVC*HC:96372*32*0**0**1~DTM*472*20191230~CAS*CO*109*32~REF*6R*CPL6POCWT52D~LQ*HE*N381~SVC*HC:J2315*1805*1261.6**380~DTM*472*20191230~CAS*CO*45*543.4~REF*6R*CPL6C0WRYEE2~AMT*B6*1261.6~LQ*HE*N381~CLP*000100025887*22*-2213*-1428.08**MC*5820106004635~NM1*QC*1*MCGARVY*CHARLES*E***MR*O963904~NM1*82*1*GRONEMEYER*LEANNE*R***XX*1659521045~REF*EA*CB541A132CE24182A8C4A833C72A90E2~DTM*232*20191127~DTM*233*20191127~SVC*HC:99205:25*-255*-186.33**1~DTM*472*20191127~CAS*CO*45*-68.67~REF*6R*CPN5ANP5UB0E~AMT*B6*186.33~LQ*HE*N377~LQ*HE*N381~SVC*HC:99415*-45*-7.11**1~DTM*472*20191127~CAS*CO*45*-37.89~REF*6R*CPN5NENBN186~AMT*B6*7.11~LQ*HE*N377~LQ*HE*N381~SVC*HC:96372*-32*0**0**1~DTM*472*20191127~CAS*CO*109*-32~REF*6R*CPN5A37BE9TV~LQ*HE*N377~LQ*HE*N381~SVC*HC:J2315*-1805*-1193.2**380~DTM*472*20191127~CAS*CO*45*-611.8~REF*6R*CPN5EX3VXDWA~AMT*B6*1193.2~LQ*HE*N377~LQ*HE*N381~SVC*HC:H0049*-36*-10.92**1~DTM*472*20191127~CAS*CO*45*-25.08~REF*6R*CPN5OXQ1V5YR~AMT*B6*10.92~LQ*HE*N377~LQ*HE*N381~SVC*HC:G8431*-40*-30.52**1~DTM*472*20191127~CAS*CO*45*-9.48~REF*6R*CPN5G286OH81~AMT*B6*30.52~LQ*HE*N377~LQ*HE*N381~CLP*000100025887*1*2213*1496.48**MC*5220129003765~NM1*QC*1*MCGARVY*CHARLES*E***MR*O963904~NM1*82*1*GRONEMEYER*LEANNE*R***XX*1659521045~REF*EA*CB541A132CE24182A8C4A833C72A90E2~DTM*232*20191127~DTM*233*20191127~SVC*HC:99205:25*255*186.33**1~DTM*472*20191127~CAS*CO*45*68.67~REF*6R*CPN5ANP5UB0E~AMT*B6*186.33~LQ*HE*N381~SVC*HC:99415*45*7.11**1~DTM*472*20191127~CAS*CO*45*37.89~REF*6R*CPN5NENBN186~AMT*B6*7.11~LQ*HE*N381~SVC*HC:96372*32*0**0**1~DTM*472*20191127~CAS*CO*109*32~REF*6R*CPN5A37BE9TV~LQ*HE*N381~SVC*HC:J2315*1805*1261.6**380~DTM*472*20191127~CAS*CO*45*543.4~REF*6R*CPN5EX3VXDWA~AMT*B6*1261.6~LQ*HE*N381~SVC*HC:H0049*36*10.92**1~DTM*472*20191127~CAS*CO*45*25.08~REF*6R*CPN5OXQ1V5YR~AMT*B6*10.92~LQ*HE*N381~SVC*HC:G8431*40*30.52**1~DTM*472*20191127~CAS*CO*45*9.48~REF*6R*CPN5G286OH81~AMT*B6*30.52~LQ*HE*N381~CLP*000100025883*22*-2163*-1407.01**MC*2019346068788~NM1*QC*1*MCLEAN*SUZZANNE****MR*Y675975~NM1*82*1*KLAKER*JULIE*M***XX*1215134705~REF*EA*E8C0D0DE113440B8A620FFF80B72FBA8~DTM*232*20191127~DTM*233*20191127~SVC*HC:99204:25*-205*-149.59**1~DTM*472*20191127~CAS*CO*45*-55.41~REF*6R*CPND51C36IJ8~AMT*B6*149.59~LQ*HE*N381~SVC*HC:99415*-45*-7.11**1~DTM*472*20191127~CAS*CO*45*-37.89~REF*6R*CPNDCLCRO328~AMT*B6*7.11~LQ*HE*N381~SVC*HC:H0049*-36*-10.92**1~DTM*472*20191127~CAS*CO*45*-25.08~REF*6R*CPNDO6G5U0G5~AMT*B6*10.92~LQ*HE*N381~SVC*HC:G8431*-40*-30.52**1~DTM*472*20191127~CAS*CO*45*-9.48~REF*6R*CPNDT6344TN2~AMT*B6*30.52~LQ*HE*N381~SVC*HC:96372*-32*-15.67**1~DTM*472*20191127~CAS*CO*45*-16.33~REF*6R*CPNDWK1DSGTZ~AMT*B6*15.67~LQ*HE*N381~SVC*HC:J2315*-1805*-1193.2**380~DTM*472*20191127~CAS*CO*45*-611.8~REF*6R*CPND19QKMJJT~AMT*B6*1193.2~LQ*HE*N381~CLP*000100025883*1*2163*1475.41**MC*5220129001171~NM1*QC*1*MCLEAN*SUZZANNE****MR*Y675975~NM1*82*1*KLAKER*JULIE*M***XX*1215134705~REF*EA*E8C0D0DE113440B8A620FFF80B72FBA8~DTM*232*20191127~DTM*233*20191127~SVC*HC:99204:25*205*149.59**1~DTM*472*20191127~CAS*CO*45*55.41~REF*6R*CPND51C36IJ8~AMT*B6*149.59~LQ*HE*N381~SVC*HC:99415*45*7.11**1~DTM*472*20191127~CAS*CO*45*37.89~REF*6R*CPNDCLCRO328~AMT*B6*7.11~LQ*HE*N381~SVC*HC:H0049*36*10.92**1~DTM*472*20191127~CAS*CO*45*25.08~REF*6R*CPNDO6G5U0G5~AMT*B6*10.92~LQ*HE*N381~SVC*HC:G8431*40*30.52**1~DTM*472*20191127~CAS*CO*45*9.48~REF*6R*CPNDT6344TN2~AMT*B6*30.52~LQ*HE*N381~SVC*HC:96372*32*15.67**1~DTM*472*20191127~CAS*CO*45*16.33~REF*6R*CPNDWK1DSGTZ~AMT*B6*15.67~LQ*HE*N381~SVC*HC:J2315*1805*1261.6**380~DTM*472*20191127~CAS*CO*45*543.4~REF*6R*CPND19QKMJJT~AMT*B6*1261.6~LQ*HE*N381~CLP*000100022619*22*-2017*-1319.39**MC*5820104013429~NM1*QC*1*MONTOYA*GERALDINE****MR*F588453~NM1*82*1*HOOSHMAND-PARSI*KAYHOSROW****XX*1447291851~REF*EA*F666DCF8AF114E8694C6BBE6A9FFDE99~DTM*232*20190923~DTM*233*20190923~SVC*HC:99215:25*-180*-129.99**1~DTM*472*20190923~CAS*CO*45*-50.01~REF*6R*CPUHRLKEAT43~AMT*B6*129.99~LQ*HE*N377~LQ*HE*N381~SVC*HC:96372*-32*0**0**1~DTM*472*20190923~CAS*CO*109*-32~REF*6R*CPUHFBU542KV~LQ*HE*N377~LQ*HE*N381~SVC*HC:J2315*-1805*-1189.4**380~DTM*472*20190923~CAS*CO*45*-615.6~REF*6R*CPUHZV6C0348~AMT*B6*1189.4~LQ*HE*N377~LQ*HE*N381~CLP*000100022619*1*2017*1319.39**MC*5220129003702~NM1*QC*1*MONTOYA*GERALDINE****MR*F588453~NM1*82*1*HOOSHMAND-PARSI*KAYHOSROW****XX*1447291851~REF*EA*F666DCF8AF114E8694C6BBE6A9FFDE99~DTM*232*20190923~DTM*233*20190923~SVC*HC:99215:25*180*129.99**1~DTM*472*20190923~CAS*CO*45*50.01~REF*6R*CPUHRLKEAT43~AMT*B6*129.99~LQ*HE*N381~SVC*HC:96372*32*0**0**1~DTM*472*20190923~CAS*CO*109*32~REF*6R*CPUHFBU542KV~LQ*HE*N381~SVC*HC:J2315*1805*1189.4**380~DTM*472*20190923~CAS*CO*45*615.6~REF*6R*CPUHZV6C0348~AMT*B6*1189.4~LQ*HE*N381~CLP*000100023996*22*-1837*-1193.2**MC*5820112040206~NM1*QC*1*MONTOYA*GERALDINE****MR*F588453~NM1*82*1*LUCAS*PEGGI*S***XX*1366419582~REF*EA*60A59B82EDDA44FF85013A082668B8C9~DTM*232*20191021~DTM*233*20191021~SVC*HC:96372*-32*0**0**1~DTM*472*20191021~CAS*CO*109*-32~REF*6R*CP41TM1ZSVBG~LQ*HE*N377~LQ*HE*N381~SVC*HC:J2315*-1805*-1193.2**380~DTM*472*20191021~CAS*CO*45*-611.8~REF*6R*CP41UAB7C5EL~AMT*B6*1193.2~LQ*HE*N377~LQ*HE*N381~CLP*000100023996*1*1837*1193.2**MC*5220129004015~NM1*QC*1*MONTOYA*GERALDINE****MR*F588453~NM1*82*1*LUCAS*PEGGI*S***XX*1366419582~REF*EA*60A59B82EDDA44FF85013A082668B8C9~DTM*232*20191021~DTM*233*20191021~SVC*HC:96372*32*0**0**1~DTM*472*20191021~CAS*CO*109*32~REF*6R*CP41TM1ZSVBG~LQ*HE*N381~SVC*HC:J2315*1805*1193.2**380~DTM*472*20191021~CAS*CO*45*611.8~REF*6R*CP41UAB7C5EL~AMT*B6*1193.2~LQ*HE*N381~CLP*000100022625*22*-1971*-1286.51**MC*5820094023737~NM1*QC*1*MOORE*MELISSA****MR*O302777~NM1*82*1*HOOSHMAND-PARSI*KAYHOSROW****XX*1447291851~REF*EA*B379C5B8AD0B4C0BB61EB34FF05583C5~DTM*232*20190923~DTM*233*20190923~SVC*HC:99214:25*-134*-97.11**1~DTM*472*20190923~CAS*CO*45*-36.89~REF*6R*CPUHC7ONJBWM~AMT*B6*97.11~LQ*HE*N377~LQ*HE*N381~SVC*HC:96372*-32*0**0**1~DTM*472*20190923~CAS*CO*109*-32~REF*6R*CPUH2BO55ENX~LQ*HE*N377~LQ*HE*N381~SVC*HC:J2315*-1805*-1189.4**380~DTM*472*20190923~CAS*CO*45*-615.6~REF*6R*CPUHA5GLLU3H~AMT*B6*1189.4~LQ*HE*N377~LQ*HE*N381~CLP*000100022625*1*1971*1286.51**MC*5220129003425~NM1*QC*1*MOORE*MELISSA****MR*O302777~NM1*82*1*HOOSHMAND-PARSI*KAYHOSROW****XX*1447291851~REF*EA*B379C5B8AD0B4C0BB61EB34FF05583C5~DTM*232*20190923~DTM*233*20190923~SVC*HC:99214:25*134*97.11**1~DTM*472*20190923~CAS*CO*45*36.89~REF*6R*CPUHC7ONJBWM~AMT*B6*97.11~LQ*HE*N381~SVC*HC:96372*32*0**0**1~DTM*472*20190923~CAS*CO*109*32~REF*6R*CPUH2BO55ENX~LQ*HE*N381~SVC*HC:J2315*1805*1189.4**380~DTM*472*20190923~CAS*CO*45*615.6~REF*6R*CPUHA5GLLU3H~AMT*B6*1189.4~LQ*HE*N381~CLP*000100033045*22*-1903.99*-1185.6**MC*2020115045220~NM1*QC*1*MOORE*MELISSA****MR*O302777~NM1*82*1*SEARLES*DENISE*A***XX*1396971230~REF*EA*0C6BAC72F766457FA2557EF5ED87634C~DTM*232*20200410~DTM*233*20200410~SVC*HC:96372*-83.99*0**0**1~DTM*472*20200410~CAS*CO*109*-83.99~REF*6R*CPGYFDRQQLJX~LQ*HE*N77~LQ*HE*N381~SVC*HC:J2315*-1805*-1185.6**380~DTM*472*20200410~CAS*CO*45*-619.4~REF*6R*CPGYCLOAXYJA~AMT*B6*1185.6~LQ*HE*N77~LQ*HE*N381~SVC*HC:81025*-15*0**0**1~DTM*472*20200410~CAS*PI*5*-15~REF*6R*CPGY16YWH274~LQ*HE*N77~LQ*HE*M77~LQ*HE*M77~CLP*000100033045*1*1903.99*1254**MC*5220129004132~NM1*QC*1*MOORE*MELISSA****MR*O302777~NM1*82*1*SEARLES*DENISE*A***XX*1396971230~REF*EA*0C6BAC72F766457FA2557EF5ED87634C~DTM*232*20200410~DTM*233*20200410~SVC*HC:96372*83.99*0**0**1~DTM*472*20200410~CAS*CO*109*83.99~REF*6R*CPGYFDRQQLJX~LQ*HE*N381~SVC*HC:J2315*1805*1254**380~DTM*472*20200410~CAS*CO*45*551~REF*6R*CPGYCLOAXYJA~AMT*B6*1254~LQ*HE*N381~SVC*HC:81025*15*0**0**1~DTM*472*20200410~CAS*PI*5*15~REF*6R*CPGY16YWH274~LQ*HE*M77~LQ*HE*M77~CLP*000100027572*22*-1931*-1258.61**MC*5220035002369~NM1*QC*1*MORENO*RUBEN****MR*K039021~NM1*82*1*KLAKER*JULIE*M***XX*1215134705~REF*EA*22570EF092DB4F42922FBA279B4EBFCE~DTM*232*20200103~DTM*233*20200103~SVC*HC:99213:25*-90*-65.81**1~DTM*472*20200103~CAS*CO*45*-24.19~REF*6R*CPLA4DET33F0~AMT*B6*65.81~LQ*HE*N381~SVC*HC:96372*-32*0**0**1~DTM*472*20200103~CAS*CO*109*-32~REF*6R*CPLAI8LVBP57~LQ*HE*N381~SVC*HC:J2315*-1805*-1189.4**380~DTM*472*20200103~CAS*CO*45*-615.6~REF*6R*CPLAS100IHMB~AMT*B6*1189.4~LQ*HE*N381~SVC*HC:81002*-4*-3.4**1~DTM*472*20200103~CAS*CO*45*-.6~REF*6R*CPLAHEN631KQ~AMT*B6*3.4~LQ*HE*N381~CLP*000100027572*1*1931*1327.01**MC*5220129002121~NM1*QC*1*MORENO*RUBEN****MR*K039021~NM1*82*1*KLAKER*JULIE*M***XX*1215134705~REF*EA*22570EF092DB4F42922FBA279B4EBFCE~DTM*232*20200103~DTM*233*20200103~SVC*HC:99213:25*90*65.81**1~DTM*472*20200103~CAS*CO*45*24.19~REF*6R*CPLA4DET33F0~AMT*B6*65.81~LQ*HE*N381~SVC*HC:96372*32*0**0**1~DTM*472*20200103~CAS*CO*109*32~REF*6R*CPLAI8LVBP57~LQ*HE*N381~SVC*HC:J2315*1805*1257.8**380~DTM*472*20200103~CAS*CO*45*547.2~REF*6R*CPLAS100IHMB~AMT*B6*1257.8~LQ*HE*N381~SVC*HC:81002*4*3.4**1~DTM*472*20200103~CAS*CO*45*.6~REF*6R*CPLAHEN631KQ~AMT*B6*3.4~LQ*HE*N381~CLP*000100025989*22*-1971*-1290.31**MC*5820106009056~NM1*QC*1*MORENO*RUBEN****MR*K039021~NM1*82*1*HOOSHMAND-PARSI*KAYHOSROW****XX*1447291851~REF*EA*69517542CAED41D3B51BA3B7A805EE81~DTM*232*20191202~DTM*233*20191202~SVC*HC:99214:25*-134*-97.11**1~DTM*472*20191202~CAS*CO*45*-36.89~REF*6R*CPNTO0LXSN9B~AMT*B6*97.11~LQ*HE*N377~LQ*HE*N381~SVC*HC:96372*-32*0**0**1~DTM*472*20191202~CAS*CO*109*-32~REF*6R*CPNTDNG7A9GP~LQ*HE*N377~LQ*HE*N381~SVC*HC:J2315*-1805*-1193.2**380~DTM*472*20191202~CAS*CO*45*-611.8~REF*6R*CPNTR80KC9AG~AMT*B6*1193.2~LQ*HE*N377~LQ*HE*N381~CLP*000100025989*1*1971*1358.71**MC*5220129003775~NM1*QC*1*MORENO*RUBEN****MR*K039021~NM1*82*1*HOOSHMAND-PARSI*KAYHOSROW****XX*1447291851~REF*EA*69517542CAED41D3B51BA3B7A805EE81~DTM*232*20191202~DTM*233*20191202~SVC*HC:99214:25*134*97.11**1~DTM*472*20191202~CAS*CO*45*36.89~REF*6R*CPNTO0LXSN9B~AMT*B6*97.11~LQ*HE*N381~SVC*HC:96372*32*0**0**1~DTM*472*20191202~CAS*CO*109*32~REF*6R*CPNTDNG7A9GP~LQ*HE*N381~SVC*HC:J2315*1805*1261.6**380~DTM*472*20191202~CAS*CO*45*543.4~REF*6R*CPNTR80KC9AG~AMT*B6*1261.6~LQ*HE*N381~CLP*000100023284*22*-2096*-1322.71**MC*5820112039328~NM1*QC*1*MORENO*RUBEN****MR*K039021~NM1*82*1*HOOSHMAND-PARSI*KAYHOSROW****XX*1447291851~REF*EA*F763E6A41F7149E3811B05807176008A~DTM*232*20191007~DTM*233*20191007~SVC*HC:99214:25*-134*-97.11**1~DTM*472*20191007~CAS*CO*45*-36.89~REF*6R*CP3TT20CJECY~AMT*B6*97.11~LQ*HE*N377~LQ*HE*N381~SVC*HC:99415*-45*-7.11**1~DTM*472*20191007~CAS*CO*45*-37.89~REF*6R*CP3TJASDHE90~AMT*B6*7.11~LQ*HE*N377~LQ*HE*N381~SVC*HC:96372*-32*0**0**1~DTM*472*20191007~CAS*CO*109*-32~REF*6R*CP3TOWLFMDLH~LQ*HE*N377~LQ*HE*N381~SVC*HC:J2315*-1805*-1193.2**380~DTM*472*20191007~CAS*CO*45*-611.8~REF*6R*CP3TXFQ26HF1~AMT*B6*1193.2~LQ*HE*N377~LQ*HE*N381~SVC*HC:H0049*-36*-10.92**1~DTM*472*20191007~CAS*CO*45*-25.08~REF*6R*CP3TYRT82ZEL~AMT*B6*10.92~LQ*HE*N377~LQ*HE*N381~SVC*HC:G8510*-40*-11**1~DTM*472*20191007~CAS*CO*45*-29~REF*6R*CP3TTPX52L9G~AMT*B6*11~LQ*HE*N377~LQ*HE*N381~SVC*HC:81002*-4*-3.37**1~DTM*472*20191007~CAS*CO*45*-.63~REF*6R*CP3TOQ0V860T~AMT*B6*3.37~LQ*HE*N377~LQ*HE*N381~CLP*000100023284*1*2096*1322.74**MC*5220129004010~NM1*QC*1*MORENO*RUBEN****MR*K039021~NM1*82*1*HOOSHMAND-PARSI*KAYHOSROW****XX*1447291851~REF*EA*F763E6A41F7149E3811B05807176008A~DTM*232*20191007~DTM*233*20191007~SVC*HC:99214:25*134*97.11**1~DTM*472*20191007~CAS*CO*45*36.89~REF*6R*CP3TT20CJECY~AMT*B6*97.11~LQ*HE*N381~SVC*HC:99415*45*7.11**1~DTM*472*20191007~CAS*CO*45*37.89~REF*6R*CP3TJASDHE90~AMT*B6*7.11~LQ*HE*N381~SVC*HC:96372*32*0**0**1~DTM*472*20191007~CAS*CO*109*32~REF*6R*CP3TOWLFMDLH~LQ*HE*N381~SVC*HC:J2315*1805*1193.2**380~DTM*472*20191007~CAS*CO*45*611.8~REF*6R*CP3TXFQ26HF1~AMT*B6*1193.2~LQ*HE*N381~SVC*HC:H0049*36*10.92**1~DTM*472*20191007~CAS*CO*45*25.08~REF*6R*CP3TYRT82ZEL~AMT*B6*10.92~LQ*HE*N381~SVC*HC:G8510*40*11**1~DTM*472*20191007~CAS*CO*45*29~REF*6R*CP3TTPX52L9G~AMT*B6*11~LQ*HE*N381~SVC*HC:81002*4*3.4**1~DTM*472*20191007~CAS*CO*45*.6~REF*6R*CP3TOQ0V860T~AMT*B6*3.4~LQ*HE*N381~CLP*000100028273*22*-1942*-1263.63**MC*2020028059979~NM1*QC*1*PADILLA*LAURA*C***MR*Y008082~NM1*82*1*GRONEMEYER*LEANNE*R***XX*1659521045~REF*EA*806E6B686DA44AFF906E1C16F05B34A3~DTM*232*20200115~DTM*233*20200115~SVC*HC:99213:25*-90*-65.81**1~DTM*472*20200115~CAS*CO*45*-24.19~REF*6R*CPM2MMGBZRJK~AMT*B6*65.81~LQ*HE*N77~LQ*HE*N381~SVC*HC:96372*-32*0**0**1~DTM*472*20200115~CAS*CO*109*-32~REF*6R*CPM2LEHYDC1J~LQ*HE*N77~LQ*HE*N381~SVC*HC:J2315*-1805*-1189.4**380~DTM*472*20200115~CAS*CO*45*-615.6~REF*6R*CPM29ILW327R~AMT*B6*1189.4~LQ*HE*N77~LQ*HE*N381~SVC*HC:81025*-15*-8.42**1~DTM*472*20200115~CAS*CO*45*-6.58~REF*6R*CPM2KQ94D1W0~AMT*B6*8.42~LQ*HE*N77~LQ*HE*N381~CLP*000100028273*1*1942*1332.03**MC*5220129001580~NM1*QC*1*PADILLA*LAURA*C***MR*Y008082~NM1*82*1*GRONEMEYER*LEANNE*R***XX*1659521045~REF*EA*806E6B686DA44AFF906E1C16F05B34A3~DTM*232*20200115~DTM*233*20200115~SVC*HC:99213:25*90*65.81**1~DTM*472*20200115~CAS*CO*45*24.19~REF*6R*CPM2MMGBZRJK~AMT*B6*65.81~LQ*HE*N293~LQ*HE*N381~SVC*HC:96372*32*0**0**1~DTM*472*20200115~CAS*CO*109*32~REF*6R*CPM2LEHYDC1J~LQ*HE*N293~LQ*HE*N381~SVC*HC:J2315*1805*1257.8**380~DTM*472*20200115~CAS*CO*45*547.2~REF*6R*CPM29ILW327R~AMT*B6*1257.8~LQ*HE*N293~LQ*HE*N381~SVC*HC:81025*15*8.42**1~DTM*472*20200115~CAS*CO*45*6.58~REF*6R*CPM2KQ94D1W0~AMT*B6*8.42~LQ*HE*N293~LQ*HE*N381~CLP*000100029832*22*-1986*-1294.93**MC*2020069057241~NM1*QC*1*PADILLA*LAURA*C***MR*Y008082~NM1*82*1*GRONEMEYER*LEANNE*R***XX*1659521045~REF*EA*5CB3685FF789463A9186E8D9C3CA596B~DTM*232*20200212~DTM*233*20200212~SVC*HC:99214:25*-134*-97.11**1~DTM*472*20200212~CAS*CO*45*-36.89~REF*6R*CP4UDPP7EKP1~AMT*B6*97.11~LQ*HE*N77~LQ*HE*N381~SVC*HC:96372*-32*0**0**1~DTM*472*20200212~CAS*CO*109*-32~REF*6R*CP4UCXE84SD6~LQ*HE*N77~LQ*HE*N381~SVC*HC:J2315*-1805*-1189.4**380~DTM*472*20200212~CAS*CO*45*-615.6~REF*6R*CP4UUGPCSUBD~AMT*B6*1189.4~LQ*HE*N77~LQ*HE*N381~SVC*HC:81025*-15*-8.42**1~DTM*472*20200212~CAS*CO*45*-6.58~REF*6R*CP4US7UD2MY0~AMT*B6*8.42~LQ*HE*N77~LQ*HE*N381~CLP*000100029832*1*1986*1363.33**MC*5220129002996~NM1*QC*1*PADILLA*LAURA*C***MR*Y008082~NM1*82*1*GRONEMEYER*LEANNE*R***XX*1659521045~REF*EA*5CB3685FF789463A9186E8D9C3CA596B~DTM*232*20200212~DTM*233*20200212~SVC*HC:99214:25*134*97.11**1~DTM*472*20200212~CAS*CO*45*36.89~REF*6R*CP4UDPP7EKP1~AMT*B6*97.11~LQ*HE*N293~LQ*HE*N381~SVC*HC:96372*32*0**0**1~DTM*472*20200212~CAS*CO*109*32~REF*6R*CP4UCXE84SD6~LQ*HE*N293~LQ*HE*N381~SVC*HC:J2315*1805*1257.8**380~DTM*472*20200212~CAS*CO*45*547.2~REF*6R*CP4UUGPCSUBD~AMT*B6*1257.8~LQ*HE*N293~LQ*HE*N381~SVC*HC:81025*15*8.42**1~DTM*472*20200212~CAS*CO*45*6.58~REF*6R*CP4US7UD2MY0~AMT*B6*8.42~LQ*HE*N293~LQ*HE*N381~CLP*000100031353*22*-1986*-1294.93**MC*2020087054314~NM1*QC*1*PADILLA*LAURA*C***MR*Y008082~NM1*82*1*GRONEMEYER*LEANNE*R***XX*1659521045~REF*EA*2477324AC01549B5A9295A03068D262D~DTM*232*20200311~DTM*233*20200311~SVC*HC:99214:25*-134*-97.11**1~DTM*472*20200311~CAS*CO*45*-36.89~REF*6R*CP6ARBXEOPJ3~AMT*B6*97.11~LQ*HE*N77~LQ*HE*N381~SVC*HC:96372*-32*0**0**1~DTM*472*20200311~CAS*CO*109*-32~REF*6R*CP6AP6E0QCSW~LQ*HE*N77~LQ*HE*N381~SVC*HC:J2315*-1805*-1189.4**380~DTM*472*20200311~CAS*CO*45*-615.6~REF*6R*CP6AH3BAG6MN~AMT*B6*1189.4~LQ*HE*N77~LQ*HE*N381~SVC*HC:81025*-15*-8.42**1~DTM*472*20200311~CAS*CO*45*-6.58~REF*6R*CP6AGDRQFDKC~AMT*B6*8.42~LQ*HE*N77~LQ*HE*N381~CLP*000100031353*1*1986*1363.33**MC*5220129003346~NM1*QC*1*PADILLA*LAURA*C***MR*Y008082~NM1*82*1*GRONEMEYER*LEANNE*R***XX*1659521045~REF*EA*2477324AC01549B5A9295A03068D262D~DTM*232*20200311~DTM*233*20200311~SVC*HC:99214:25*134*97.11**1~DTM*472*20200311~CAS*CO*45*36.89~REF*6R*CP6ARBXEOPJ3~AMT*B6*97.11~LQ*HE*N381~SVC*HC:96372*32*0**0**1~DTM*472*20200311~CAS*CO*109*32~REF*6R*CP6AP6E0QCSW~LQ*HE*N381~SVC*HC:J2315*1805*1257.8**380~DTM*472*20200311~CAS*CO*45*547.2~REF*6R*CP6AH3BAG6MN~AMT*B6*1257.8~LQ*HE*N381~SVC*HC:81025*15*8.42**1~DTM*472*20200311~CAS*CO*45*6.58~REF*6R*CP6AGDRQFDKC~AMT*B6*8.42~LQ*HE*N381~CLP*000100022379*22*-2216.99*-1408.13**MC*5820104008315~NM1*QC*1*PATTERSON*ROCKY*H***MR*U962873~NM1*82*1*HOOSHMAND-PARSI*KAYHOSROW****XX*1447291851~REF*EA*C4F23A41ED34468ABD037184C9098BBA~DTM*232*20190916~DTM*233*20190916~SVC*HC:99205:25*-255*-186.33**1~DTM*472*20190916~CAS*CO*45*-68.67~REF*6R*CPUXXTJ7SY05~AMT*B6*186.33~LQ*HE*N377~LQ*HE*N381~SVC*HC:99415*-45*-7.11**1~DTM*472*20190916~CAS*CO*45*-37.89~REF*6R*CPUXF48BW6NC~AMT*B6*7.11~LQ*HE*N377~LQ*HE*N381~SVC*HC:96372*-32*0**0**1~DTM*472*20190916~CAS*CO*109*-32~REF*6R*CPUXEJBRK936~LQ*HE*N377~LQ*HE*N381~SVC*HC:J2315*-1805*-1189.4**380~DTM*472*20190916~CAS*CO*45*-615.6~REF*6R*CPUXG4KKFJ2C~AMT*B6*1189.4~LQ*HE*N377~LQ*HE*N381~SVC*HC:81002*-3.99*-3.37**1~DTM*472*20190916~CAS*CO*45*-.62~REF*6R*CPUXZYIANJN9~AMT*B6*3.37~LQ*HE*N377~LQ*HE*N381~SVC*HC:G8510*-40*-11**1~DTM*472*20190916~CAS*CO*45*-29~REF*6R*CPUXDJSWELBW~AMT*B6*11~LQ*HE*N377~LQ*HE*N381~SVC*HC:H0049*-36*-10.92**1~DTM*472*20190916~CAS*CO*45*-25.08~REF*6R*CPUXV07JECJO~AMT*B6*10.92~LQ*HE*N377~LQ*HE*N381~CLP*000100022379*1*2216.99*1408.16**MC*5220129003694~NM1*QC*1*PATTERSON*ROCKY*H***MR*U962873~NM1*82*1*HOOSHMAND-PARSI*KAYHOSROW****XX*1447291851~REF*EA*C4F23A41ED34468ABD037184C9098BBA~DTM*232*20190916~DTM*233*20190916~SVC*HC:99205:25*255*186.33**1~DTM*472*20190916~CAS*CO*45*68.67~REF*6R*CPUXXTJ7SY05~AMT*B6*186.33~LQ*HE*N381~SVC*HC:99415*45*7.11**1~DTM*472*20190916~CAS*CO*45*37.89~REF*6R*CPUXF48BW6NC~AMT*B6*7.11~LQ*HE*N381~SVC*HC:96372*32*0**0**1~DTM*472*20190916~CAS*CO*109*32~REF*6R*CPUXEJBRK936~LQ*HE*N381~SVC*HC:J2315*1805*1189.4**380~DTM*472*20190916~CAS*CO*45*615.6~REF*6R*CPUXG4KKFJ2C~AMT*B6*1189.4~LQ*HE*N381~SVC*HC:81002*3.99*3.4**1~DTM*472*20190916~CAS*CO*45*.59~REF*6R*CPUXZYIANJN9~AMT*B6*3.4~LQ*HE*N381~SVC*HC:G8510*40*11**1~DTM*472*20190916~CAS*CO*45*29~REF*6R*CPUXDJSWELBW~AMT*B6*11~LQ*HE*N381~SVC*HC:H0049*36*10.92**1~DTM*472*20190916~CAS*CO*45*25.08~REF*6R*CPUXV07JECJO~AMT*B6*10.92~LQ*HE*N381~CLP*000100022783*22*-1971*-1286.51**MC*5820106048800~NM1*QC*1*PINO*LINDA****MR*K510641~NM1*82*1*HOOSHMAND-PARSI*KAYHOSROW****XX*1447291851~REF*EA*F96EBBBB6A0243CFA6035A444532133A~DTM*232*20190925~DTM*233*20190925~SVC*HC:99214:25*-134*-97.11**1~DTM*472*20190925~CAS*CO*45*-36.89~REF*6R*CPVTSQQT2PQ8~AMT*B6*97.11~LQ*HE*N377~LQ*HE*N381~SVC*HC:96372*-32*0**0**1~DTM*472*20190925~CAS*CO*109*-32~REF*6R*CPVT2G8CWJVV~LQ*HE*N377~LQ*HE*N381~SVC*HC:J2315*-1805*-1189.4**380~DTM*472*20190925~CAS*CO*45*-615.6~REF*6R*CPVT8VIGKAEM~AMT*B6*1189.4~LQ*HE*N377~LQ*HE*N381~CLP*000100022783*1*1971*1286.51**MC*5220129003865~NM1*QC*1*PINO*LINDA****MR*K510641~NM1*82*1*HOOSHMAND-PARSI*KAYHOSROW****XX*1447291851~REF*EA*F96EBBBB6A0243CFA6035A444532133A~DTM*232*20190925~DTM*233*20190925~SVC*HC:99214:25*134*97.11**1~DTM*472*20190925~CAS*CO*45*36.89~REF*6R*CPVTSQQT2PQ8~AMT*B6*97.11~LQ*HE*N381~SVC*HC:96372*32*0**0**1~DTM*472*20190925~CAS*CO*109*32~REF*6R*CPVT2G8CWJVV~LQ*HE*N381~SVC*HC:J2315*1805*1189.4**380~DTM*472*20190925~CAS*CO*45*615.6~REF*6R*CPVT8VIGKAEM~AMT*B6*1189.4~LQ*HE*N381~CLP*000100022215*22*-1971*-1284.51**MC*5820100048517~NM1*QC*1*QUINTANA*SELINA****MR*V297097~NM1*82*1*HOOSHMAND-PARSI*KAYHOSROW****XX*1447291851~REF*EA*0D2690F1D1EB4997B62BC1FD45369797~DTM*232*20190911~DTM*233*20190911~SVC*HC:99214:25*-134*-95.11**1~DTM*472*20190911~CAS*PR*3*-2~CAS*CO*45*-36.89~REF*6R*CPUX4R6CC7IA~AMT*B6*97.11~LQ*HE*N377~LQ*HE*N381~LQ*HE*N381~SVC*HC:96372*-32*0**0**1~DTM*472*20190911~CAS*CO*109*-32~REF*6R*CPUXXQV9BS4C~LQ*HE*N377~LQ*HE*N381~SVC*HC:J2315*-1805*-1189.4**380~DTM*472*20190911~CAS*CO*45*-615.6~REF*6R*CPUXQ5NM3CXU~AMT*B6*1189.4~LQ*HE*N377~LQ*HE*N381~CLP*000100022215*1*1971*1284.51*2*MC*5220129003641~NM1*QC*1*QUINTANA*SELINA****MR*V297097~NM1*82*1*HOOSHMAND-PARSI*KAYHOSROW****XX*1447291851~REF*EA*0D2690F1D1EB4997B62BC1FD45369797~DTM*232*20190911~DTM*233*20190911~SVC*HC:99214:25*134*95.11**1~DTM*472*20190911~CAS*PR*3*2~CAS*CO*45*36.89~REF*6R*CPUX4R6CC7IA~AMT*B6*97.11~LQ*HE*N381~LQ*HE*N381~SVC*HC:96372*32*0**0**1~DTM*472*20190911~CAS*CO*109*32~REF*6R*CPUXXQV9BS4C~LQ*HE*N381~SVC*HC:J2315*1805*1189.4**380~DTM*472*20190911~CAS*CO*45*615.6~REF*6R*CPUXQ5NM3CXU~AMT*B6*1189.4~LQ*HE*N381~CLP*000100024921*22*-2016*-1295.42**MC*5820113003114~NM1*QC*1*RICO*MARY JOE****MR*K904935~NM1*82*1*SEARLES*DENISE*A***XX*1396971230~REF*EA*BC95661457FC4251B5DA533A193D980B~DTM*232*20191108~DTM*233*20191108~SVC*HC:99214:25*-134*-95.11**1~DTM*472*20191108~CAS*PR*3*-2~CAS*CO*45*-36.89~REF*6R*CPDPYS6K032M~AMT*B6*97.11~LQ*HE*N377~LQ*HE*N381~LQ*HE*N381~SVC*HC:99415*-45*-7.11**1~DTM*472*20191108~CAS*CO*45*-37.89~REF*6R*CPDP8E3MIGOD~AMT*B6*7.11~LQ*HE*N377~LQ*HE*N381~SVC*HC:96372*-32*0**0**1~DTM*472*20191108~CAS*CO*109*-32~REF*6R*CPDPAIWHURE4~LQ*HE*N377~LQ*HE*N381~SVC*HC:J2315*-1805*-1193.2**380~DTM*472*20191108~CAS*CO*45*-611.8~REF*6R*CPDPDJOUW1M0~AMT*B6*1193.2~LQ*HE*N377~LQ*HE*N381~CLP*000100024921*1*2016*1295.42*2*MC*5220129004034~NM1*QC*1*RICO*MARY JOE****MR*K904935~NM1*82*1*SEARLES*DENISE*A***XX*1396971230~REF*EA*BC95661457FC4251B5DA533A193D980B~DTM*232*20191108~DTM*233*20191108~SVC*HC:99214:25*134*95.11**1~DTM*472*20191108~CAS*PR*3*2~CAS*CO*45*36.89~REF*6R*CPDPYS6K032M~AMT*B6*97.11~LQ*HE*N381~LQ*HE*N381~SVC*HC:99415*45*7.11**1~DTM*472*20191108~CAS*CO*45*37.89~REF*6R*CPDP8E3MIGOD~AMT*B6*7.11~LQ*HE*N381~SVC*HC:96372*32*0**0**1~DTM*472*20191108~CAS*CO*109*32~REF*6R*CPDPAIWHURE4~LQ*HE*N381~SVC*HC:J2315*1805*1193.2**380~DTM*472*20191108~CAS*CO*45*611.8~REF*6R*CPDPDJOUW1M0~AMT*B6*1193.2~LQ*HE*N381~CLP*000100027352*22*-2153*-1380.16**MC*2020015059390~NM1*QC*1*RODRIGUEZ*ADREENA*M***MR*P905929~NM1*82*1*LUCAS*PEGGI*S***XX*1366419582~REF*EA*A70C0DE76CCD4FC288C77D6455D6F49F~DTM*232*20191230~DTM*233*20191230~SVC*HC:99215:25*-180*-129.99**1~DTM*472*20191230~CAS*CO*45*-50.01~REF*6R*CPLQ3UCDU9BI~AMT*B6*129.99~LQ*HE*N381~SVC*HC:99415*-45*-7.11**1~DTM*472*20191230~CAS*CO*45*-37.89~REF*6R*CPLQ0CLKPZAZ~AMT*B6*7.11~LQ*HE*N381~SVC*HC:96372*-32*0**0**1~DTM*472*20191230~CAS*CO*109*-32~REF*6R*CPLQG09OEJLS~LQ*HE*N381~SVC*HC:J2315*-1805*-1193.2**380~DTM*472*20191230~CAS*CO*45*-611.8~REF*6R*CPLQQS20C0SF~AMT*B6*1193.2~LQ*HE*N381~SVC*HC:H0049*-36*-10.92**1~DTM*472*20191230~CAS*CO*45*-25.08~REF*6R*CPLQ4A0K82YH~AMT*B6*10.92~LQ*HE*N381~SVC*HC:G8431*-40*-30.52**1~DTM*472*20191230~CAS*CO*45*-9.48~REF*6R*CPLQ1ST19CR0~AMT*B6*30.52~LQ*HE*N381~SVC*HC:81025*-15*-8.42**1~DTM*472*20191230~CAS*CO*45*-6.58~REF*6R*CPLQIZRVD0XP~AMT*B6*8.42~LQ*HE*N381~CLP*000100027352*1*2153*1448.56**MC*5220129001442~NM1*QC*1*RODRIGUEZ*ADREENA*M***MR*P905929~NM1*82*1*LUCAS*PEGGI*S***XX*1366419582~REF*EA*A70C0DE76CCD4FC288C77D6455D6F49F~DTM*232*20191230~DTM*233*20191230~SVC*HC:99215:25*180*129.99**1~DTM*472*20191230~CAS*CO*45*50.01~REF*6R*CPLQ3UCDU9BI~AMT*B6*129.99~LQ*HE*N381~SVC*HC:99415*45*7.11**1~DTM*472*20191230~CAS*CO*45*37.89~REF*6R*CPLQ0CLKPZAZ~AMT*B6*7.11~LQ*HE*N381~SVC*HC:96372*32*0**0**1~DTM*472*20191230~CAS*CO*109*32~REF*6R*CPLQG09OEJLS~LQ*HE*N381~SVC*HC:J2315*1805*1261.6**380~DTM*472*20191230~CAS*CO*45*543.4~REF*6R*CPLQQS20C0SF~AMT*B6*1261.6~LQ*HE*N381~SVC*HC:H0049*36*10.92**1~DTM*472*20191230~CAS*CO*45*25.08~REF*6R*CPLQ4A0K82YH~AMT*B6*10.92~LQ*HE*N381~SVC*HC:G8431*40*30.52**1~DTM*472*20191230~CAS*CO*45*9.48~REF*6R*CPLQ1ST19CR0~AMT*B6*30.52~LQ*HE*N381~SVC*HC:81025*15*8.42**1~DTM*472*20191230~CAS*CO*45*6.58~REF*6R*CPLQIZRVD0XP~AMT*B6*8.42~LQ*HE*N381~CLP*000100026937*22*-1975*-1293.71**MC*2020001016728~NM1*QC*1*RODRIGUEZ*JOSEPH****MR*S525880~NM1*82*1*KLAKER*JULIE*M***XX*1215134705~REF*EA*CECD39AB83F84686AFC74DF8DBB33280~DTM*232*20191218~DTM*233*20191218~SVC*HC:99214:25*-134*-97.11**1~DTM*472*20191218~CAS*CO*45*-36.89~REF*6R*CPKMCTSZI1CM~AMT*B6*97.11~LQ*HE*N381~SVC*HC:96372*-32*0**0**1~DTM*472*20191218~CAS*CO*109*-32~REF*6R*CPKMVHP3PKZY~LQ*HE*N381~SVC*HC:J2315*-1805*-1193.2**380~DTM*472*20191218~CAS*CO*45*-611.8~REF*6R*CPKMFWZXVUWP~AMT*B6*1193.2~LQ*HE*N381~SVC*HC:81002*-4*-3.4**1~DTM*472*20191218~CAS*CO*45*-.6~REF*6R*CPKM0VYJJIQR~AMT*B6*3.4~LQ*HE*N381~CLP*000100026937*1*1975*1362.11**MC*5220129001315~NM1*QC*1*RODRIGUEZ*JOSEPH****MR*S525880~NM1*82*1*KLAKER*JULIE*M***XX*1215134705~REF*EA*CECD39AB83F84686AFC74DF8DBB33280~DTM*232*20191218~DTM*233*20191218~SVC*HC:99214:25*134*97.11**1~DTM*472*20191218~CAS*CO*45*36.89~REF*6R*CPKMCTSZI1CM~AMT*B6*97.11~LQ*HE*N381~SVC*HC:96372*32*0**0**1~DTM*472*20191218~CAS*CO*109*32~REF*6R*CPKMVHP3PKZY~LQ*HE*N381~SVC*HC:J2315*1805*1261.6**380~DTM*472*20191218~CAS*CO*45*543.4~REF*6R*CPKMFWZXVUWP~AMT*B6*1261.6~LQ*HE*N381~SVC*HC:81002*4*3.4**1~DTM*472*20191218~CAS*CO*45*.6~REF*6R*CPKM0VYJJIQR~AMT*B6*3.4~LQ*HE*N381~CLP*000100028278*22*-1927*-1255.21**MC*2020035060443~NM1*QC*1*RODRIGUEZ*JOSEPH****MR*S525880~NM1*82*1*GRONEMEYER*LEANNE*R***XX*1659521045~REF*EA*91008BD6C09E42378EC66439F150B1B4~DTM*232*20200115~DTM*233*20200115~SVC*HC:99213:25*-90*-65.81**1~DTM*472*20200115~CAS*CO*45*-24.19~REF*6R*CPUYSWGK04BF~AMT*B6*65.81~LQ*HE*N77~LQ*HE*N381~SVC*HC:96372*-32*0**0**1~DTM*472*20200115~CAS*CO*109*-32~REF*6R*CPUYWGJWF7R7~LQ*HE*N77~LQ*HE*N381~SVC*HC:J2315*-1805*-1189.4**380~DTM*472*20200115~CAS*CO*45*-615.6~REF*6R*CPUY1IRPICQT~AMT*B6*1189.4~LQ*HE*N77~LQ*HE*N381~CLP*000100028278*1*1927*1323.61**MC*5220129002185~NM1*QC*1*RODRIGUEZ*JOSEPH****MR*S525880~NM1*82*1*GRONEMEYER*LEANNE*R***XX*1659521045~REF*EA*91008BD6C09E42378EC66439F150B1B4~DTM*232*20200115~DTM*233*20200115~SVC*HC:99213:25*90*65.81**1~DTM*472*20200115~CAS*CO*45*24.19~REF*6R*CPUYSWGK04BF~AMT*B6*65.81~LQ*HE*N293~LQ*HE*N381~SVC*HC:96372*32*0**0**1~DTM*472*20200115~CAS*CO*109*32~REF*6R*CPUYWGJWF7R7~LQ*HE*N293~LQ*HE*N381~SVC*HC:J2315*1805*1257.8**380~DTM*472*20200115~CAS*CO*45*547.2~REF*6R*CPUY1IRPICQT~AMT*B6*1257.8~LQ*HE*N293~LQ*HE*N381~CLP*000100029834*22*-1971*-1286.51**MC*2020069057270~NM1*QC*1*RODRIGUEZ*JOSEPH****MR*S525880~NM1*82*1*GRONEMEYER*LEANNE*R***XX*1659521045~REF*EA*746957AAB5A04104B4E6465DE53BBC4A~DTM*232*20200212~DTM*233*20200212~SVC*HC:99214:25*-134*-97.11**1~DTM*472*20200212~CAS*CO*45*-36.89~REF*6R*CP4UDKDTJZOW~AMT*B6*97.11~LQ*HE*N77~LQ*HE*N381~SVC*HC:96372*-32*0**0**1~DTM*472*20200212~CAS*CO*109*-32~REF*6R*CP4UQZ9CUZ3P~LQ*HE*N77~LQ*HE*N381~SVC*HC:J2315*-1805*-1189.4**380~DTM*472*20200212~CAS*CO*45*-615.6~REF*6R*CP4U1HP04L0Y~AMT*B6*1189.4~LQ*HE*N77~LQ*HE*N381~CLP*000100029834*1*1971*1354.91**MC*5220129003003~NM1*QC*1*RODRIGUEZ*JOSEPH****MR*S525880~NM1*82*1*GRONEMEYER*LEANNE*R***XX*1659521045~REF*EA*746957AAB5A04104B4E6465DE53BBC4A~DTM*232*20200212~DTM*233*20200212~SVC*HC:99214:25*134*97.11**1~DTM*472*20200212~CAS*CO*45*36.89~REF*6R*CP4UDKDTJZOW~AMT*B6*97.11~LQ*HE*N293~LQ*HE*N381~SVC*HC:96372*32*0**0**1~DTM*472*20200212~CAS*CO*109*32~REF*6R*CP4UQZ9CUZ3P~LQ*HE*N293~LQ*HE*N381~SVC*HC:J2315*1805*1257.8**380~DTM*472*20200212~CAS*CO*45*547.2~REF*6R*CP4U1HP04L0Y~AMT*B6*1257.8~LQ*HE*N293~LQ*HE*N381~CLP*000100021702*22*-1927*-1255.21**MC*5820099009806~NM1*QC*1*SANCHEZ*ISAAC*P***MR*N319735~NM1*82*1*HOOSHMAND-PARSI*KAYHOSROW****XX*1447291851~REF*EA*DFA68C33A1AD484CB0B797C83D33C26D~DTM*232*20190828~DTM*233*20190828~SVC*HC:99213:25*-90*-65.81**1~DTM*472*20190828~CAS*CO*45*-24.19~REF*6R*CPSHD1BORKLT~AMT*B6*65.81~LQ*HE*N377~LQ*HE*N381~SVC*HC:96372*-32*0**0**1~DTM*472*20190828~CAS*CO*109*-32~REF*6R*CPSHFWIRRK8M~LQ*HE*N377~LQ*HE*N381~SVC*HC:J2315*-1805*-1189.4**380~DTM*472*20190828~CAS*CO*45*-615.6~REF*6R*CPSHICSMT76E~AMT*B6*1189.4~LQ*HE*N377~LQ*HE*N381~CLP*000100021702*1*1927*1253.21*2*MC*5220129003469~NM1*QC*1*SANCHEZ*ISAAC*P***MR*N319735~NM1*82*1*HOOSHMAND-PARSI*KAYHOSROW****XX*1447291851~REF*EA*DFA68C33A1AD484CB0B797C83D33C26D~DTM*232*20190828~DTM*233*20190828~SVC*HC:99213:25*90*63.81**1~DTM*472*20190828~CAS*PR*3*2~CAS*CO*45*24.19~REF*6R*CPSHD1BORKLT~AMT*B6*65.81~LQ*HE*N381~LQ*HE*N381~SVC*HC:96372*32*0**0**1~DTM*472*20190828~CAS*CO*109*32~REF*6R*CPSHFWIRRK8M~LQ*HE*N381~SVC*HC:J2315*1805*1189.4**380~DTM*472*20190828~CAS*CO*45*615.6~REF*6R*CPSHICSMT76E~AMT*B6*1189.4~LQ*HE*N381~CLP*000100022802*22*-1971*-1284.51**MC*5820106026180~NM1*QC*1*SANCHEZ*ISAAC*P***MR*N319735~NM1*82*1*HOOSHMAND-PARSI*KAYHOSROW****XX*1447291851~REF*EA*4D957BAE3D15480EB48DB0B77E708BBF~DTM*232*20190925~DTM*233*20190925~SVC*HC:99214:25*-134*-95.11**1~DTM*472*20190925~CAS*PR*3*-2~CAS*CO*45*-36.89~REF*6R*CP2LF3DTD7E7~AMT*B6*97.11~LQ*HE*N377~LQ*HE*N381~LQ*HE*N381~SVC*HC:96372*-32*0**0**1~DTM*472*20190925~CAS*CO*109*-32~REF*6R*CP2LYR94WBUB~LQ*HE*N377~LQ*HE*N381~SVC*HC:J2315*-1805*-1189.4**380~DTM*472*20190925~CAS*CO*45*-615.6~REF*6R*CP2L175S657S~AMT*B6*1189.4~LQ*HE*N377~LQ*HE*N381~CLP*000100022802*1*1971*1284.51*2*MC*5220129003812~NM1*QC*1*SANCHEZ*ISAAC*P***MR*N319735~NM1*82*1*HOOSHMAND-PARSI*KAYHOSROW****XX*1447291851~REF*EA*4D957BAE3D15480EB48DB0B77E708BBF~DTM*232*20190925~DTM*233*20190925~SVC*HC:99214:25*134*95.11**1~DTM*472*20190925~CAS*PR*3*2~CAS*CO*45*36.89~REF*6R*CP2LF3DTD7E7~AMT*B6*97.11~LQ*HE*N381~LQ*HE*N381~SVC*HC:96372*32*0**0**1~DTM*472*20190925~CAS*CO*109*32~REF*6R*CP2LYR94WBUB~LQ*HE*N381~SVC*HC:J2315*1805*1189.4**380~DTM*472*20190925~CAS*CO*45*615.6~REF*6R*CP2L175S657S~AMT*B6*1189.4~LQ*HE*N381~CLP*000100025833*22*-2020*-1300.82**MC*5820106044883~NM1*QC*1*SANDERS*JERMYN*B***MR*P711797~NM1*82*1*HOOSHMAND-PARSI*KAYHOSROW****XX*1447291851~REF*EA*C9BD8BB098E845E898B8A2DFBBEB0C2B~DTM*232*20191126~DTM*233*20191126~SVC*HC:99214:25*-134*-97.11**1~DTM*472*20191126~CAS*CO*45*-36.89~REF*6R*CPND9YNUBV38~AMT*B6*97.11~LQ*HE*N377~LQ*HE*N381~SVC*HC:99415*-45*-7.11**1~DTM*472*20191126~CAS*CO*45*-37.89~REF*6R*CPNDMLWA98JK~AMT*B6*7.11~LQ*HE*N377~LQ*HE*N381~SVC*HC:96372*-32*0**0**1~DTM*472*20191126~CAS*CO*109*-32~REF*6R*CPNDDTDNSKS9~LQ*HE*N377~LQ*HE*N381~SVC*HC:J2315*-1805*-1193.2**380~DTM*472*20191126~CAS*CO*45*-611.8~REF*6R*CPND4RV3Y0RZ~AMT*B6*1193.2~LQ*HE*N377~LQ*HE*N381~SVC*HC:81002*-4*-3.4**1~DTM*472*20191126~CAS*CO*45*-.6~REF*6R*CPNDI3RFU7AF~AMT*B6*3.4~LQ*HE*N377~LQ*HE*N381~CLP*000100025833*1*2020*1369.22**MC*5220129003853~NM1*QC*1*SANDERS*JERMYN*B***MR*P711797~NM1*82*1*HOOSHMAND-PARSI*KAYHOSROW****XX*1447291851~REF*EA*C9BD8BB098E845E898B8A2DFBBEB0C2B~DTM*232*20191126~DTM*233*20191126~SVC*HC:99214:25*134*97.11**1~DTM*472*20191126~CAS*CO*45*36.89~REF*6R*CPND9YNUBV38~AMT*B6*97.11~LQ*HE*N381~SVC*HC:99415*45*7.11**1~DTM*472*20191126~CAS*CO*45*37.89~REF*6R*CPNDMLWA98JK~AMT*B6*7.11~LQ*HE*N381~SVC*HC:96372*32*0**0**1~DTM*472*20191126~CAS*CO*109*32~REF*6R*CPNDDTDNSKS9~LQ*HE*N381~SVC*HC:J2315*1805*1261.6**380~DTM*472*20191126~CAS*CO*45*543.4~REF*6R*CPND4RV3Y0RZ~AMT*B6*1261.6~LQ*HE*N381~SVC*HC:81002*4*3.4**1~DTM*472*20191126~CAS*CO*45*.6~REF*6R*CPNDI3RFU7AF~AMT*B6*3.4~LQ*HE*N381~CLP*000100030417*22*-2183*-1425.59**MC*2020076055183~NM1*QC*1*SANDOVAL*JULIA*L***MR*K495017~NM1*82*1*LUCAS*PEGGI*S***XX*1366419582~REF*EA*C166CF1B270B44FDB75B1CE4C75B873B~DTM*232*20200225~DTM*233*20200225~SVC*HC:99205:25*-255*-186.33**1~DTM*472*20200225~CAS*CO*45*-68.67~REF*6R*CP5IPQ6CVTAV~AMT*B6*186.33~LQ*HE*N77~LQ*HE*N381~SVC*HC:96372*-32*0**0**1~DTM*472*20200225~CAS*CO*109*-32~REF*6R*CP5IEOXV0T1E~LQ*HE*N77~LQ*HE*N381~SVC*HC:J2315*-1805*-1189.4**380~DTM*472*20200225~CAS*CO*45*-615.6~REF*6R*CP5I4THKYLSP~AMT*B6*1189.4~LQ*HE*N77~LQ*HE*N381~SVC*HC:H0049*-36*-10.92**1~DTM*472*20200225~CAS*CO*45*-25.08~REF*6R*CP5IPAITAKTM~AMT*B6*10.92~LQ*HE*N77~LQ*HE*N381~SVC*HC:G8431*-40*-30.52**1~DTM*472*20200225~CAS*CO*45*-9.48~REF*6R*CP5II8TQR8SP~AMT*B6*30.52~LQ*HE*N77~LQ*HE*N381~SVC*HC:81025*-15*-8.42**1~DTM*472*20200225~CAS*CO*45*-6.58~REF*6R*CP5IWDF6N3AV~AMT*B6*8.42~LQ*HE*N77~LQ*HE*N381~CLP*000100030417*1*2183*1493.99**MC*5220129003127~NM1*QC*1*SANDOVAL*JULIA*L***MR*K495017~NM1*82*1*LUCAS*PEGGI*S***XX*1366419582~REF*EA*C166CF1B270B44FDB75B1CE4C75B873B~DTM*232*20200225~DTM*233*20200225~SVC*HC:99205:25*255*186.33**1~DTM*472*20200225~CAS*CO*45*68.67~REF*6R*CP5IPQ6CVTAV~AMT*B6*186.33~LQ*HE*N293~LQ*HE*N381~SVC*HC:96372*32*0**0**1~DTM*472*20200225~CAS*CO*109*32~REF*6R*CP5IEOXV0T1E~LQ*HE*N293~LQ*HE*N381~SVC*HC:J2315*1805*1257.8**380~DTM*472*20200225~CAS*CO*45*547.2~REF*6R*CP5I4THKYLSP~AMT*B6*1257.8~LQ*HE*N293~LQ*HE*N381~SVC*HC:H0049*36*10.92**1~DTM*472*20200225~CAS*CO*45*25.08~REF*6R*CP5IPAITAKTM~AMT*B6*10.92~LQ*HE*N293~LQ*HE*N381~SVC*HC:G8431*40*30.52**1~DTM*472*20200225~CAS*CO*45*9.48~REF*6R*CP5II8TQR8SP~AMT*B6*30.52~LQ*HE*N293~LQ*HE*N381~SVC*HC:81025*15*8.42**1~DTM*472*20200225~CAS*CO*45*6.58~REF*6R*CP5IWDF6N3AV~AMT*B6*8.42~LQ*HE*N293~LQ*HE*N381~CLP*000100021766*22*-1942*-1263.55**MC*5820099032589~NM1*QC*1*SANTISTEVAN*AMANDA****MR*P421349~NM1*82*1*HOOSHMAND-PARSI*KAYHOSROW****XX*1447291851~REF*EA*BBA644D521284E5DA383E9FC5C236E93~DTM*232*20190829~DTM*233*20190829~SVC*HC:99213:25*-90*-65.81**1~DTM*472*20190829~CAS*CO*45*-24.19~REF*6R*CPT5Y8J563BX~AMT*B6*65.81~LQ*HE*N377~LQ*HE*N381~SVC*HC:96372*-32*0**0**1~DTM*472*20190829~CAS*CO*109*-32~REF*6R*CPT5BNFADVFQ~LQ*HE*N377~LQ*HE*N381~SVC*HC:J2315*-1805*-1189.4**380~DTM*472*20190829~CAS*CO*45*-615.6~REF*6R*CPT5J5RBN0EB~AMT*B6*1189.4~LQ*HE*N377~LQ*HE*N381~SVC*HC:81025*-15*-8.34**1~DTM*472*20190829~CAS*CO*45*-6.66~REF*6R*CPT5PHBD58C2~AMT*B6*8.34~LQ*HE*N377~LQ*HE*N381~CLP*000100021766*1*1942*1263.63**MC*5220129003509~NM1*QC*1*SANTISTEVAN*AMANDA****MR*P421349~NM1*82*1*HOOSHMAND-PARSI*KAYHOSROW****XX*1447291851~REF*EA*BBA644D521284E5DA383E9FC5C236E93~DTM*232*20190829~DTM*233*20190829~SVC*HC:99213:25*90*65.81**1~DTM*472*20190829~CAS*CO*45*24.19~REF*6R*CPT5Y8J563BX~AMT*B6*65.81~LQ*HE*N381~SVC*HC:96372*32*0**0**1~DTM*472*20190829~CAS*CO*109*32~REF*6R*CPT5BNFADVFQ~LQ*HE*N381~SVC*HC:J2315*1805*1189.4**380~DTM*472*20190829~CAS*CO*45*615.6~REF*6R*CPT5J5RBN0EB~AMT*B6*1189.4~LQ*HE*N381~SVC*HC:81025*15*8.42**1~DTM*472*20190829~CAS*CO*45*6.58~REF*6R*CPT5PHBD58C2~AMT*B6*8.42~LQ*HE*N381~CLP*000100024425*22*-1986*-1298.65**MC*5820113002509~NM1*QC*1*SANTISTEVAN*AMANDA****MR*P421349~NM1*82*1*KLAKER*JULIE*M***XX*1215134705~REF*EA*B0DE992BFC7B48FEB25DE3AD6AF3E601~DTM*232*20191031~DTM*233*20191031~SVC*HC:99214:25*-134*-97.11**1~DTM*472*20191031~CAS*CO*45*-36.89~REF*6R*CPCHSJWXDRBK~AMT*B6*97.11~LQ*HE*N377~LQ*HE*N381~SVC*HC:96372*-32*0**0**1~DTM*472*20191031~CAS*CO*109*-32~REF*6R*CPCH161ISY5O~LQ*HE*N377~LQ*HE*N381~SVC*HC:J2315*-1805*-1193.2**380~DTM*472*20191031~CAS*CO*45*-611.8~REF*6R*CPCH3NM1CZC4~AMT*B6*1193.2~LQ*HE*N377~LQ*HE*N381~SVC*HC:81025*-15*-8.34**1~DTM*472*20191031~CAS*CO*45*-6.66~REF*6R*CPCHFSAJ87KB~AMT*B6*8.34~LQ*HE*N377~LQ*HE*N381~CLP*000100024425*1*1986*1298.73**MC*5220129004033~NM1*QC*1*SANTISTEVAN*AMANDA****MR*P421349~NM1*82*1*KLAKER*JULIE*M***XX*1215134705~REF*EA*B0DE992BFC7B48FEB25DE3AD6AF3E601~DTM*232*20191031~DTM*233*20191031~SVC*HC:99214:25*134*97.11**1~DTM*472*20191031~CAS*CO*45*36.89~REF*6R*CPCHSJWXDRBK~AMT*B6*97.11~LQ*HE*N381~SVC*HC:96372*32*0**0**1~DTM*472*20191031~CAS*CO*109*32~REF*6R*CPCH161ISY5O~LQ*HE*N381~SVC*HC:J2315*1805*1193.2**380~DTM*472*20191031~CAS*CO*45*611.8~REF*6R*CPCH3NM1CZC4~AMT*B6*1193.2~LQ*HE*N381~SVC*HC:81025*15*8.42**1~DTM*472*20191031~CAS*CO*45*6.58~REF*6R*CPCHFSAJ87KB~AMT*B6*8.42~LQ*HE*N381~CLP*000100031096*22*-2163*-1387.54**MC*2020083045203~NM1*QC*1*SAWYER*TOMMIE****MR*G887130~NM1*82*1*SEARLES*DENISE*A***XX*1396971230~REF*EA*3C6735D649D2455283F902844AF70799~DTM*232*20200306~DTM*233*20200306~SVC*HC:99204:25*-205*-149.59**1~DTM*472*20200306~CAS*CO*45*-55.41~REF*6R*CP66EUBLRIW3~AMT*B6*149.59~LQ*HE*N77~LQ*HE*N381~SVC*HC:99415*-45*-7.11**1~DTM*472*20200306~CAS*CO*45*-37.89~REF*6R*CP66NK8MNKWB~AMT*B6*7.11~LQ*HE*N77~LQ*HE*N381~SVC*HC:96372*-32*0**0**1~DTM*472*20200306~CAS*CO*109*-32~REF*6R*CP6612ZV1WF7~LQ*HE*N77~LQ*HE*N381~SVC*HC:J2315*-1805*-1189.4**380~DTM*472*20200306~CAS*CO*45*-615.6~REF*6R*CP663SWLGSTV~AMT*B6*1189.4~LQ*HE*N77~LQ*HE*N381~SVC*HC:H0049*-36*-10.92**1~DTM*472*20200306~CAS*CO*45*-25.08~REF*6R*CP66P84KIOHP~AMT*B6*10.92~LQ*HE*N77~LQ*HE*N381~SVC*HC:G8431*-40*-30.52**1~DTM*472*20200306~CAS*CO*45*-9.48~REF*6R*CP66KU9ZMIL2~AMT*B6*30.52~LQ*HE*N77~LQ*HE*N381~CLP*000100031096*1*2163*1455.94**MC*5220129003254~NM1*QC*1*SAWYER*TOMMIE****MR*G887130~NM1*82*1*SEARLES*DENISE*A***XX*1396971230~REF*EA*3C6735D649D2455283F902844AF70799~DTM*232*20200306~DTM*233*20200306~SVC*HC:99204:25*205*149.59**1~DTM*472*20200306~CAS*CO*45*55.41~REF*6R*CP66EUBLRIW3~AMT*B6*149.59~LQ*HE*N381~SVC*HC:99415*45*7.11**1~DTM*472*20200306~CAS*CO*45*37.89~REF*6R*CP66NK8MNKWB~AMT*B6*7.11~LQ*HE*N381~SVC*HC:96372*32*0**0**1~DTM*472*20200306~CAS*CO*109*32~REF*6R*CP6612ZV1WF7~LQ*HE*N381~SVC*HC:J2315*1805*1257.8**380~DTM*472*20200306~CAS*CO*45*547.2~REF*6R*CP663SWLGSTV~AMT*B6*1257.8~LQ*HE*N381~SVC*HC:H0049*36*10.92**1~DTM*472*20200306~CAS*CO*45*25.08~REF*6R*CP66P84KIOHP~AMT*B6*10.92~LQ*HE*N381~SVC*HC:G8431*40*30.52**1~DTM*472*20200306~CAS*CO*45*9.48~REF*6R*CP66KU9ZMIL2~AMT*B6*30.52~LQ*HE*N381~CLP*000100028045*22*-2217*-1427.68**MC*2020023037076~NM1*QC*1*SIGOURNEY*BRIAN*R***MR*V270102~NM1*82*1*LUCAS*PEGGI*S***XX*1366419582~REF*EA*BC8FB9B9B65E45F1AA6C6AB773B6F0F8~DTM*232*20200113~DTM*233*20200113~SVC*HC:99205:25*-255*-186.33**1~DTM*472*20200113~CAS*CO*45*-68.67~REF*6R*CPM6YK45DO6E~AMT*B6*186.33~LQ*HE*N381~SVC*HC:99415*-45*-7.11**1~DTM*472*20200113~CAS*CO*45*-37.89~REF*6R*CPM6FT7BOB8T~AMT*B6*7.11~LQ*HE*N381~SVC*HC:96372*-32*0**0**1~DTM*472*20200113~CAS*CO*109*-32~REF*6R*CPM6ZU6TUTA9~LQ*HE*N381~SVC*HC:J2315*-1805*-1189.4**380~DTM*472*20200113~CAS*CO*45*-615.6~REF*6R*CPM6W68XDMQV~AMT*B6*1189.4~LQ*HE*N381~SVC*HC:81002*-4*-3.4**1~DTM*472*20200113~CAS*CO*45*-.6~REF*6R*CPM69QSW4RZS~AMT*B6*3.4~LQ*HE*N381~SVC*HC:H0049*-36*-10.92**1~DTM*472*20200113~CAS*CO*45*-25.08~REF*6R*CPM6ZNNX9EGD~AMT*B6*10.92~LQ*HE*N381~SVC*HC:G8431*-40*-30.52**1~DTM*472*20200113~CAS*CO*45*-9.48~REF*6R*CPM6FU7SGEK3~AMT*B6*30.52~LQ*HE*N381~CLP*000100028045*1*2217*1496.08**MC*5220129001505~NM1*QC*1*SIGOURNEY*BRIAN*R***MR*V270102~NM1*82*1*LUCAS*PEGGI*S***XX*1366419582~REF*EA*BC8FB9B9B65E45F1AA6C6AB773B6F0F8~DTM*232*20200113~DTM*233*20200113~SVC*HC:99205:25*255*186.33**1~DTM*472*20200113~CAS*CO*45*68.67~REF*6R*CPM6YK45DO6E~AMT*B6*186.33~LQ*HE*N381~SVC*HC:99415*45*7.11**1~DTM*472*20200113~CAS*CO*45*37.89~REF*6R*CPM6FT7BOB8T~AMT*B6*7.11~LQ*HE*N381~SVC*HC:96372*32*0**0**1~DTM*472*20200113~CAS*CO*109*32~REF*6R*CPM6ZU6TUTA9~LQ*HE*N381~SVC*HC:J2315*1805*1257.8**380~DTM*472*20200113~CAS*CO*45*547.2~REF*6R*CPM6W68XDMQV~AMT*B6*1257.8~LQ*HE*N381~SVC*HC:81002*4*3.4**1~DTM*472*20200113~CAS*CO*45*.6~REF*6R*CPM69QSW4RZS~AMT*B6*3.4~LQ*HE*N381~SVC*HC:H0049*36*10.92**1~DTM*472*20200113~CAS*CO*45*25.08~REF*6R*CPM6ZNNX9EGD~AMT*B6*10.92~LQ*HE*N381~SVC*HC:G8431*40*30.52**1~DTM*472*20200113~CAS*CO*45*9.48~REF*6R*CPM6FU7SGEK3~AMT*B6*30.52~LQ*HE*N381~CLP*000100030344*22*-1971*-1286.51**MC*2020069057234~NM1*QC*1*SIGOURNEY*BRIAN*R***MR*V270102~NM1*82*1*LUCAS*PEGGI*S***XX*1366419582~REF*EA*3360A907B9B44046957CF39D0A8E56F5~DTM*232*20200224~DTM*233*20200224~SVC*HC:99214:25*-134*-97.11**1~DTM*472*20200224~CAS*CO*45*-36.89~REF*6R*CP4U3755BHM7~AMT*B6*97.11~LQ*HE*N77~LQ*HE*N381~SVC*HC:96372*-32*0**0**1~DTM*472*20200224~CAS*CO*109*-32~REF*6R*CP4U25XV9Z4J~LQ*HE*N77~LQ*HE*N381~SVC*HC:J2315*-1805*-1189.4**380~DTM*472*20200224~CAS*CO*45*-615.6~REF*6R*CP4UVHTO8GLL~AMT*B6*1189.4~LQ*HE*N77~LQ*HE*N381~CLP*000100030344*1*1971*1354.91**MC*5220129002993~NM1*QC*1*SIGOURNEY*BRIAN*R***MR*V270102~NM1*82*1*LUCAS*PEGGI*S***XX*1366419582~REF*EA*3360A907B9B44046957CF39D0A8E56F5~DTM*232*20200224~DTM*233*20200224~SVC*HC:99214:25*134*97.11**1~DTM*472*20200224~CAS*CO*45*36.89~REF*6R*CP4U3755BHM7~AMT*B6*97.11~LQ*HE*N293~LQ*HE*N381~SVC*HC:96372*32*0**0**1~DTM*472*20200224~CAS*CO*109*32~REF*6R*CP4U25XV9Z4J~LQ*HE*N293~LQ*HE*N381~SVC*HC:J2315*1805*1257.8**380~DTM*472*20200224~CAS*CO*45*547.2~REF*6R*CP4UVHTO8GLL~AMT*B6*1257.8~LQ*HE*N293~LQ*HE*N381~CLP*000100026856*22*-2016*-1297.42**MC*2020001016711~NM1*QC*1*SKINNER*KENNETH****MR*Y129808~NM1*82*1*HOOSHMAND-PARSI*KAYHOSROW****XX*1447291851~REF*EA*9568B09B9AA447B284E7777E9F2D7A80~DTM*232*20191217~DTM*233*20191217~SVC*HC:99214:25*-134*-97.11**1~DTM*472*20191217~CAS*CO*45*-36.89~REF*6R*CPKMKFCLXLDZ~AMT*B6*97.11~LQ*HE*N381~SVC*HC:99415*-45*-7.11**1~DTM*472*20191217~CAS*CO*45*-37.89~REF*6R*CPKMGOFROXO1~AMT*B6*7.11~LQ*HE*N381~SVC*HC:96372*-32*0**0**1~DTM*472*20191217~CAS*CO*109*-32~REF*6R*CPKMYH5QZGME~LQ*HE*N381~SVC*HC:J2315*-1805*-1193.2**380~DTM*472*20191217~CAS*CO*45*-611.8~REF*6R*CPKM4PN7N7IK~AMT*B6*1193.2~LQ*HE*N381~CLP*000100026856*1*2016*1365.82**MC*5220129001313~NM1*QC*1*SKINNER*KENNETH****MR*Y129808~NM1*82*1*HOOSHMAND-PARSI*KAYHOSROW****XX*1447291851~REF*EA*9568B09B9AA447B284E7777E9F2D7A80~DTM*232*20191217~DTM*233*20191217~SVC*HC:99214:25*134*97.11**1~DTM*472*20191217~CAS*CO*45*36.89~REF*6R*CPKMKFCLXLDZ~AMT*B6*97.11~LQ*HE*N381~SVC*HC:99415*45*7.11**1~DTM*472*20191217~CAS*CO*45*37.89~REF*6R*CPKMGOFROXO1~AMT*B6*7.11~LQ*HE*N381~SVC*HC:96372*32*0**0**1~DTM*472*20191217~CAS*CO*109*32~REF*6R*CPKMYH5QZGME~LQ*HE*N381~SVC*HC:J2315*1805*1261.6**380~DTM*472*20191217~CAS*CO*45*543.4~REF*6R*CPKM4PN7N7IK~AMT*B6*1261.6~LQ*HE*N381~CLP*000100022393*22*-1986*-1294.85**MC*5820094023472~NM1*QC*1*TILLEY*SAVANNAH****MR*S123439~NM1*82*1*HOOSHMAND-PARSI*KAYHOSROW****XX*1447291851~REF*EA*B748C3D15ED34ECEA916AB464DA79992~DTM*232*20190916~DTM*233*20190916~SVC*HC:99214:25*-134*-97.11**1~DTM*472*20190916~CAS*CO*45*-36.89~REF*6R*CPUXHCUPT98R~AMT*B6*97.11~LQ*HE*N377~LQ*HE*N381~SVC*HC:96372*-32*0**0**1~DTM*472*20190916~CAS*CO*109*-32~REF*6R*CPUX9OF1SA1W~LQ*HE*N377~LQ*HE*N381~SVC*HC:J2315*-1805*-1189.4**380~DTM*472*20190916~CAS*CO*45*-615.6~REF*6R*CPUXIZGHE6GB~AMT*B6*1189.4~LQ*HE*N377~LQ*HE*N381~SVC*HC:81025*-15*-8.34**1~DTM*472*20190916~CAS*CO*45*-6.66~REF*6R*CPUXRWWU94AX~AMT*B6*8.34~LQ*HE*N377~LQ*HE*N381~CLP*000100022393*1*1986*1294.93**MC*5220129003424~NM1*QC*1*TILLEY*SAVANNAH****MR*S123439~NM1*82*1*HOOSHMAND-PARSI*KAYHOSROW****XX*1447291851~REF*EA*B748C3D15ED34ECEA916AB464DA79992~DTM*232*20190916~DTM*233*20190916~SVC*HC:99214:25*134*97.11**1~DTM*472*20190916~CAS*CO*45*36.89~REF*6R*CPUXHCUPT98R~AMT*B6*97.11~LQ*HE*N381~SVC*HC:96372*32*0**0**1~DTM*472*20190916~CAS*CO*109*32~REF*6R*CPUX9OF1SA1W~LQ*HE*N381~SVC*HC:J2315*1805*1189.4**380~DTM*472*20190916~CAS*CO*45*615.6~REF*6R*CPUXIZGHE6GB~AMT*B6*1189.4~LQ*HE*N381~SVC*HC:81025*15*8.42**1~DTM*472*20190916~CAS*CO*45*6.58~REF*6R*CPUXRWWU94AX~AMT*B6*8.42~LQ*HE*N381~CLP*40295A*22*-1708*-1286.51**MC*5820104007146~NM1*QC*1*TILLEY*SAVANNAH****MR*S123439~NM1*82*1*LUCAS*PEGGI*S***XX*1366419582~DTM*232*20190819~DTM*233*20190819~SVC*HC:99214:25*-135*-97.11**1~DTM*472*20190819~CAS*CO*45*-37.89~REF*6R*44860~AMT*B6*97.11~LQ*HE*N377~LQ*HE*N381~SVC*HC:96372*-53*0**0**1~DTM*472*20190819~CAS*CO*109*-53~REF*6R*44861~LQ*HE*N377~LQ*HE*N381~SVC*HC:J2315*-1520*-1189.4**380~DTM*472*20190819~CAS*CO*45*-330.6~REF*6R*44862~AMT*B6*1189.4~LQ*HE*N377~LQ*HE*N381~CLP*40295A*1*1708*1286.51**MC*5220129003690~NM1*QC*1*TILLEY*SAVANNAH****MR*S123439~NM1*82*1*LUCAS*PEGGI*S***XX*1366419582~DTM*232*20190819~DTM*233*20190819~SVC*HC:99214:25*135*97.11**1~DTM*472*20190819~CAS*CO*45*37.89~REF*6R*44860~AMT*B6*97.11~LQ*HE*N381~SVC*HC:96372*53*0**0**1~DTM*472*20190819~CAS*CO*109*53~REF*6R*44861~LQ*HE*N381~SVC*HC:J2315*1520*1189.4**380~DTM*472*20190819~CAS*CO*45*330.6~REF*6R*44862~AMT*B6*1189.4~LQ*HE*N381~CLP*000100025040*22*-1971*-1290.31**MC*5820106013250~NM1*QC*1*TILLEY*SAVANNAH****MR*S123439~NM1*82*1*LUCAS*PEGGI*S***XX*1366419582~REF*EA*E532585373E7457981FC8B53F12773BE~DTM*232*20191112~DTM*233*20191112~SVC*HC:99214:25*-134*-97.11**1~DTM*472*20191112~CAS*CO*45*-36.89~REF*6R*CPDT495O35FA~AMT*B6*97.11~LQ*HE*N377~LQ*HE*N381~SVC*HC:96372*-32*0**0**1~DTM*472*20191112~CAS*CO*109*-32~REF*6R*CPDTZ3570G95~LQ*HE*N377~LQ*HE*N381~SVC*HC:J2315*-1805*-1193.2**380~DTM*472*20191112~CAS*CO*45*-611.8~REF*6R*CPDTCRIPHWI4~AMT*B6*1193.2~LQ*HE*N377~LQ*HE*N381~CLP*000100025040*1*1971*1290.31**MC*5220129003787~NM1*QC*1*TILLEY*SAVANNAH****MR*S123439~NM1*82*1*LUCAS*PEGGI*S***XX*1366419582~REF*EA*E532585373E7457981FC8B53F12773BE~DTM*232*20191112~DTM*233*20191112~SVC*HC:99214:25*134*97.11**1~DTM*472*20191112~CAS*CO*45*36.89~REF*6R*CPDT495O35FA~AMT*B6*97.11~LQ*HE*N381~SVC*HC:96372*32*0**0**1~DTM*472*20191112~CAS*CO*109*32~REF*6R*CPDTZ3570G95~LQ*HE*N381~SVC*HC:J2315*1805*1193.2**380~DTM*472*20191112~CAS*CO*45*611.8~REF*6R*CPDTCRIPHWI4~AMT*B6*1193.2~LQ*HE*N381~CLP*000100023762*22*-2135*-1375.22**MC*2020009071302~NM1*QC*1*URIE*NATHAN*J***MR*Y183401~NM1*82*1*GRONEMEYER*LEANNE*R***XX*1659521045~REF*EA*F62FCE628AE84BE1A6CE40FBE496C40C~DTM*232*20191016~DTM*233*20191016~SVC*HC:99204:25*-205*-149.59**1~DTM*472*20191016~CAS*CO*45*-55.41~REF*6R*CPKUEG9WQ2XI~AMT*B6*149.59~LQ*HE*N381~SVC*HC:J2315*-1805*-1193.2**380~DTM*472*20191016~CAS*CO*45*-611.8~REF*6R*CPKUJ4VJAK97~AMT*B6*1193.2~LQ*HE*N381~SVC*HC:H0049*-36*-10.92**1~DTM*472*20191016~CAS*CO*45*-25.08~REF*6R*CPKUYCP4I9P6~AMT*B6*10.92~LQ*HE*N381~SVC*HC:G8510*-40*-11**1~DTM*472*20191016~CAS*CO*45*-29~REF*6R*CPKUGBIYSVWZ~AMT*B6*11~LQ*HE*N381~SVC*HC:99415*-45*-7.11**1~DTM*472*20191016~CAS*CO*45*-37.89~REF*6R*CPKUCB726L1O~AMT*B6*7.11~LQ*HE*N381~SVC*HC:81002*-4*-3.4**1~DTM*472*20191016~CAS*CO*45*-.6~REF*6R*CPKUHW3PWODF~AMT*B6*3.4~LQ*HE*N381~CLP*000100023762*1*2135*1375.22**MC*5220129001395~NM1*QC*1*URIE*NATHAN*J***MR*Y183401~NM1*82*1*GRONEMEYER*LEANNE*R***XX*1659521045~REF*EA*F62FCE628AE84BE1A6CE40FBE496C40C~DTM*232*20191016~DTM*233*20191016~SVC*HC:99204:25*205*149.59**1~DTM*472*20191016~CAS*CO*45*55.41~REF*6R*CPKUEG9WQ2XI~AMT*B6*149.59~LQ*HE*N381~SVC*HC:J2315*1805*1193.2**380~DTM*472*20191016~CAS*CO*45*611.8~REF*6R*CPKUJ4VJAK97~AMT*B6*1193.2~LQ*HE*N381~SVC*HC:H0049*36*10.92**1~DTM*472*20191016~CAS*CO*45*25.08~REF*6R*CPKUYCP4I9P6~AMT*B6*10.92~LQ*HE*N381~SVC*HC:G8510*40*11**1~DTM*472*20191016~CAS*CO*45*29~REF*6R*CPKUGBIYSVWZ~AMT*B6*11~LQ*HE*N381~SVC*HC:99415*45*7.11**1~DTM*472*20191016~CAS*CO*45*37.89~REF*6R*CPKUCB726L1O~AMT*B6*7.11~LQ*HE*N381~SVC*HC:81002*4*3.4**1~DTM*472*20191016~CAS*CO*45*.6~REF*6R*CPKUHW3PWODF~AMT*B6*3.4~LQ*HE*N381~CLP*000100025132*22*-1927*-1259.01**MC*2020009071304~NM1*QC*1*URIE*NATHAN*J***MR*Y183401~NM1*82*1*KLAKER*JULIE*M***XX*1215134705~REF*EA*716691B314554E9697C3FD719D181B2F~DTM*232*20191113~DTM*233*20191113~SVC*HC:99213:25*-90*-65.81**1~DTM*472*20191113~CAS*CO*45*-24.19~REF*6R*CPKU5APUUW2R~AMT*B6*65.81~LQ*HE*N381~SVC*HC:96372*-32*0**0**1~DTM*472*20191113~CAS*CO*109*-32~REF*6R*CPKUDUA27WEQ~LQ*HE*N381~SVC*HC:J2315*-1805*-1193.2**380~DTM*472*20191113~CAS*CO*45*-611.8~REF*6R*CPKUXNUEPDL4~AMT*B6*1193.2~LQ*HE*N381~CLP*000100025132*1*1927*1259.01**MC*5220129001396~NM1*QC*1*URIE*NATHAN*J***MR*Y183401~NM1*82*1*KLAKER*JULIE*M***XX*1215134705~REF*EA*716691B314554E9697C3FD719D181B2F~DTM*232*20191113~DTM*233*20191113~SVC*HC:99213:25*90*65.81**1~DTM*472*20191113~CAS*CO*45*24.19~REF*6R*CPKU5APUUW2R~AMT*B6*65.81~LQ*HE*N381~SVC*HC:96372*32*0**0**1~DTM*472*20191113~CAS*CO*109*32~REF*6R*CPKUDUA27WEQ~LQ*HE*N381~SVC*HC:J2315*1805*1193.2**380~DTM*472*20191113~CAS*CO*45*611.8~REF*6R*CPKUXNUEPDL4~AMT*B6*1193.2~LQ*HE*N381~CLP*000100027902*22*-1931*-1258.61**MC*2020023037008~NM1*QC*1*URIE*NATHAN*J***MR*Y183401~NM1*82*1*GRONEMEYER*LEANNE*R***XX*1659521045~REF*EA*26678E54451544A7B123EB76D94503F6~DTM*232*20200109~DTM*233*20200109~SVC*HC:99213:25*-90*-65.81**1~DTM*472*20200109~CAS*CO*45*-24.19~REF*6R*CPM6V5M1K6Q1~AMT*B6*65.81~LQ*HE*N381~SVC*HC:96372*-32*0**0**1~DTM*472*20200109~CAS*CO*109*-32~REF*6R*CPM6XY3JWAHY~LQ*HE*N381~SVC*HC:J2315*-1805*-1189.4**380~DTM*472*20200109~CAS*CO*45*-615.6~REF*6R*CPM65WS2HBQ1~AMT*B6*1189.4~LQ*HE*N381~SVC*HC:81002*-4*-3.4**1~DTM*472*20200109~CAS*CO*45*-.6~REF*6R*CPM6DQXNNGZ1~AMT*B6*3.4~LQ*HE*N381~CLP*000100027902*1*1931*1327.01**MC*5220129001504~NM1*QC*1*URIE*NATHAN*J***MR*Y183401~NM1*82*1*GRONEMEYER*LEANNE*R***XX*1659521045~REF*EA*26678E54451544A7B123EB76D94503F6~DTM*232*20200109~DTM*233*20200109~SVC*HC:99213:25*90*65.81**1~DTM*472*20200109~CAS*CO*45*24.19~REF*6R*CPM6V5M1K6Q1~AMT*B6*65.81~LQ*HE*N381~SVC*HC:96372*32*0**0**1~DTM*472*20200109~CAS*CO*109*32~REF*6R*CPM6XY3JWAHY~LQ*HE*N381~SVC*HC:J2315*1805*1257.8**380~DTM*472*20200109~CAS*CO*45*547.2~REF*6R*CPM65WS2HBQ1~AMT*B6*1257.8~LQ*HE*N381~SVC*HC:81002*4*3.4**1~DTM*472*20200109~CAS*CO*45*.6~REF*6R*CPM6DQXNNGZ1~AMT*B6*3.4~LQ*HE*N381~CLP*000100029848*22*-1971*-1286.51**MC*2020063053275~NM1*QC*1*URIE*NATHAN*J***MR*Y183401~NM1*82*1*GRONEMEYER*LEANNE*R***XX*1659521045~REF*EA*73702E356823481DA647ABBBA4010708~DTM*232*20200212~DTM*233*20200212~SVC*HC:99214:25*-134*-97.11**1~DTM*472*20200212~CAS*CO*45*-36.89~REF*6R*CP4689FEXN0R~AMT*B6*97.11~LQ*HE*N77~LQ*HE*N381~SVC*HC:96372*-32*0**0**1~DTM*472*20200212~CAS*CO*109*-32~REF*6R*CP46ROPD8MS6~LQ*HE*N77~LQ*HE*N381~SVC*HC:J2315*-1805*-1189.4**380~DTM*472*20200212~CAS*CO*45*-615.6~REF*6R*CP468FZEHCWU~AMT*B6*1189.4~LQ*HE*N77~LQ*HE*N381~CLP*000100029848*1*1971*1354.91**MC*5220129002879~NM1*QC*1*URIE*NATHAN*J***MR*Y183401~NM1*82*1*GRONEMEYER*LEANNE*R***XX*1659521045~REF*EA*73702E356823481DA647ABBBA4010708~DTM*232*20200212~DTM*233*20200212~SVC*HC:99214:25*134*97.11**1~DTM*472*20200212~CAS*CO*45*36.89~REF*6R*CP4689FEXN0R~AMT*B6*97.11~LQ*HE*N293~LQ*HE*N381~SVC*HC:96372*32*0**0**1~DTM*472*20200212~CAS*CO*109*32~REF*6R*CP46ROPD8MS6~LQ*HE*N293~LQ*HE*N381~SVC*HC:J2315*1805*1257.8**380~DTM*472*20200212~CAS*CO*45*547.2~REF*6R*CP468FZEHCWU~AMT*B6*1257.8~LQ*HE*N293~LQ*HE*N381~CLP*000100031335*22*-1971*-1286.51**MC*2020087054198~NM1*QC*1*URIE*NATHAN*J***MR*Y183401~NM1*82*1*GRONEMEYER*LEANNE*R***XX*1659521045~REF*EA*A3030B12B9C34F49A6A1C34050E04A3D~DTM*232*20200311~DTM*233*20200311~SVC*HC:99214:25*-134*-97.11**1~DTM*472*20200311~CAS*CO*45*-36.89~REF*6R*CP6A5Z5DS8Z0~AMT*B6*97.11~LQ*HE*N77~LQ*HE*N381~SVC*HC:96372*-32*0**0**1~DTM*472*20200311~CAS*CO*109*-32~REF*6R*CP6AJJHSM3CY~LQ*HE*N77~LQ*HE*N381~SVC*HC:J2315*-1805*-1189.4**380~DTM*472*20200311~CAS*CO*45*-615.6~REF*6R*CP6A6D31RRXL~AMT*B6*1189.4~LQ*HE*N77~LQ*HE*N381~CLP*000100031335*1*1971*1354.91**MC*5220129003344~NM1*QC*1*URIE*NATHAN*J***MR*Y183401~NM1*82*1*GRONEMEYER*LEANNE*R***XX*1659521045~REF*EA*A3030B12B9C34F49A6A1C34050E04A3D~DTM*232*20200311~DTM*233*20200311~SVC*HC:99214:25*134*97.11**1~DTM*472*20200311~CAS*CO*45*36.89~REF*6R*CP6A5Z5DS8Z0~AMT*B6*97.11~LQ*HE*N381~SVC*HC:96372*32*0**0**1~DTM*472*20200311~CAS*CO*109*32~REF*6R*CP6AJJHSM3CY~LQ*HE*N381~SVC*HC:J2315*1805*1257.8**380~DTM*472*20200311~CAS*CO*45*547.2~REF*6R*CP6A6D31RRXL~AMT*B6*1257.8~LQ*HE*N381~CLP*000100026594*22*-1975*-1293.71**MC*5820113005703~NM1*QC*1*URIE*NATHAN*J***MR*Y183401~NM1*82*1*GRONEMEYER*LEANNE*R***XX*1659521045~REF*EA*5EC99EEFE52344C296E4B5D1FDCBA41F~DTM*232*20191211~DTM*233*20191211~SVC*HC:99214:25*-134*-97.11**1~DTM*472*20191211~CAS*CO*45*-36.89~REF*6R*CPOTCM735BVT~AMT*B6*97.11~LQ*HE*N377~LQ*HE*N381~SVC*HC:96372*-32*0**0**1~DTM*472*20191211~CAS*CO*109*-32~REF*6R*CPOT67V1KQA7~LQ*HE*N377~LQ*HE*N381~SVC*HC:J2315*-1805*-1193.2**380~DTM*472*20191211~CAS*CO*45*-611.8~REF*6R*CPOTIFUS7SNT~AMT*B6*1193.2~LQ*HE*N377~LQ*HE*N381~SVC*HC:81002*-4*-3.4**1~DTM*472*20191211~CAS*CO*45*-.6~REF*6R*CPOTEADTI22S~AMT*B6*3.4~LQ*HE*N377~LQ*HE*N381~CLP*000100026594*1*1975*1362.11**MC*5220129004041~NM1*QC*1*URIE*NATHAN*J***MR*Y183401~NM1*82*1*GRONEMEYER*LEANNE*R***XX*1659521045~REF*EA*5EC99EEFE52344C296E4B5D1FDCBA41F~DTM*232*20191211~DTM*233*20191211~SVC*HC:99214:25*134*97.11**1~DTM*472*20191211~CAS*CO*45*36.89~REF*6R*CPOTCM735BVT~AMT*B6*97.11~LQ*HE*N381~SVC*HC:96372*32*0**0**1~DTM*472*20191211~CAS*CO*109*32~REF*6R*CPOT67V1KQA7~LQ*HE*N381~SVC*HC:J2315*1805*1261.6**380~DTM*472*20191211~CAS*CO*45*543.4~REF*6R*CPOTIFUS7SNT~AMT*B6*1261.6~LQ*HE*N381~SVC*HC:81002*4*3.4**1~DTM*472*20191211~CAS*CO*45*.6~REF*6R*CPOTEADTI22S~AMT*B6*3.4~LQ*HE*N381~CLP*000100032940*22*-1888.99*-1185.6**MC*2020115045245~NM1*QC*1*URIE*NATHAN*J***MR*Y183401~NM1*82*1*GRONEMEYER*LEANNE*R***XX*1659521045~REF*EA*D55A7FF07EE84B12906C8CFA1AB5FC00~DTM*232*20200408~DTM*233*20200408~SVC*HC:96372*-83.99*0**0**1~DTM*472*20200408~CAS*CO*109*-83.99~REF*6R*CPGY0VG5LY1S~LQ*HE*N77~LQ*HE*N381~SVC*HC:J2315*-1805*-1185.6**380~DTM*472*20200408~CAS*CO*45*-619.4~REF*6R*CPGYJ95RBJHJ~AMT*B6*1185.6~LQ*HE*N77~LQ*HE*N381~CLP*000100032940*1*1888.99*1254**MC*5220129004133~NM1*QC*1*URIE*NATHAN*J***MR*Y183401~NM1*82*1*GRONEMEYER*LEANNE*R***XX*1659521045~REF*EA*D55A7FF07EE84B12906C8CFA1AB5FC00~DTM*232*20200408~DTM*233*20200408~SVC*HC:96372*83.99*0**0**1~DTM*472*20200408~CAS*CO*109*83.99~REF*6R*CPGY0VG5LY1S~LQ*HE*N381~SVC*HC:J2315*1805*1254**380~DTM*472*20200408~CAS*CO*45*551~REF*6R*CPGYJ95RBJHJ~AMT*B6*1254~LQ*HE*N381~CLP*000100030340*22*-1971*-1286.51**MC*2020069057200~NM1*QC*1*VIGIL*FABIAN****MR*J187623~NM1*82*1*LUCAS*PEGGI*S***XX*1366419582~REF*EA*F868D63E8F4340C6A50D841AB0CDA55E~DTM*232*20200224~DTM*233*20200224~SVC*HC:99214:25*-134*-97.11**1~DTM*472*20200224~CAS*CO*45*-36.89~REF*6R*CP4UDUQX97PS~AMT*B6*97.11~LQ*HE*N77~LQ*HE*N381~SVC*HC:96372*-32*0**0**1~DTM*472*20200224~CAS*CO*109*-32~REF*6R*CP4U1LEKJMLN~LQ*HE*N77~LQ*HE*N381~SVC*HC:J2315*-1805*-1189.4**380~DTM*472*20200224~CAS*CO*45*-615.6~REF*6R*CP4UB1VTEWTS~AMT*B6*1189.4~LQ*HE*N77~LQ*HE*N381~CLP*000100030340*1*1971*1354.91**MC*5220129002990~NM1*QC*1*VIGIL*FABIAN****MR*J187623~NM1*82*1*LUCAS*PEGGI*S***XX*1366419582~REF*EA*F868D63E8F4340C6A50D841AB0CDA55E~DTM*232*20200224~DTM*233*20200224~SVC*HC:99214:25*134*97.11**1~DTM*472*20200224~CAS*CO*45*36.89~REF*6R*CP4UDUQX97PS~AMT*B6*97.11~LQ*HE*N293~LQ*HE*N381~SVC*HC:96372*32*0**0**1~DTM*472*20200224~CAS*CO*109*32~REF*6R*CP4U1LEKJMLN~LQ*HE*N293~LQ*HE*N381~SVC*HC:J2315*1805*1257.8**380~DTM*472*20200224~CAS*CO*45*547.2~REF*6R*CP4UB1VTEWTS~AMT*B6*1257.8~LQ*HE*N293~LQ*HE*N381~CLP*000100024948*22*-1927*-1259.01**MC*5820106035206~NM1*QC*1*VIGIL*LETHICIA****MR*Y291117~NM1*82*1*KLAKER*JULIE*M***XX*1215134705~REF*EA*1C138ABFBE9B42CB9E362AB6C4A3EEC5~DTM*232*20191108~DTM*233*20191108~SVC*HC:99213:25*-90*-65.81**1~DTM*472*20191108~CAS*CO*45*-24.19~REF*6R*CPD5QFNMAAW4~AMT*B6*65.81~LQ*HE*N377~LQ*HE*N381~SVC*HC:96372*-32*0**0**1~DTM*472*20191108~CAS*CO*109*-32~REF*6R*CPD5PA6SOJOY~LQ*HE*N377~LQ*HE*N381~SVC*HC:J2315*-1805*-1193.2**380~DTM*472*20191108~CAS*CO*45*-611.8~REF*6R*CPD5SQPVQ8NG~AMT*B6*1193.2~LQ*HE*N377~LQ*HE*N381~CLP*000100024948*1*1927*1259.01**MC*5220129003826~NM1*QC*1*VIGIL*LETHICIA****MR*Y291117~NM1*82*1*KLAKER*JULIE*M***XX*1215134705~REF*EA*1C138ABFBE9B42CB9E362AB6C4A3EEC5~DTM*232*20191108~DTM*233*20191108~SVC*HC:99213:25*90*65.81**1~DTM*472*20191108~CAS*CO*45*24.19~REF*6R*CPD5QFNMAAW4~AMT*B6*65.81~LQ*HE*N381~SVC*HC:96372*32*0**0**1~DTM*472*20191108~CAS*CO*109*32~REF*6R*CPD5PA6SOJOY~LQ*HE*N381~SVC*HC:J2315*1805*1193.2**380~DTM*472*20191108~CAS*CO*45*611.8~REF*6R*CPD5SQPVQ8NG~AMT*B6*1193.2~LQ*HE*N381~CLP*000100026312*22*-1986*-1298.73**MC*5820113006585~NM1*QC*1*VIGIL*LETHICIA****MR*Y291117~NM1*82*1*SEARLES*DENISE*A***XX*1396971230~REF*EA*7D7C86AA2BBD40579EBF9E303D97BEA6~DTM*232*20191205~DTM*233*20191205~SVC*HC:99214:25*-134*-97.11**1~DTM*472*20191205~CAS*CO*45*-36.89~REF*6R*CPN9QM4XUHTU~AMT*B6*97.11~LQ*HE*N377~LQ*HE*N381~SVC*HC:96372*-32*0**0**1~DTM*472*20191205~CAS*CO*109*-32~REF*6R*CPN9JIW4FS7A~LQ*HE*N377~LQ*HE*N381~SVC*HC:J2315*-1805*-1193.2**380~DTM*472*20191205~CAS*CO*45*-611.8~REF*6R*CPN95VQAZIKJ~AMT*B6*1193.2~LQ*HE*N377~LQ*HE*N381~SVC*HC:81025*-15*-8.42**1~DTM*472*20191205~CAS*CO*45*-6.58~REF*6R*CPN9FFR2KQ93~AMT*B6*8.42~LQ*HE*N377~LQ*HE*N381~CLP*000100026312*1*1986*1367.13**MC*5220129004045~NM1*QC*1*VIGIL*LETHICIA****MR*Y291117~NM1*82*1*SEARLES*DENISE*A***XX*1396971230~REF*EA*7D7C86AA2BBD40579EBF9E303D97BEA6~DTM*232*20191205~DTM*233*20191205~SVC*HC:99214:25*134*97.11**1~DTM*472*20191205~CAS*CO*45*36.89~REF*6R*CPN9QM4XUHTU~AMT*B6*97.11~LQ*HE*N381~SVC*HC:96372*32*0**0**1~DTM*472*20191205~CAS*CO*109*32~REF*6R*CPN9JIW4FS7A~LQ*HE*N381~SVC*HC:J2315*1805*1261.6**380~DTM*472*20191205~CAS*CO*45*543.4~REF*6R*CPN95VQAZIKJ~AMT*B6*1261.6~LQ*HE*N381~SVC*HC:81025*15*8.42**1~DTM*472*20191205~CAS*CO*45*6.58~REF*6R*CPN9FFR2KQ93~AMT*B6*8.42~LQ*HE*N381~PLB*1508250911*20201231*CS:0000375997154*-1407.01*CS:0000375997154*1407.01*CS:0000375997333*-1297.42*CS:0000375997333*1297.42*CS:0000375997344*-1298.73*CS:0000375997344*1298.73~PLB*1508250911*20201231*CS:0000375997352*-1293.71*CS:0000375997352*1293.71*CS:0000375997371*-1257.01*CS:0000375997371*1257.01*CS:0000375997171*-1290.31*CS:0000375997171*1290.31~PLB*1508250911*20201231*CS:0000375997185*-1298.73*CS:0000375997185*1298.73*CS:0000375997199*-1290.31*CS:0000375997199*1290.31*CS:0000375997274*-1375.22*CS:0000375997274*1375.22~PLB*1508250911*20201231*CS:0000375997284*-1259.01*CS:0000375997284*1259.01*CS:0000375997295*-1267.43*CS:0000375997295*1267.43*CS:0000375997346*-1431.48*CS:0000375997346*1431.48~PLB*1508250911*20201231*CS:0000375997357*-1429.48*CS:0000375997357*1429.48*CS:0000375997368*-1290.31*CS:0000375997368*1290.31*CS:0000375996959*-1380.16*CS:0000375996959*1380.16~PLB*1508250911*20201231*CS:0000375997348*-1258.61*CS:0000375997348*1258.61*CS:0000375997362*-1427.68*CS:0000375997362*1427.68*CS:0000375997369*-1294.93*CS:0000375997369*1294.93~PLB*1508250911*20201231*CS:0000375997554*-1263.63*CS:0000375997554*1263.63*CS:0000375997563*-1284.51*CS:0000375997563*1284.51*CS:0000375997583*-1294.93*CS:0000375997583*1294.93~PLB*1508250911*20201231*CS:0000375997011*-254.49*CS:0000375997011*254.49*CS:0000375997032*-241.7*CS:0000375997032*241.7*CS:0000375997067*-241.7*CS:0000375997067*241.7~PLB*1508250911*20201231*CS:0000375997084*-264.75*CS:0000375997084*264.75*CS:0000375997746*-1258.61*CS:0000375997746*1258.61*CS:0000375998496*-1294.93*CS:0000375998496*1294.93~PLB*1508250911*20201231*CS:0000375998507*-1286.51*CS:0000375998507*1286.51*CS:0000375998515*-1286.51*CS:0000375998515*1286.51*CS:0000375998538*-1263.63*CS:0000375998538*1263.63~PLB*1508250911*20201231*CS:0000375998549*-1286.51*CS:0000375998549*1286.51*CS:0000375998559*-1255.21*CS:0000375998559*1255.21*CS:0000375998581*-1432.7*CS:0000375998581*1432.7~PLB*1508250911*20201231*CS:0000375998597*-1286.51*CS:0000375998597*1286.51*CS:0000375997055*-397.72*CS:0000375997055*397.72*CS:0000375997945*-1395.16*CS:0000375997945*1395.16~PLB*1508250911*20201231*CS:0000375997960*-1289.91*CS:0000375997960*1289.91*CS:0000375997987*-1427.68*CS:0000375997987*1427.68*CS:0000375997078*-340.69*CS:0000375997078*340.69~PLB*1508250911*20201231*CS:0000375998076*-1277.13*CS:0000375998076*1277.13*CS:0000375998088*-1286.51*CS:0000375998088*1286.51*CS:0000375998105*-1283.55*CS:0000375998105*1283.55~PLB*1508250911*20201231*CS:0000375998125*-1263.63*CS:0000375998125*1263.63*CS:0000375998216*-1286.51*CS:0000375998216*1286.51*CS:0000375998231*-1294.93*CS:0000375998231*1294.93~PLB*1508250911*20201231*CS:0000375998252*-1432.7*CS:0000375998252*1432.7*CS:0000375998555*-1289.91*CS:0000375998555*1289.91*CS:0000375998766*-1286.51*CS:0000375998766*1286.51~PLB*1508250911*20201231*CS:0000375998778*-1286.51*CS:0000375998778*1286.51*CS:0000375998797*-1294.93*CS:0000375998797*1294.93*CS:0000375998802*-1193.2*CS:0000375998802*1193.2~PLB*1508250911*20201231*CS:0000375998808*-1189.4*CS:0000375998808*1189.4*CS:0000375998813*-1189.4*CS:0000375998813*1189.4*CS:0000375998820*-1286.51*CS:0000375998820*1286.51~PLB*1508250911*20201231*CS:0000375998830*-1286.51*CS:0000375998830*1286.51*CS:0000375998836*-1189.4*CS:0000375998836*1189.4*CS:0000375998847*-1294.93*CS:0000375998847*1294.93~PLB*1508250911*20201231*CS:0000375998859*-1286.51*CS:0000375998859*1286.51*CS:0000375998865*-1193.2*CS:0000375998865*1193.2*CS:0000375998868*-1189.4*CS:0000375998868*1189.4~PLB*1508250911*20201231*CS:0000375998881*-1294.93*CS:0000375998881*1294.93*CS:0000375998886*-1193.2*CS:0000375998886*1193.2*CS:0000375998891*-1193.2*CS:0000375998891*1193.2~PLB*1508250911*20201231*CS:0000375998902*-1189.4*CS:0000375998902*1189.4*CS:0000375998905*-1193.2*CS:0000375998905*1193.2*CS:0000375998913*-1286.51*CS:0000375998913*1286.51~PLB*1508250911*20201231*CS:0000375998929*-1286.51*CS:0000375998929*1286.51*CS:0000375998938*-1189.4*CS:0000375998938*1189.4*CS:0000375998945*-1263.63*CS:0000375998945*1263.63~PLB*1508250911*20201231*CS:0000375997157*-247.12*CS:0000375997157*247.12*CS:0000375998900*-1286.51*CS:0000375998900*1286.51*CS:0000375998915*-1425.59*CS:0000375998915*1425.59~PLB*1508250911*20201231*CS:0000375999082*-1286.51*CS:0000375999082*1286.51*CS:0000375998930*-1286.51*CS:0000375998930*1286.51*CS:0000375999089*-1286.51*CS:0000375999089*1286.51~PLB*1508250911*20201231*CS:0000375999116*-1387.54*CS:0000375999116*1387.54*CS:0000375999123*-1430.7*CS:0000375999123*1430.7*CS:0000375997091*-247.69*CS:0000375997091*247.69~PLB*1508250911*20201231*CS:0000375999264*-1302.18*CS:0000375999264*1302.18*CS:0000375999047*-1297.51*CS:0000375999047*1297.51*CS:0000375999052*-1286.51*CS:0000375999052*1286.51~PLB*1508250911*20201231*CS:0000375999055*-1286.51*CS:0000375999055*1286.51*CS:0000375999059*-1294.93*CS:0000375999059*1294.93*CS:0000375999066*-1294.93*CS:0000375999066*1294.93~PLB*1508250911*20201231*CS:0000375999073*-1294.93*CS:0000375999073*1294.93*CS:0000375999077*-1286.51*CS:0000375999077*1286.51*CS:0000375998233*-228.76*CS:0000375998233*228.76~PLB*1508250911*20201231*CS:0000375999192*-1294.85*CS:0000375999192*1294.85*CS:0000375999341*-1286.51*CS:0000375999341*1286.51*CS:0000375999250*-1255.21*CS:0000375999250*1255.21~PLB*1508250911*20201231*CS:0000375999266*-1404.76*CS:0000375999266*1404.76*CS:0000375999287*-1286.51*CS:0000375999287*1286.51*CS:0000375999468*-1263.55*CS:0000375999468*1263.55~PLB*1508250911*20201231*CS:0000375999517*-1369.25*CS:0000375999517*1369.25*CS:0000375999604*-1311.8*CS:0000375999604*1311.8*CS:0000375999685*-1349.47*CS:0000375999685*1349.47~PLB*1508250911*20201231*CS:0000375999378*-247.12*CS:0000375999378*247.12*CS:0000375999453*-1408.13*CS:0000375999453*1408.13*CS:0000375999465*-1284.51*CS:0000375999465*1284.51~PLB*1508250911*20201231*CS:0000375999472*-1286.51*CS:0000375999472*1286.51*CS:0000375999723*-1294.93*CS:0000375999723*1294.93*CS:0000375999736*-1294.93*CS:0000375999736*1294.93~PLB*1508250911*20201231*CS:0000375999745*-1284.51*CS:0000375999745*1284.51*CS:0000375999756*-39.39*CS:0000375999756*39.39*CS:0000375999912*-1286.51*CS:0000375999912*1286.51~PLB*1508250911*20201231*CS:0000375999939*-1331.1*CS:0000375999939*1331.1*CS:0000375999956*-1408.13*CS:0000375999956*1408.13*CS:0000376000007*-1319.39*CS:0000376000007*1319.39~PLB*1508250911*20201231*CS:0000375999535*-1189.4*CS:0000375999535*1189.4*CS:0000375999549*-1277.13*CS:0000375999549*1277.13*CS:0000375999521*-247.12*CS:0000375999521*247.12~PLB*1508250911*20201231*CS:0000375999563*-1298.73*CS:0000375999563*1298.73*CS:0000375999600*-1436.5*CS:0000375999600*1436.5*CS:0000375999626*-1290.31*CS:0000375999626*1290.31~PLB*1508250911*20201231*CS:0000375999639*-1428.08*CS:0000375999639*1428.08*CS:0000375999730*-1429.45*CS:0000375999730*1429.45*CS:0000375999737*-1290.31*CS:0000375999737*1290.31~PLB*1508250911*20201231*CS:0000375999828*-1290.31*CS:0000375999828*1290.31*CS:0000375999837*-1193.2*CS:0000375999837*1193.2*CS:0000375999864*-1368.08*CS:0000375999864*1368.08~PLB*1508250911*20201231*CS:0000375999892*-1298.65*CS:0000375999892*1298.65*CS:0000375999927*-1290.31*CS:0000375999927*1290.31*CS:0000375999997*-1284.51*CS:0000375999997*1284.51~PLB*1508250911*20201231*CS:0000376000057*-1259.01*CS:0000376000057*1259.01*CS:0000375999534*-1300.82*CS:0000375999534*1300.82*CS:0000375999564*-1290.31*CS:0000375999564*1290.31~PLB*1508250911*20201231*CS:0000375999592*-1436.5*CS:0000375999592*1436.5*CS:0000375999618*-1298.73*CS:0000375999618*1298.73*CS:0000375999657*-1286.51*CS:0000375999657*1286.51~PLB*1508250911*20201231*CS:0000375999371*-264.75*CS:0000375999371*264.75*CS:0000375999481*-1290.31*CS:0000375999481*1290.31*CS:0000375999545*-1416.98*CS:0000375999545*1416.98~PLB*1508250911*20201231*CS:0000375999554*-1193.2*CS:0000375999554*1193.2*CS:0000375999560*-1290.31*CS:0000375999560*1290.31*CS:0000375999602*-1434.5*CS:0000375999602*1434.5~PLB*1508250911*20201231*CS:0000375999632*-1259.01*CS:0000375999632*1259.01*CS:0000375999647*-1296.65*CS:0000375999647*1296.65*CS:0000375999663*-1373.19*CS:0000375999663*1373.19~PLB*1508250911*20201231*CS:0000375999905*-1373.22*CS:0000375999905*1373.22*CS:0000375999938*-1290.31*CS:0000375999938*1290.31*CS:0000375999983*-1322.71*CS:0000375999983*1322.71~PLB*1508250911*20201231*CS:0000376000005*-1193.2*CS:0000376000005*1193.2*CS:0000376000019*-1375.19*CS:0000376000019*1375.19*CS:0000376000025*-1290.31*CS:0000376000025*1290.31~PLB*1508250911*20201231*CS:0000376000028*-1290.31*CS:0000376000028*1290.31*CS:0000376000042*-1399.76*CS:0000376000042*1399.76*CS:0000376000063*-1411.96*CS:0000376000063*1411.96~PLB*1508250911*20201231*CS:0000376000067*-1286.51*CS:0000376000067*1286.51*CS:0000376000072*-1193.2*CS:0000376000072*1193.2*CS:0000376000080*-1298.65*CS:0000376000080*1298.65~PLB*1508250911*20201231*CS:0000376000085*-1295.42*CS:0000376000085*1295.42*CS:0000375999403*-1293.71*CS:0000375999403*1293.71*CS:0000375999421*-1290.31*CS:0000375999421*1290.31~PLB*1508250911*20201231*CS:0000375999425*-1323.19*CS:0000375999425*1323.19*CS:0000375999437*-1298.73*CS:0000375999437*1298.73*CS:0000375999940*-1185.6*CS:0000375999940*1185.6~PLB*1508250911*20201231*CS:0000375999949*-1185.6*CS:0000375999949*1185.6*CS:0000375999952*-1185.6*CS:0000375999952*1185.6*CS:0000375999958*-1185.6*CS:0000375999958*1185.6~PLB*1508250911*20201231*CS:0000375999382*-1185.6*CS:0000375999382*1185.6*CS:0000375999393*-1185.6*CS:0000375999393*1185.6*CS:0000375999936*-1185.6*CS:0000375999936*1185.6~PLB*1508250911*20201231*CS:0000375999942*-1185.6*CS:0000375999942*1185.6*CS:0000375999947*-1185.6*CS:0000375999947*1185.6~SE*11160*000010012~GE*1*200008106~IEA*1*200008106~