ISA*00*          *00*          *01*030240928      *ZZ*AV09311993     *191015*1233*^*00501*136849500*0*P*:~GS*HP*ANTHEMFCS*AV01101957*20191015*1233*1*X*005010X221A1~ST*835*1003~BPR*I*163.83*C*ACH*CCP*01*061000052*DA*3299114001*1840747736**01*102000076*DA*2838835219*20191016~TRN*1*3110479050*1840747736~REF*EV*FAC~DTM*405*20191014~N1*PR*ROCKY MOUNTAIN HOSPITAL&MEDICAL~N3*3075 VANDERCAR WAY~N4*CINCINNATI*OH*45209~REF*2U*00050~PER*CX**TE*8668374596~PER*BL*EDI SOLUTIONS*TE*8004709630*EM*E-SOLUTIONS.SUPPORT@ANTHEM.COM~PER*IC**UR*WWW.ANTHEM.COM/PROVIDER/ROUTER~N1*PE*SPANISH PEAKS NEW ALTERNA*XX*1508250911~N3*41 MONTEBELLO RD STE 116~N4*PUEBLO*CO*81001~REF*TJ*841158933~LX*1~CLP*000100022541*1*74.8*0*74.8*12*2019269CK9208~NM1*QC*1*MIKITOWICZ*HANNAH****MI*975M86248~NM1*74*1**BARTHOLOMEW*I***C*XFW975M86248~DTM*050*20190926~SVC*HC:90837*74.8*0**1**0~DTM*472*20190919~CAS*PR*1*74.8*1~REF*6R*CPUHR28HGVR6~AMT*B6*74.8~CLP*000100022926*1*115*0*93*12*2019273DE2271~NM1*QC*1*MIKITOWICZ*HANNAH****MI*975M86248~NM1*74*1**BARTHOLOMEW*I***C*XFW975M86248~DTM*050*20190930~SVC*HC:90837*115*0**1**0~DTM*472*20190927~CAS*CO*45*22*1~CAS*PR*1*93*1~REF*6R*CPVT03FLQCE8~AMT*B6*93~CLP*000100021775*1*197*6.72*131.65*12*2019275CY1839~NM1*QC*1*GRAMER RIVERA*ANNETT*L***MI*3HZN74715~NM1*74*1******C*IRA3HZN74715~DTM*050*20191002~SVC*HC:99203:25*145*0**1**0~DTM*472*20190829~CAS*CO*45*13.35*1~CAS*PR*1*131.65*1~REF*6R*CP2L5E79ZTB1~AMT*B6*131.65~SVC*HC:99408:59*44*0**1**0~DTM*472*20190829~CAS*CO*97*44*1~REF*6R*CP2LEWHL4WYZ~SVC*HC:96127:59*8*6.72**1**0~DTM*472*20190829~CAS*CO*45*1.28*1~REF*6R*CP2L3H5YGXKR~AMT*B6*6.72~CLP*000100023074*1*90*64.11*25*12*2019275CY2091~NM1*QC*1*DONALDSON*JEFFREY****MI*113814896~NM1*74*1******C*OSQ113814896~DTM*050*20191002~SVC*HC:99213*90*64.11**1**0~DTM*472*20191002~CAS*CO*45*.89*1~CAS*PR*3*25*1~REF*6R*CP2D5S25I18X~AMT*B6*89.11~CLP*000100022920*1*115*93**12*2019275CY2167~NM1*QC*1*LANDGREN*MICHELLE*L***MI*112427388~NM1*74*1******C*OSQ112427388~DTM*050*20191002~SVC*HC:90837*115*93**1**0~DTM*472*20190927~CAS*CO*45*22*1~REF*6R*CP2L9A8ROBSQ~AMT*B6*93~SE*75*1003~GE*1*1~IEA*1*136849500~