ISA*00*          *00*          *01*030240928      *ZZ*AV09311993     *191105*1232*^*00501*165110364*0*P*:~GS*HP*ANTHEMFCS*AV01101957*20191105*1232*1*X*005010X221A1~ST*835*1005~BPR*I*489.54*C*ACH*CCP*01*061000052*DA*3299114001*1840747736**01*102000076*DA*2838835219*20191106~TRN*1*3111978300*1840747736~REF*EV*FAC~DTM*405*20191104~N1*PR*ROCKY MOUNTAIN HOSPITAL&MEDICAL~N3*3075 VANDERCAR WAY~N4*CINCINNATI*OH*45209~REF*2U*00050~PER*CX**TE*8338488727~PER*BL*EDI SOLUTIONS*TE*8004709630*EM*E-SOLUTIONS.SUPPORT@ANTHEM.COM~PER*IC**UR*WWW.ANTHEM.COM/PROVIDER/ROUTER~N1*PE*SPANISH PEAKS NEW ALTERNA*XX*1508250911~N3*41 MONTEBELLO RD STE 116~N4*PUEBLO*CO*81001~REF*TJ*841158933~LX*1~CLP*38901A*1*155*0*104*12*2019263CT0752~NM1*QC*1*CUBBAGE*ADAM****MI*096W00671~DTM*050*20190920~SVC*HC:90791*155*0**1**0~DTM*472*20190801~CAS*CO*45*51*1~CAS*PR*1*104*1~REF*6R*44889~AMT*B6*104~CLP*000100023813*1*124*80.4*30*12*2019294DP7709~NM1*QC*1*COMI VINING*SHIRLEY*A***MI*W00496553~NM1*74*1******C*GZVW00496553~DTM*050*20191021~SVC*HC:99212:25*54*23.74**1**0~DTM*472*20191016~CAS*CO*45*.26*1~CAS*PR*3*30*1~REF*6R*CP4LFNS6NUR2~AMT*B6*53.74~SVC*HC:90471*35*31.35**1**0~DTM*472*20191016~CAS*CO*45*3.65*1~REF*6R*CP4LCO77SVQ8~AMT*B6*31.35~SVC*HC:90674*35*25.31**1**0~DTM*472*20191016~CAS*CO*45*9.69*1~REF*6R*CP4LTOY4Z6W6~AMT*B6*25.31~CLP*000100023735*1*205*176.96*25*12*2019294DP7775~NM1*QC*1*BACHLET*QUILAN****MI*201913517~NM1*74*1******C*GHS201913517~DTM*050*20191021~SVC*HC:99204*205*176.96**1**0~DTM*472*20191015~CAS*CO*45*3.04*1~CAS*PR*3*25*1~REF*6R*CP4L4OMZ8FUB~AMT*B6*201.96~CLP*000100023975*1*115*0*93*12*2019298BA1023~NM1*QC*1*FLORES*SERGIO****MI*437M78131~NM1*74*1***D~DTM*050*20191025~SVC*HC:90837*115*0**1**0~DTM*472*20191021~CAS*CO*45*22*1~CAS*PR*1*93*1~REF*6R*CP4XF4MNMRDX~AMT*B6*93~CLP*000100024024*1*115*74.4*18.6*12*2019298BA1083~NM1*QC*1*PEREA*MARC****MI*128197141~NM1*74*1******C*OSQ128197141~DTM*050*20191025~SVC*HC:90837*115*74.4**1**0~DTM*472*20191022~CAS*CO*45*22*1~CAS*PR*2*18.6*1~REF*6R*CP4XWUN81KCO~AMT*B6*93~CLP*000100024131*1*115*0*93*12*2019301DX3266~NM1*QC*1*PHILLIPS*COURTNEY****MI*3HZN86547~NM1*74*1******C*IRA3HZN86547~DTM*050*20191028~SVC*HC:90837*115*0**1**0~DTM*472*20191023~CAS*CO*45*22*1~CAS*PR*1*93*1~REF*6R*CP41EHXMO5S1~AMT*B6*93~CLP*000100024168*1*134*0*131.21*12*2019301DX3553~NM1*QC*1*SANDERS*ERIC****MI*3HZN82202~NM1*74*1******C*IRA3HZN82202~DTM*050*20191028~SVC*HC:99214*134*0**1**0~DTM*472*20191024~CAS*CO*45*2.79*1~CAS*PR*1*131.21*1~REF*6R*CP41RCEFE5SS~AMT*B6*131.21~CLP*000100024096*1*90*0*71.28*12*2019301DX3630~NM1*QC*1*RIVERA*JOEANN*A***MI*3HZN92562~NM1*74*1******C*IRA3HZN92562~DTM*050*20191028~SVC*HC:99213*90*0**1**0~DTM*472*20191023~CAS*CO*45*18.72*1~CAS*PR*1*71.28*1~REF*6R*CP41VHCMUCOW~AMT*B6*71.28~CLP*000100023961*1*115*0*93*12*2019301DX7843~NM1*QC*1*MIKITOWICZ*HANNAH****MI*975M86248~NM1*74*1**BARTHOLOMEW*I***C*XFW975M86248~DTM*050*20191028~SVC*HC:90837*115*0**1**0~DTM*472*20191018~CAS*CO*45*22*1~CAS*PR*1*93*1~REF*6R*CP416KO4J4LG~AMT*B6*93~CLP*000100024129*1*145*94.78*10.53*12*2019301DX8308~NM1*QC*1*THOMPSON*DAVID****MI*345M92366~NM1*74*1***L~DTM*050*20191028~SVC*HC:99203*145*94.78**1**0~DTM*472*20191023~CAS*CO*45*39.69*1~CAS*PR*2*10.53*1~REF*6R*CP41ME5XAZBH~AMT*B6*105.31~CLP*000100024117*1*115*63*30*12*2019303DM5742~NM1*QC*1*GALLERY*KRISTINE****MI*419M97662~NM1*74*1***M~DTM*050*20191030~SVC*HC:90837*115*63**1**0~DTM*472*20191023~CAS*CO*45*22*1~CAS*PR*3*30*1~REF*6R*CP5T7E59TF95~AMT*B6*93~CLP*000100024235*1*115*0*93*12*2019303DM5936~NM1*QC*1*MIKITOWICZ*HANNAH****MI*975M86248~NM1*74*1**BARTHOLOMEW*I***C*XFW975M86248~DTM*050*20191030~SVC*HC:90837*115*0**1**0~DTM*472*20191025~CAS*CO*45*22*1~CAS*PR*1*93*1~REF*6R*CP5TF31V5EY0~AMT*B6*93~SE*147*1005~GE*1*1~IEA*1*165110364~