ISA*00*          *00*          *01*030240928      *ZZ*AV09311993     *191023*1831*^*00501*149860893*0*P*:~GS*HP*ANTHEMFCS*AV01101957*20191023*1831*1*X*005010X221A1~ST*835*1001~BPR*I*22.28*C*ACH*CCP*01*061000052*DA*3359994103*1840747736**01*102000076*DA*2838835219*20191024~TRN*1*3111108180*1840747736~REF*EV*FEP~DTM*405*20191022~N1*PR*BCBS FEP~N3*3075 VANDERCAR WAY~N4*CINCINNATI*OH*45209~REF*2U*ANTHEM~PER*CX**TE*8008525957~PER*BL*EDI SOLUTIONS*TE*8004709630*EM*E-SOLUTIONS.SUPPORT@ANTHEM.COM~PER*IC**UR*WWW.ANTHEM.COM/PROVIDER/ROUTER~N1*PE*HEALTH SOLUTIONS MEDICAL CENTER*XX*1508250911~N3*41 MONTEBELLO RD STE 116~N4*PUEBLO*CO*81001~REF*TJ*841158933~LX*1~CLP*000100022801*2*134*22.28**12*19290Y087711BA*11~NM1*QC*1*PACHECO JR*SAVIE****MI*R50076006~DTM*050*20191017~SVC*HC:99214*134*22.28**1~DTM*472*20190925~CAS*CO*45*24.4~CAS*OA*23*87.32~REF*6R*CPVTYAJFC7LR~AMT*B6*109.6~SE*27*1001~GE*1*1~IEA*1*149860893~