ISA*00*          *00*          *01*030240928      *ZZ*AV09311993     *191101*1633*^*00501*161742077*0*P*:~GS*HP*ANTHEMFCS*AV01101957*20191101*1633*1*X*005010X221A1~ST*835*1004~BPR*I*411.93*C*ACH*CCP*01*061000052*DA*3299114001/*1840747736**01*102000076*DA*2838835219*20191030~TRN*1*3111446544*1840747736~REF*EV*FAC~DTM*405*20191031~N1*PR*ROCKY MOUNTAIN HOSPITAL&MEDICAL~N3*3075 VANDERCAR WAY~N4*CINCINNATI*OH*45209~REF*2U*00050~PER*CX**TE*8778113106~PER*BL*EDI SOLUTIONS*TE*8004709630*EM*E-SOLUTIONS.SUPPORT@ANTHEM.COM~PER*IC**UR*WWW.ANTHEM.COM/PROVIDER/ROUTER~N1*PE*SPANISH PEAKS NEW ALTERNA*XX*1508250911~N3*41 MONTEBELLO RD STE 116~N4*PUEBLO*CO*81001~REF*TJ*841158933~LX*1~CLP*000100023186*1*115*0*93*12*2019283DE3157~NM1*QC*1*MIKITOWICZ*HANNAH****MI*975M86248~NM1*74*1**BARTHOLOMEW*I***C*XFW975M86248~DTM*050*20191010~SVC*HC:90837*115*0**1**0~DTM*472*20191003~CAS*CO*45*22*1~CAS*PR*1*93*1~REF*6R*CP3T9BJAS1IG~AMT*B6*93~CLP*000100023271*1*134*0*131.21*12*2019288DJ7748~NM1*QC*1*CHIKWENDU*TOCHUKWU****MI*128453117~NM1*74*1******C*OSQ128453117~DTM*050*20191015~SVC*HC:99214*134*0**1**0~DTM*472*20191004~CAS*CO*45*2.79*1~CAS*PR*1*131.21*1~REF*6R*CP3PW8639GBX~AMT*B6*131.21~CLP*000100023564*1*267*161.06**12*2019288DJ7923~NM1*QC*1*ALVAREZ*JEREMY****MI*130057371~NM1*74*1******C*SAW130057371~DTM*050*20191015~SVC*HC:99203:25*145*105.31**1**0~DTM*472*20191011~CAS*CO*45*39.69*1~REF*6R*CP3PZ8I3QA0O~AMT*B6*105.31~SVC*HC:90471*35*25.07**1**0~DTM*472*20191011~CAS*CO*45*9.93*1~REF*6R*CP3PR5MX9IRX~AMT*B6*25.07~SVC*HC:90674*35*25.31**1**0~DTM*472*20191011~CAS*CO*45*9.69*1~REF*6R*CP3PD7C2YIIO~AMT*B6*25.31~SVC*HC:96127:59*8*5.37**1**0~DTM*472*20191011~CAS*CO*45*2.63*1~REF*6R*CP3PJIATI762~AMT*B6*5.37~SVC*HC:99408:59*44*0**1**0~DTM*472*20191011~CAS*CO*97*44*1~REF*6R*CP3PWI1Y5MMR~CLP*000100023680*1*145*0*105.31*12*2019290CV5631~NM1*QC*1*MIKITOWICZ*HANNAH****MI*975M86248~NM1*74*1**BARTHOLOMEW*I***C*XFW975M86248~DTM*050*20191017~SVC*HC:99203*145*0**1**0~DTM*472*20191015~CAS*CO*45*39.69*1~CAS*PR*1*105.31*1~REF*6R*CP39FCD0K807~AMT*B6*105.31~CLP*000100023787*1*204*172.87*15*HM*2019294DQ4496~NM1*QC*1*PARK*DALE*L***MI*762M50957~NM1*74*1**KATHERINE~DTM*050*20191021~SVC*HC:99214:25*134*116.21**1**0~DTM*472*20191016~CAS*CO*45*2.79*1~CAS*PR*3*15*1~REF*6R*CP4LHQJ9KTVV~AMT*B6*131.21~SVC*HC:90471*35*31.35**1**0~DTM*472*20191016~CAS*CO*45*3.65*1~REF*6R*CP4L4JOIIYHF~AMT*B6*31.35~SVC*HC:90674*35*25.31**1**0~DTM*472*20191016~CAS*CO*45*9.69*1~REF*6R*CP4L7JIR8QW2~AMT*B6*25.31~CLP*000100023949*1*115*78*15*12*2019294DQ4603~NM1*QC*1*MEDINA*GINGER****MI*333A78715~NM1*74*1**ADRIAN*J~DTM*050*20191021~SVC*HC:90837*115*78**1**0~DTM*472*20191018~CAS*CO*45*22*1~CAS*PR*3*15*1~REF*6R*CP4LXIFDZ0L2~AMT*B6*93~SE*106*1004~GE*1*1~IEA*1*161742077~