ISA*00*          *00*          *01*030240928      *ZZ*AV09311993     *191112*1232*^*00501*173899512*0*P*:~GS*HP*ANTHEMFCS*AV01101957*20191112*1232*1*X*005010X221A1~ST*835*1001~BPR*I*125.44*C*ACH*CCP*01*061000052*DA*3299114001*1840747736**01*102000076*DA*2838835219*20191113~TRN*1*3112475715*1840747736~REF*EV*FAC~DTM*405*20191111~N1*PR*ROCKY MOUNTAIN HOSPITAL&MEDICAL~N3*3075 VANDERCAR WAY~N4*CINCINNATI*OH*45209~REF*2U*00050~PER*CX**TE*8778113106~PER*BL*EDI SOLUTIONS*TE*8004709630*EM*E-SOLUTIONS.SUPPORT@ANTHEM.COM~PER*IC**UR*WWW.ANTHEM.COM/PROVIDER/ROUTER~N1*PE*SPANISH PEAKS NEW ALTERNA*XX*1508250911~N3*41 MONTEBELLO RD STE 116~N4*PUEBLO*CO*81001~REF*TJ*841158933~LX*1~CLP*24423B*4*413*0**12*2018319CQ4031~NM1*QC*1*WODIUK*STEVEN*T***MI*127815312~NM1*74*1******C*YYQ127815312~DTM*050*20181115~SVC*HC:99214:25*328*0**1**0~DTM*472*20181008~CAS*OA*18*328*1~REF*6R*27574~SVC*HC:96127*40*0**1**0~DTM*472*20181008~CAS*OA*18*40*1~REF*6R*29367~SVC*HC:99408*45*0**1**0~DTM*472*20181008~CAS*OA*18*45*1~REF*6R*29368~CLP*24423B*22*-413*-96.55**12*2018319CQ4031~NM1*QC*1*WODIUK*STEVEN*T***MI*127815312~NM1*74*1******C*YYQ127815312~DTM*050*20181115~SVC*HC:99214:25*-328*-91.85**1**0~DTM*472*20181008~CAS*CO*45*-196.79*1~CAS*PR*2*-39.36*1~REF*6R*27574~AMT*B6*-131.21~SVC*HC:96127*-40*-4.7**1**0~DTM*472*20181008~CAS*CO*45*-33.28*1~CAS*PR*2*-2.02*1~REF*6R*29367~AMT*B6*-6.72~SVC*HC:99408*-45*0**1**0~DTM*472*20181008~CAS*CO*97*-45*1~REF*6R*29368~CLP*000100024243*1*90*71.28**12*2019303DL8284~NM1*QC*1*ALVAREZ*JEREMY****MI*130057371~NM1*74*1******C*SAW130057371~DTM*050*20191030~SVC*HC:99213*90*71.28**1**0~DTM*472*20191025~CAS*CO*45*18.72*1~REF*6R*CP5TW55W7OCF~AMT*B6*71.28~CLP*000100024244*1*135*72.71**12*2019305CT5741~NM1*QC*1*ALVAREZ*ALEXANDRA*M***MI*130057371~NM1*74*1******C*SAW130057371~DTM*050*20191101~SVC*HC:99202*135*72.71**1**0~DTM*472*20191025~CAS*CO*45*62.29*1~REF*6R*CPCLGEKXVD28~AMT*B6*72.71~CLP*000100024344*1*80*0*79*12*2019305CT5776~NM1*QC*1*BUEHLER*RICHARD*N***MI*970413527~NM1*74*1******C*AQE970413527~DTM*050*20191101~SVC*HC:90834*80*0**1**0~DTM*472*20191029~CAS*CO*45*1*1~CAS*PR*1*79*1~REF*6R*CPCLFKR8BFWS~AMT*B6*79~CLP*000100022036*1*115*78*15*12*2019308DF5678~NM1*QC*1*MEDINA*GINGER****MI*333A78715~NM1*74*1**ADRIAN*J~DTM*050*20191104~SVC*HC:90837*115*78**1**0~DTM*472*20190905~CAS*CO*45*22*1~CAS*PR*3*15*1~REF*6R*CPCXCN16BBNQ~AMT*B6*93~SE*92*1001~GE*1*1~IEA*1*173899512~