ISA*00*          *00*          *01*030240928      *ZZ*AV09311993     *191114*1232*^*00501*176850114*0*P*:~GS*HP*ANTHEMFCS*AV01101957*20191114*1232*1*X*005010X221A1~ST*835*1023~BPR*I*22.22*C*ACH*CCP*01*061000052*DA*3359994103*1840747736**01*102000076*DA*2838835219*20191114~TRN*1*3112612013*1840747736~REF*EV*FEP~DTM*405*20191112~N1*PR*BCBS FEP~N3*3075 VANDERCAR WAY~N4*CINCINNATI*OH*45209~REF*2U*ANTHEM~PER*CX**TE*8008525957~PER*BL*EDI SOLUTIONS*TE*8004709630*EM*E-SOLUTIONS.SUPPORT@ANTHEM.COM~PER*IC**UR*WWW.ANTHEM.COM/PROVIDER/ROUTER~N1*PE*HEALTH SOLUTIONS MEDICAL CENTER*XX*1508250911~N3*41 MONTEBELLO RD STE 116~N4*PUEBLO*CO*81001~REF*TJ*841158933~LX*1~CLP*000100023919*2*205*22.22*60*12*19311Y119749BA*11~NM1*QC*1*LO*WAI****MI*R17470335~NM1*IL*1*BARRETT*MICHAEL*L***MI*R17470335~DTM*050*20191107~SVC*HC:99203:25*145*22.22**1~DTM*472*20191017~CAS*CO*45*35.68~CAS*OA*23*87.1~REF*6R*CP4LU61WXK5A~AMT*B6*109.32~SVC*HC:G0444*20*0**1~DTM*472*20191017~CAS*PR*49*20~REF*6R*CP4LFRRJC7G0~SVC*HC:G0396*40*0**1~DTM*472*20191017~CAS*PR*49*40~REF*6R*CP4LT7TTLMBA~SE*36*1023~GE*1*1~IEA*1*176850114~