ISA*00*          *00*          *01*030240928      *ZZ*AV09311993     *191119*0632*^*00501*181313046*0*P*:~GS*HP*ANTHEMFCS*AV01101957*20191119*0632*1*X*005010X221A1~ST*835*1001~BPR*I*795.78*C*ACH*CCP*01*061000052*DA*3299114001*1840747736**01*102000076*DA*2838835219*20191120~TRN*1*3113000506*1840747736~REF*EV*FAC~DTM*405*20191118~N1*PR*ROCKY MOUNTAIN HOSPITAL&MEDICAL~N3*3075 VANDERCAR WAY~N4*CINCINNATI*OH*45209~REF*2U*00050~PER*CX**TE*8338488727~PER*BL*EDI SOLUTIONS*TE*8004709630*EM*E-SOLUTIONS.SUPPORT@ANTHEM.COM~PER*IC**UR*WWW.ANTHEM.COM/PROVIDER/ROUTER~N1*PE*SPANISH PEAKS NEW ALTERNA*XX*1508250911~N3*41 MONTEBELLO RD STE 116~N4*PUEBLO*CO*81001~REF*TJ*841158933~LX*1~CLP*000100022774*4*70*0**12*2019283DE3141~NM1*QC*1*GALLERY*KRISTINE****MI*419M97662~NM1*74*1***M~DTM*050*20191010~SVC*HC:90834*70*0**1**0~DTM*472*20190925~CAS*OA*18*70*1~REF*6R*CP3TAGI2ILJ4~CLP*000100023897*1*197*110.68**12*2019294DQ4154~NM1*QC*1*PADILLA*MATHEW****MI*627A70820~NM1*74*1**EMILY*K~DTM*050*20191021~SVC*HC:99203:25*145*105.31**1**0~DTM*472*20191017~CAS*CO*45*39.69*1~REF*6R*CP4L0SUW4C29~AMT*B6*105.31~SVC*HC:99408:59*44*0**1**0~DTM*472*20191017~CAS*CO*97*44*1~REF*6R*CP4L3P3E237T~SVC*HC:96127:59*8*5.37**1**0~DTM*472*20191017~CAS*CO*45*2.63*1~REF*6R*CP4LQQ7CESHI~AMT*B6*5.37~CLP*000100024444*1*134*79.95*25*12*2019310CU8278~NM1*QC*1*SMITH*LAURA*M***MI*201913517~NM1*74*1******C*GHS201913517~DTM*050*20191106~SVC*HC:99214*134*79.95**1**0~DTM*472*20191101~CAS*CO*45*29.05*1~CAS*PR*3*25*1~REF*6R*CPCH9XY81DYV~AMT*B6*104.95~CLP*000100024597*1*257*168.29*40.39*12*2019311CY1336~NM1*QC*1*MORS*MARK****MI*AN4973115~NM1*74*1******C*UQKAN4973115~DTM*050*20191107~SVC*HC:99204:25*205*161.57**1**0~DTM*472*20191105~CAS*CO*45*3.04*1~CAS*PR*2*40.39*1~REF*6R*CPC99J4BCJRN~AMT*B6*201.96~SVC*HC:96127:59*8*6.72**1**0~DTM*472*20191105~CAS*CO*45*1.28*1~REF*6R*CPC9R0GZP9I7~AMT*B6*6.72~SVC*HC:99408:59*44*0**1**0~DTM*472*20191105~CAS*CO*97*44*1~REF*6R*CPC9E5XVZ7SY~CLP*000100024563*1*80*0*79*12*2019311CY1658~NM1*QC*1*PHILLIPS*COURTNEY****MI*3HZN86547~NM1*74*1******C*IRA3HZN86547~DTM*050*20191107~SVC*HC:90834*80*0**1**0~DTM*472*20191104~CAS*CO*45*1*1~CAS*PR*1*79*1~REF*6R*CPC9EKP9VGFB~AMT*B6*79~CLP*000100024609*1*90*64.15*7.13*12*2019311CY6436~NM1*QC*1*THOMPSON*LUCINDA****MI*345M92366~NM1*74*1**DAVID*L~DTM*050*20191107~SVC*HC:99213*90*64.15**1**0~DTM*472*20191105~CAS*CO*45*18.72*1~CAS*PR*2*7.13*1~REF*6R*CPC975WQVTFJ~AMT*B6*71.28~CLP*000100024896*1*54*38.68*4.3*12*2019315DC6467~NM1*QC*1*THOMPSON*DAVID****MI*345M92366~NM1*74*1***L~DTM*050*20191111~SVC*HC:99212*54*38.68**1**0~DTM*472*20191107~CAS*CO*45*11.02*1~CAS*PR*2*4.3*1~REF*6R*CPDLVYHM1Y49~AMT*B6*42.98~CLP*000100024793*1*134*104.95**12*2019315DC6597~NM1*QC*1*PADILLA*MATHEW****MI*627A70820~NM1*74*1**EMILY*K~DTM*050*20191111~SVC*HC:99214*134*104.95**1**0~DTM*472*20191106~CAS*CO*45*29.05*1~REF*6R*CPDLQY01AZBJ~AMT*B6*104.95~CLP*000100024776*1*149*70.13*40*12*2019315DC9653~NM1*QC*1*KEATOR*MARYANN*M***MI*902999293~NM1*74*1******C*LCN902999293~DTM*050*20191111~SVC*HC:99214:25*134*64.95**1**0~DTM*472*20191106~CAS*CO*45*29.05*1~CAS*PR*3*40*1~REF*6R*CPDLYWZR8RB3~AMT*B6*104.95~SVC*HC:81025*15*5.18**1**0~DTM*472*20191106~CAS*CO*45*9.82*1~REF*6R*CPDLPAC7VGN7~AMT*B6*5.18~CLP*000100024631*1*80*79**12*2019315DC9859~NM1*QC*1*LANDGREN*MICHELLE*L***MI*112427388~NM1*74*1******C*OSQ112427388~DTM*050*20191111~SVC*HC:90834*80*79**1**0~DTM*472*20191105~CAS*CO*45*1*1~REF*6R*CPDLD2YY0DV3~AMT*B6*79~CLP*000100024781*1*134*79.95*25*12*2019315DD0347~NM1*QC*1*DURAN*JEREMY*J***MI*128155475~NM1*74*1******C*OSQ128155475~DTM*050*20191111~SVC*HC:99214*134*79.95**1**0~DTM*472*20191106~CAS*CO*45*29.05*1~CAS*PR*3*25*1~REF*6R*CPDLL5IQ9TC2~AMT*B6*104.95~CLP*000100024956*1*115*0*93*12*2019317DE4546~NM1*QC*1*MIKITOWICZ*HANNAH****MI*975M86248~NM1*74*1**BARTHOLOMEW*I***C*XFW975M86248~DTM*050*20191113~SVC*HC:90837*115*0**1**0~DTM*472*20191108~CAS*CO*45*22*1~CAS*PR*1*93*1~REF*6R*CPD5X3JU6YJE~AMT*B6*93~SE*156*1001~GE*1*1~IEA*1*181313046~