ISA*00*          *00*          *01*030240928      *ZZ*AV09311993     *191206*1332*^*00501*194826540*0*P*:~GS*HP*ANTHEMFCS*AV01101957*20191206*1332*1*X*005010X221A1~ST*835*1001~BPR*I*79.95*C*ACH*CCP*01*061000052*DA*3299114001*1840747736**01*102000076*DA*2838835219*20191205~TRN*1*3113979632*1840747736~REF*EV*FAC~DTM*405*20191204~N1*PR*ROCKY MOUNTAIN HOSPITAL&MEDICAL~N3*3075 VANDERCAR WAY~N4*CINCINNATI*OH*45209~REF*2U*00050~PER*CX**TE*8338488727~PER*BL*EDI SOLUTIONS*TE*8004709630*EM*E-SOLUTIONS.SUPPORT@ANTHEM.COM~PER*IC**UR*WWW.ANTHEM.COM/PROVIDER/ROUTER~N1*PE*SPANISH PEAKS NEW ALTERNA*XX*1508250911~N3*41 MONTEBELLO RD STE 116~N4*PUEBLO*CO*81001~REF*TJ*841158933~LX*1~CLP*000100025420*1*134*79.95*25*12*2019325CY9383~NM1*QC*1*SMITH*LAURA*M***MI*201913517~NM1*74*1******C*GHS201913517~DTM*050*20191121~SVC*HC:99214*134*79.95**1**0~DTM*472*20191119~CAS*CO*45*29.05*1~CAS*PR*3*25*1~REF*6R*CPELJXDICO1W~AMT*B6*104.95~CLP*000100025342*1*115*0*93*12*2019325DB7793~NM1*QC*1*FLORES*SERGIO****MI*437M78131~NM1*74*1***D~DTM*050*20191121~SVC*HC:90837*115*0**1**0~DTM*472*20191118~CAS*CO*45*22*1~CAS*PR*1*93*1~REF*6R*CPELFR01QEEY~AMT*B6*93~CLP*000100025376*1*115*0*93*12*2019326CU0245~NM1*QC*1*PHILLIPS*COURTNEY****MI*3HZN86547~NM1*74*1******C*IRA3HZN86547~DTM*050*20191122~SVC*HC:90837*115*0**1**0~DTM*472*20191118~CAS*CO*45*22*1~CAS*PR*1*93*1~REF*6R*CPEDZVGBNKN6~AMT*B6*93~CLP*000100025430*1*115*0*93*12*2019326CU3651~NM1*QC*1*MIKITOWICZ*HANNAH****MI*975M86248~NM1*74*1**BARTHOLOMEW*I***C*XFW975M86248~DTM*050*20191122~SVC*HC:90837*115*0**1**0~DTM*472*20191119~CAS*CO*45*22*1~CAS*PR*1*93*1~REF*6R*CPED17I2P7Y5~AMT*B6*93~CLP*40499A*4*155*0**12*2019326DS3400~NM1*QC*1*PHILLIPS*COURTNEY****MI*3HZN86547~NM1*74*1******C*IRA3HZN86547~DTM*050*20191122~SVC*HC:90791*155*0**1**0~DTM*472*20190816~CAS*CO*29*155*1~REF*6R*44830~CLP*40575A*4*110*0**12*2019326DS3413~NM1*QC*1*PHILLIPS*COURTNEY****MI*3HZN86547~NM1*74*1******C*IRA3HZN86547~DTM*050*20191122~SVC*HC:90837*110*0**1**0~DTM*472*20190823~CAS*CO*29*110*1~REF*6R*44832~SE*74*1001~GE*1*1~IEA*1*194826540~