ISA*00*          *00*          *01*030240928      *ZZ*AV09311993     *191128*1332*^*00501*190379968*0*P*:~GS*HP*ANTHEMFCS*AV01101957*20191128*1332*1*X*005010X221A1~ST*835*1004~BPR*I*281.48*C*ACH*CCP*01*061000052*DA*3299114001*1840747736**01*102000076*DA*2838835219*20191129~TRN*1*3113594330*1840747736~REF*EV*FAC~DTM*405*20191127~N1*PR*ROCKY MOUNTAIN HOSPITAL&MEDICAL~N3*3075 VANDERCAR WAY~N4*CINCINNATI*OH*45209~REF*2U*00050~PER*CX**TE*8332443888~PER*BL*EDI SOLUTIONS*TE*8004709630*EM*E-SOLUTIONS.SUPPORT@ANTHEM.COM~PER*IC**UR*WWW.ANTHEM.COM/PROVIDER/ROUTER~N1*PE*SPANISH PEAKS NEW ALTERNATIV*XX*1508250911~N3*41 MONTEBELLO RD STE 116~N4*PUEBLO*CO*81001~REF*TJ*841158933~LX*1~CLP*000100025091*1*264.15*137.25*23.03*MC*176095714900558**1~NM1*QC*1*GUZELIAN*MADELYN*L***MI*CBH548A22033~NM1*82*1*HOOSHMAND-PARSI*KAYKHOSROW****XX*1447291851~DTM*050*20191119~SVC*HC:99397:25*189*137.25**1~DTM*472*20191112~CAS*CO*45*48.95*1*253*2.8*1~REF*6R*CPDTX6LAMTPF~AMT*B6*140.05~LQ*HE*N381~SVC*HC:93000*23.15*0**1~DTM*472*20191112~CAS*CO*45*5.63*1~CAS*PR*3*17.52*1~REF*6R*CPDTXGQBJYA3~AMT*B6*17.52~LQ*HE*N381~SVC*HC:99408*44*0**1~DTM*472*20191112~CAS*CO*204*36.67**45*7.33~REF*6R*CPDTVICX9APH~LQ*HE*N130~LQ*HE*N381~SVC*HC:96127*8*0**1~DTM*472*20191112~CAS*CO*45*2.49*1~CAS*PR*3*5.51*1~REF*6R*CPDT7J59FRTS~AMT*B6*5.51~LQ*HE*N381~CLP*000100025270*1*329.23*144.23**MC*176259199200894**1~NM1*QC*1*TWITE*TONI*L***MI*CBH385A24770~NM1*82*1*CADDALI*ESTRELLA****XX*1164974580~DTM*050*20191121~SVC*HC:99397:25*189*116.66**1~DTM*472*20191115~CAS*CO*45*69.96*1*253*2.38*1~REF*6R*CPELQMD1PK4L~AMT*B6*119.04~LQ*HE*N381~SVC*HC:90471*35*0**1~DTM*472*20191115~CAS*CO*119*35~REF*6R*CPELHT68W7UR~LQ*HE*M86~SVC*HC:90674*35*27.57**1~DTM*472*20191115~CAS*CO*45*6.87*1*253*.56*1~REF*6R*CPELEAMC6D0C~AMT*B6*28.13~LQ*HE*N381~SVC*HC:90472*17.23*0**1~DTM*472*20191115~CAS*CO*96*17.23~REF*6R*CPELLLLLZEAK~LQ*HE*N356~SVC*HC:90715*53*0**1~DTM*472*20191115~CAS*CO*204*32.85**45*20.15~REF*6R*CPELYU1N8S8C~LQ*HE*N130~LQ*HE*N381~SE*80*1004~GE*1*1~IEA*1*190379968~