ISA*00*          *00*          *01*030240928      *ZZ*AV09311993     *191129*0931*^*00501*190595695*0*P*:~GS*HP*ANTHEMFCS*AV01101957*20191129*0931*1*X*005010X221A1~ST*835*1001~BPR*I*3.5*C*ACH*CCP*01*061000052*DA*3359994103*1840747736**01*102000076*DA*2838835219*20191202~TRN*1*3113722606*1840747736~REF*EV*FEP~DTM*405*20191127~N1*PR*BCBS FEP~N3*3075 VANDERCAR WAY~N4*CINCINNATI*OH*45209~REF*2U*ANTHEM~PER*CX**TE*8008525957~PER*BL*EDI SOLUTIONS*TE*8004709630*EM*E-SOLUTIONS.SUPPORT@ANTHEM.COM~PER*IC**UR*WWW.ANTHEM.COM/PROVIDER/ROUTER~N1*PE*HEALTH SOLUTIONS MEDICAL CENTER*XX*1508250911~N3*41 MONTEBELLO RD STE 116~N4*PUEBLO*CO*81001~REF*TJ*841158933~LX*1~CLP*000100024399*2*237.15*3.5**12*19326Y094100BA*11~NM1*QC*1*LO*WAI****MI*R17470335~NM1*IL*1*BARRETT*MICHAEL*L***MI*R17470335~DTM*050*20191122~SVC*HC:G0438*214*0**1~DTM*472*20191031~CAS*CO*45*41.39~CAS*OA*23*172.61~REF*6R*CPCH68NWIOKA~AMT*B6*172.61~SVC*HC:93000*23.15*3.5**1~DTM*472*20191031~CAS*CO*45*5.91~CAS*OA*23*13.74~REF*6R*CPCHBOT9UC9Q~AMT*B6*17.24~SE*34*1001~GE*1*1~IEA*1*190595695~