ISA*00*          *00*          *01*030240928      *ZZ*AV09311993     *191126*1233*^*00501*189086215*0*P*:~GS*HP*ANTHEMFCS*AV01101957*20191126*1233*1*X*005010X221A1~ST*835*1007~BPR*I*477.78*C*ACH*CCP*01*061000052*DA*3299114001*1840747736**01*102000076*DA*2838835219*20191127~TRN*1*3113460987*1840747736~REF*EV*FAC~DTM*405*20191125~N1*PR*ROCKY MOUNTAIN HOSPITAL&MEDICAL~N3*3075 VANDERCAR WAY~N4*CINCINNATI*OH*45209~REF*2U*00050~PER*CX**TE*8558541438~PER*BL*EDI SOLUTIONS*TE*8004709630*EM*E-SOLUTIONS.SUPPORT@ANTHEM.COM~PER*IC**UR*WWW.ANTHEM.COM/PROVIDER/ROUTER~N1*PE*SPANISH PEAKS NEW ALTERNA*XX*1508250911~N3*41 MONTEBELLO RD STE 116~N4*PUEBLO*CO*81001~REF*TJ*841158933~LX*1~CLP*000100024862*1*90*46.28*25*12*2019315DC9350~NM1*QC*1*SMITH*LAURA*M***MI*201913517~NM1*74*1******C*GHS201913517~DTM*050*20191111~SVC*HC:99213*90*46.28**1**0~DTM*472*20191107~CAS*CO*45*18.72*1~CAS*PR*3*25*1~REF*6R*CPDL3XI4X2VC~AMT*B6*71.28~CLP*000100025020*1*204*152.87*35*12*2019319CN4888~NM1*QC*1*HARMON*TROY*A***MI*113695336~NM1*74*1******C*IVV113695336~DTM*050*20191115~SVC*HC:99214:25*134*96.21**1**0~DTM*472*20191111~CAS*CO*45*2.79*1~CAS*PR*3*35*1~REF*6R*CPDPK3CSPT0N~AMT*B6*131.21~SVC*HC:90471*35*31.35**1**0~DTM*472*20191111~CAS*CO*45*3.65*1~REF*6R*CPDPV9O1U6Q0~AMT*B6*31.35~SVC*HC:90674*35*25.31**1**0~DTM*472*20191111~CAS*CO*45*9.69*1~REF*6R*CPDP25H0S8UI~AMT*B6*25.31~CLP*000100025225*1*245*215.63**12*2019323CR7945~NM1*QC*1*MILLER*RICKY*L***MI*766A78869~NM1*74*1******C*VAD766A78869~DTM*050*20191119~SVC*HC:99396:25*175*158.97**1**0~DTM*472*20191114~CAS*CO*45*16.03*1~REF*6R*CPDTJP9IZ3R2~AMT*B6*158.97~SVC*HC:90471*35*31.35**1**0~DTM*472*20191114~CAS*CO*45*3.65*1~REF*6R*CPDTC5NJ3HVV~AMT*B6*31.35~SVC*HC:90674*35*25.31**1**0~DTM*472*20191114~CAS*CO*45*9.69*1~REF*6R*CPDTL1H5VL0A~AMT*B6*25.31~CLP*000100025288*1*115*63*30*12*2019323CS0544~NM1*QC*1*ANDERSON*ALISON****MI*834576359~NM1*74*1******C*NMJ834576359~DTM*050*20191119~SVC*HC:90837*115*63**1**0~DTM*472*20191115~CAS*CO*45*22*1~CAS*PR*3*30*1~REF*6R*CPDTY72OCZ1C~AMT*B6*93~SE*77*1007~GE*1*1~IEA*1*189086215~