ISA*00*          *00*          *01*030240928      *ZZ*AV09311993     *191217*0632*^*00501*204495964*0*P*:~GS*HP*ANTHEMFCS*AV01101957*20191217*0632*1*X*005010X221A1~ST*835*1003~BPR*I*266.05*C*ACH*CCP*01*061000052*DA*3299114001*1840747736**01*102000076*DA*2838835219*20191218~TRN*1*3114802994*1840747736~REF*EV*FAC~DTM*405*20191216~N1*PR*ROCKY MOUNTAIN HOSPITAL&MEDICAL~N3*3075 VANDERCAR WAY~N4*CINCINNATI*OH*45209~REF*2U*00050~PER*CX**TE*8665140698~PER*BL*EDI SOLUTIONS*TE*8004709630*EM*E-SOLUTIONS.SUPPORT@ANTHEM.COM~PER*IC**UR*WWW.ANTHEM.COM/PROVIDER/ROUTER~N1*PE*SPANISH PEAKS NEW ALTERNA*XX*1508250911~N3*41 MONTEBELLO RD STE 116~N4*PUEBLO*CO*81001~REF*TJ*841158933~LX*1~CLP*000100026043*1*120*104**12*2019344DI1804~NM1*QC*1*JOHNSON*MATTHEW****MI*02102521W~NM1*74*1******C*WMW02102521W~DTM*050*20191210~SVC*HC:90791*120*104**1**0~DTM*472*20191203~CAS*CO*45*16*1~REF*6R*CPNTZVC1US43~AMT*B6*104~CLP*000100025541*1*23.15*21.05**12*2019344DI3787~NM1*QC*1*PADILLA*MATHEW****MI*627A70820~NM1*74*1**EMILY*K~DTM*050*20191210~SVC*HC:93000*23.15*21.05**1**0~DTM*472*20191120~CAS*CO*45*2.1*1~REF*6R*CPNTMSOJBR45~AMT*B6*21.05~CLP*000100025453*1*145*141**12*2019344DI3962~NM1*QC*1*PADILLA*MATHEW****MI*627A70820~NM1*74*1**EMILY*K~DTM*050*20191210~SVC*HC:90792*145*141**1**0~DTM*472*20191119~CAS*CO*45*4*1~REF*6R*CPNT9A9S7BY9~AMT*B6*141~SE*45*1003~GE*1*1~IEA*1*204495964~