ISA*00*          *00*          *01*030240928      *ZZ*AV09311993     *191211*1233*^*00501*200892580*0*P*:~GS*HP*ANTHEMFCS*AV01101957*20191211*1233*1*X*005010X221A1~ST*835*1003~BPR*I*502.11*C*ACH*CCP*01*061000052*DA*3299114001*1840747736**01*102000076*DA*2838835219*20191211~TRN*1*3114336934*1840747736~REF*EV*FAC~DTM*405*20191209~N1*PR*ROCKY MOUNTAIN HOSPITAL&MEDICAL~N3*3075 VANDERCAR WAY~N4*CINCINNATI*OH*45209~REF*2U*00050~PER*CX**TE*8888173717~PER*BL*EDI SOLUTIONS*TE*8004709630*EM*E-SOLUTIONS.SUPPORT@ANTHEM.COM~PER*IC**UR*WWW.ANTHEM.COM/PROVIDER/ROUTER~N1*PE*SPANISH PEAKS NEW ALTERNA*XX*1508250911~N3*41 MONTEBELLO RD STE 116~N4*PUEBLO*CO*81001~REF*TJ*841158933~LX*1~CLP*000100025654*1*148*107.1**12*2019330DG9368~NM1*QC*1*RODGERS*LOGAN*J***MI*804828922~NM1*74*1******C*LCB804828922~DTM*050*20191126~SVC*HC:99392*148*107.1**1**0~DTM*472*20191122~CAS*CO*45*40.9*1~REF*6R*CPEHGC51MD2G~AMT*B6*107.1~CLP*000100025563*1*227*209.69**12*2019330DG9709~NM1*QC*1*GARRISON*WENDY****MI*AN5928570~NM1*74*1******C*CKQAN5928570~DTM*050*20191126~SVC*HC:99396:25*175*158.97**1**0~DTM*472*20191121~CAS*CO*45*16.03*1~REF*6R*CPEHOYVORU0F~AMT*B6*158.97~SVC*HC:96127*8*6.72**1**0~DTM*472*20191121~CAS*CO*45*1.28*1~REF*6R*CPEHG3A8M62X~AMT*B6*6.72~SVC*HC:99408*44*44**1**0~DTM*472*20191121~REF*6R*CPEHH7IB1VJ8~AMT*B6*44~CLP*000100025794*1*134*131.21**12*2019331CQ4776~NM1*QC*1*GALLEGOS*IDA****MI*AN5928046~NM1*74*1******C*CKQAN5928046~DTM*050*20191127~SVC*HC:99214*134*131.21**1**0~DTM*472*20191126~CAS*CO*45*2.79*1~REF*6R*CPE9JLWRAF95~AMT*B6*131.21~CLP*000100025769*1*90*54.11*35*12*2019331CQ5113~NM1*QC*1*HARMON*TROY*A***MI*113695336~NM1*74*1******C*IVV113695336~DTM*050*20191127~SVC*HC:99213*90*54.11**1**0~DTM*472*20191125~CAS*CO*45*.89*1~CAS*PR*3*35*1~REF*6R*CPE9IH6R7CC6~AMT*B6*89.11~CLP*000100025752*1*134*0*131.21*12*2019336CZ1912~NM1*QC*1*CHIKWENDU*TOCHUKWU****MI*128453117~NM1*74*1******C*OSQ128453117~DTM*050*20191202~SVC*HC:99214*134*0**1**0~DTM*472*20191125~CAS*CO*45*2.79*1~CAS*PR*1*131.21*1~REF*6R*CPMD5U9216OO~AMT*B6*131.21~SE*74*1003~GE*1*1~IEA*1*200892580~