ISA*00*          *00*          *01*030240928      *ZZ*AV09311993     *191229*0631*^*00501*211129330*0*P*:~GS*HP*ANTHEMFCS*AV01101957*20191229*0631*1*X*005010X221A1~ST*835*1027~BPR*I*63*C*ACH*CCP*01*061000052*DA*3359994103*1840747736**01*102000076*DA*2838835219*20191231~TRN*1*3115634536*1840747736~REF*EV*FEP~DTM*405*20191228~N1*PR*BCBS FEP~N3*3075 VANDERCAR WAY~N4*CINCINNATI*OH*45209~REF*2U*ANTHEM~PER*CX**TE*8008525957~PER*BL*EDI SOLUTIONS*TE*8004709630*EM*E-SOLUTIONS.SUPPORT@ANTHEM.COM~PER*IC**UR*WWW.ANTHEM.COM/PROVIDER/ROUTER~N1*PE*HEALTH SOLUTIONS MEDICAL CENTER*XX*1508250911~N3*41 MONTEBELLO RD STE 116~N4*PUEBLO*CO*81001~REF*TJ*841158933~LX*1~CLP*000100026720*1*115*63*30*12*19357P068340SA*11~NM1*QC*1*GARDUNO*EDDIE****MI*R60138227~NM1*IL*1*GARDUNO*EDWARD*P***MI*R60138227~DTM*050*20191220~SVC*HC:90837*115*63**1~DTM*472*20191213~CAS*CO*45*22~CAS*PR*3*30~REF*6R*CPOTO0NR3FYF~AMT*B6*93~SE*28*1027~GE*1*1~IEA*1*211129330~