ISA*00*          *00*          *01*030240928      *ZZ*AV09311993     *191231*0632*^*00501*212108933*0*P*:~GS*HP*ANTHEMFCS*AV01101957*20191231*0632*1*X*005010X221A1~ST*835*1007~BPR*I*12.94*C*ACH*CCP*01*061000052*DA*3299114001*1840747736**01*102000076*DA*2838835219*20200102~TRN*1*3115740593*1840747736~REF*EV*FAC~DTM*405*20191230~N1*PR*ROCKY MOUNTAIN HOSPITAL&MEDICAL~N3*3075 VANDERCAR WAY~N4*CINCINNATI*OH*45209~REF*2U*00050~PER*CX**TE*8446600434~PER*BL*EDI SOLUTIONS*TE*8004709630*EM*E-SOLUTIONS.SUPPORT@ANTHEM.COM~PER*IC**UR*WWW.ANTHEM.COM/PROVIDER/ROUTER~N1*PE*SPANISH PEAKS NEW ALTERNATIV*XX*1508250911~N3*41 MONTEBELLO RD STE 116~N4*PUEBLO*CO*81001~REF*TJ*841158933~LX*1~CLP*000100023863*2*157*12.94**13*177395229400426**1~NM1*QC*1*CENTA*MARILYNN****MI*108M51082~NM1*74*1***R***C*XFO108M51082~NM1*82*1*GRONEMEYER*LEANNE****XX*1659521045~DTM*050*20191218~SVC*HC:99213:25*90*12.94**1~DTM*472*20191017~CAS*OA*23*77.06*1~REF*6R*CPMD2WJSJCA7~AMT*B6*12.94~SVC*HC:G0008*32*0**1~DTM*472*20191017~CAS*OA*23*32~REF*6R*CPMDH29C9ZN1~SVC*HC:90674*35*0**1~DTM*472*20191017~CAS*OA*23*35~REF*6R*CPMD6XDYMC10~SE*36*1007~GE*1*1~IEA*1*212108933~