ISA*00*          *00*          *01*030240928      *ZZ*AV09311993     *191231*0632*^*00501*212108933*0*P*:~GS*HP*ANTHEMFCS*AV01101957*20191231*0632*1*X*005010X221A1~ST*835*1004~BPR*I*537.33*C*ACH*CCP*01*061000052*DA*3299114001*1840747736**01*102000076*DA*2838835219*20200102~TRN*1*3115740592*1840747736~REF*EV*FAC~DTM*405*20191230~N1*PR*ROCKY MOUNTAIN HOSPITAL&MEDICAL~N3*3075 VANDERCAR WAY~N4*CINCINNATI*OH*45209~REF*2U*00050~PER*CX**TE*8778113106~PER*BL*EDI SOLUTIONS*TE*8004709630*EM*E-SOLUTIONS.SUPPORT@ANTHEM.COM~PER*IC**UR*WWW.ANTHEM.COM/PROVIDER/ROUTER~N1*PE*SPANISH PEAKS NEW ALTERNA*XX*1508250911~N3*41 MONTEBELLO RD STE 116~N4*PUEBLO*CO*81001~REF*TJ*841158933~LX*1~CLP*000100026384*1*134*69.95*35*12*2019351DD8622~NM1*QC*1*DURAN*JEREMY*J***MI*128155475~NM1*74*1******C*OSQ128155475~DTM*050*20191217~SVC*HC:99214*134*69.95**1**0~DTM*472*20191206~CAS*CO*45*29.05*1~CAS*PR*3*35*1~REF*6R*CPN9W935SYDC~AMT*B6*104.95~CLP*000100026420*1*115*93**12*2019352DK2551~NM1*QC*1*JOHNSON*MATTHEW****MI*02102521W~NM1*74*1******C*WMW02102521W~DTM*050*20191218~SVC*HC:90837*115*93**1**0~DTM*472*20191209~CAS*CO*45*22*1~REF*6R*CPN164C2ZDU9~AMT*B6*93~CLP*000100026563*1*134*106.21*25*12*2019352DK2751~NM1*QC*1*DONALDSON*JEFFREY****MI*113814896~NM1*74*1******C*OSQ113814896~DTM*050*20191218~SVC*HC:99214*134*106.21**1**0~DTM*472*20191211~CAS*CO*45*2.79*1~CAS*PR*3*25*1~REF*6R*CPN1EYG87JI1~AMT*B6*131.21~CLP*000100023106*1*115*63*30*12*2019354DA3655~NM1*QC*1*GALLERY*KRISTINE****MI*419M97662~NM1*74*1***M~DTM*050*20191220~SVC*HC:90837*115*63**1**0~DTM*472*20191002~CAS*CO*45*22*1~CAS*PR*3*30*1~REF*6R*CPNTFC0NHWAI~AMT*B6*93~CLP*000100026578*1*90*71.28**12*2019354DA4623~NM1*QC*1*LOPEZ*MARISA****MI*117984058~NM1*74*1******C*OSQ117984058~DTM*050*20191220~SVC*HC:99213*90*71.28**1**0~DTM*472*20191211~CAS*CO*45*18.72*1~REF*6R*CPOTDFN0HX5Y~AMT*B6*71.28~CLP*000100026789*1*148*133.89**12*2019360CY5638~NM1*QC*1*CHARITON*BLAIR****MI*545A75691~NM1*74*1**NICHOLAS*J***C*XFW545A75691~DTM*050*20191226~SVC*HC:99392*148*133.89**1**0~DTM*472*20191216~CAS*CO*45*14.11*1~REF*6R*CPOHCFRWHL6Y~AMT*B6*133.89~SE*75*1004~GE*1*1~IEA*1*212108933~