ISA*00*          *00*          *01*030240928      *ZZ*AV09311993     *191224*0632*^*00501*208817635*0*P*:~GS*HP*ANTHEMFCS*AV01101957*20191224*0632*1*X*005010X221A1~ST*835*1002~BPR*I*728.66*C*ACH*CCP*01*061000052*DA*3299114001*1840747736**01*102000076*DA*2838835219*20191226~TRN*1*3115303864*1840747736~REF*EV*FAC~DTM*405*20191223~N1*PR*ROCKY MOUNTAIN HOSPITAL&MEDICAL~N3*3075 VANDERCAR WAY~N4*CINCINNATI*OH*45209~REF*2U*00050~PER*CX**TE*8778113106~PER*BL*EDI SOLUTIONS*TE*8004709630*EM*E-SOLUTIONS.SUPPORT@ANTHEM.COM~PER*IC**UR*WWW.ANTHEM.COM/PROVIDER/ROUTER~N1*PE*SPANISH PEAKS NEW ALTERNA*XX*1508250911~N3*41 MONTEBELLO RD STE 116~N4*PUEBLO*CO*81001~REF*TJ*841158933~LX*1~CLP*000100025806*1*134*104.97*26.24*12*2019344DI2556~NM1*QC*1*MORS*MARK****MI*AN4973115~NM1*74*1******C*UQKAN4973115~DTM*050*20191210~SVC*HC:99214*134*104.97**1**0~DTM*472*20191126~CAS*CO*45*2.79*1~CAS*PR*2*26.24*1~REF*6R*CPNTSN0J0U7K~AMT*B6*131.21~CLP*000100025996*1*149*96.39*40*12*2019346DG5032~NM1*QC*1*KEATOR*MARYANN*M***MI*902999293~NM1*74*1******C*LCN902999293~DTM*050*20191212~SVC*HC:99214:25*134*91.21**1**0~DTM*472*20191202~CAS*CO*45*2.79*1~CAS*PR*3*40*1~REF*6R*CPND05M2BSTZ~AMT*B6*131.21~SVC*HC:81025*15*5.18**1**0~DTM*472*20191202~CAS*CO*45*9.82*1~REF*6R*CPNDEBHSLYEY~AMT*B6*5.18~CLP*000100026186*1*115*63*30*12*2019346DG6580~NM1*QC*1*GALLERY*KRISTINE****MI*419M97662~NM1*74*1***M~DTM*050*20191212~SVC*HC:90837*115*63**1**0~DTM*472*20191204~CAS*CO*45*22*1~CAS*PR*3*30*1~REF*6R*CPNDRS5WQVVT~AMT*B6*93~CLP*000100026279*1*115*93**12*2019348BS4786~NM1*QC*1*JOHNSON*MATTHEW****MI*02102521W~NM1*74*1******C*WMW02102521W~DTM*050*20191213~SVC*HC:90837*115*93**1**0~DTM*472*20191205~CAS*CO*45*22*1~REF*6R*CPN5UIQQI3N0~AMT*B6*93~CLP*000100025874*1*90*64.11*25*12*2019348BS5273~NM1*QC*1*DONALDSON*JEFFREY****MI*113814896~NM1*74*1******C*OSQ113814896~DTM*050*20191213~SVC*HC:99213*90*64.11**1**0~DTM*472*20191127~CAS*CO*45*.89*1~CAS*PR*3*25*1~REF*6R*CPN5YCCDIG9M~AMT*B6*89.11~CLP*000100026167*1*165*119.28**12*2019348CB9173~NM1*QC*1*KELZER*MARK*A***MI*625A78391~DTM*050*20191213~SVC*HC:99395*165*119.28**1**0~DTM*472*20191204~CAS*CO*45*45.72*1~REF*6R*CPN5K5XCSHKK~AMT*B6*119.28~CLP*000100022036*4*115*0**12*2019351DD5808~NM1*QC*1*MEDINA*GINGER****MI*333A78715~NM1*74*1**ADRIAN*J~DTM*050*20191217~SVC*HC:90837*115*0**1**0~DTM*472*20190905~CAS*OA*18*115*1~REF*6R*CPNHMAQ29CED~CLP*000100025813*1*80*64*15*12*2019351DD6098~NM1*QC*1*MEDINA*GINGER****MI*333A78715~NM1*74*1**ADRIAN*J~DTM*050*20191217~SVC*HC:90834*80*64**1**0~DTM*472*20191126~CAS*CO*45*1*1~CAS*PR*3*15*1~REF*6R*CPN99NECFIK4~AMT*B6*79~CLP*000100022692*1*74.8*59.8*15*12*2019351DD6303~NM1*QC*1*MEDINA*GINGER****MI*333A78715~NM1*74*1**ADRIAN*J~DTM*050*20191217~SVC*HC:90837*74.8*59.8**1**0~DTM*472*20190924~CAS*PR*3*15*1~REF*6R*CPNH9IB46ZBK~AMT*B6*74.8~CLP*000100026695*1*90*64.11*25*12*2019352DK7851~NM1*QC*1*MILLER*RICKY*L***MI*766A78869~NM1*74*1******C*VAD766A78869~DTM*050*20191218~SVC*HC:99213*90*64.11**1**0~DTM*472*20191212~CAS*CO*45*.89*1~CAS*PR*3*25*1~REF*6R*CPN1JACPGD6V~AMT*B6*89.11~SE*117*1002~GE*1*1~IEA*1*208817635~