ISA*00*          *00*          *01*030240928      *ZZ*AV09311993     *200107*0932*^*00501*216230693*0*P*:~GS*HP*ANTHEMFCS*AV01101957*20200107*0932*1*X*005010X221A1~ST*835*1010~BPR*I*37.5*C*ACH*CCP*01*061000052*DA*3359994103*1840747736**01*102000076*DA*2838835219*20200108~TRN*1*3116177650*1840747736~REF*EV*FEP~DTM*405*20200106~N1*PR*BCBS FEP~N3*3075 VANDERCAR WAY~N4*CINCINNATI*OH*45209~REF*2U*ANTHEM~PER*CX**TE*8008525957~PER*BL*EDI SOLUTIONS*TE*8004709630*EM*E-SOLUTIONS.SUPPORT@ANTHEM.COM~PER*IC**UR*WWW.ANTHEM.COM/PROVIDER/ROUTER~N1*PE*HEALTH SOLUTIONS MEDICAL CENTER*XX*1508250911~N3*41 MONTEBELLO RD STE 116~N4*PUEBLO*CO*81001~REF*TJ*841158933~LX*1~CLP*000100026278*2*134*22.28**12*19365Y097086BA*11~NM1*QC*1*FROST*ROBERT****MI*R50060390~NM1*IL*1*FROST*ROBERT*C***MI*R50060390~DTM*050*20191231~SVC*HC:99214*134*22.28**1~DTM*472*20191205~CAS*CO*45*24.4~CAS*OA*23*87.32~REF*6R*CPNDV71RKRT1~AMT*B6*109.6~CLP*000100025917*2*90*15.22**12*19365Y097087BA*11~NM1*QC*1*LO*WAI****MI*R17470335~NM1*IL*1*BARRETT*MICHAEL*L***MI*R17470335~DTM*050*20191231~SVC*HC:99213*90*15.22**1~DTM*472*20191127~CAS*CO*45*15.11~CAS*OA*23*59.67~REF*6R*CPNDQ88RQU24~AMT*B6*74.89~SE*38*1010~GE*1*1~IEA*1*216230693~