ISA*00*          *00*          *01*030240928      *ZZ*AV09311993     *200107*0032*^*00501*216021186*0*P*:~GS*HP*ANTHEMFCS*AV01101957*20200107*0032*1*X*005010X221A1~ST*835*1001~BPR*I*79*C*ACH*CCP*01*061000052*DA*3299114001*1840747736**01*102000076*DA*2838835219*20200108~TRN*1*3116177651*1840747736~REF*EV*FAC~DTM*405*20200106~N1*PR*ROCKY MOUNTAIN HOSPITAL&MEDICAL~N3*3075 VANDERCAR WAY~N4*CINCINNATI*OH*45209~REF*2U*00050~PER*CX**TE*8888173717~PER*BL*EDI SOLUTIONS*TE*8004709630*EM*E-SOLUTIONS.SUPPORT@ANTHEM.COM~PER*IC**UR*WWW.ANTHEM.COM/PROVIDER/ROUTER~N1*PE*SPANISH PEAKS NEW ALTERNA*XX*1508250911~N3*41 MONTEBELLO RD STE 116~N4*PUEBLO*CO*81001~REF*TJ*841158933~LX*1~CLP*000100023248*1*120*79*25*12*2019360CV8368~NM1*QC*1*MENDOZA*XAVIER****MI*114932585~NM1*74*1******C*OSQ114932585~DTM*050*20191226~SVC*HC:90791*120*79**1**0~DTM*472*20191004~CAS*CO*45*16*1~CAS*PR*3*25*1~REF*6R*CPOHUTN4M3VP~AMT*B6*104~CLP*000100026822*1*134*0*131.21*12*2019360CV8542~NM1*QC*1*CHIKWENDU*TOCHUKWU****MI*128453117~NM1*74*1******C*OSQ128453117~DTM*050*20191226~SVC*HC:99214*134*0**1**0~DTM*472*20191216~CAS*CO*45*2.79*1~CAS*PR*1*131.21*1~REF*6R*CPOHNL4O0TC3~AMT*B6*131.21~SE*38*1001~GE*1*1~IEA*1*216021186~