ISA*00*          *00*          *01*030240928      *ZZ*AV09311993     *200122*0032*^*00501*227088628*0*P*:~GS*HP*ANTHEMFCS*AV01101957*20200122*0032*1*X*005010X221A1~ST*835*1001~BPR*I*699.26*C*ACH*CCP*01*061000052*DA*3299114001*1840747736**01*102000076*DA*2838835219*20200123~TRN*1*3117028809*1840747736~REF*EV*FAC~DTM*405*20200121~N1*PR*ROCKY MOUNTAIN HOSPITAL&MEDICAL~N3*3075 VANDERCAR WAY~N4*CINCINNATI*OH*45209~REF*2U*00050~PER*CX**TE*8668374596~PER*BL*EDI SOLUTIONS*TE*8004709630*EM*E-SOLUTIONS.SUPPORT@ANTHEM.COM~PER*IC**UR*WWW.ANTHEM.COM/PROVIDER/ROUTER~N1*PE*SPANISH PEAKS NEW ALTERNA*XX*1508250911~N3*41 MONTEBELLO RD STE 116~N4*PUEBLO*CO*81001~REF*TJ*841158933~LX*1~CLP*000100027290*1*120*104**12*2020008CK0147~NM1*QC*1*GALLEGOS*IDA****MI*AN5928046~NM1*74*1******C*CKQAN5928046~DTM*050*20200108~SVC*HC:90791*120*104**1**0~DTM*472*20191227~CAS*CO*45*16*1~REF*6R*CPK2KAD46GCF~AMT*B6*104~CLP*000100027197*1*134*101.21*30*12*2020008CK0189~NM1*QC*1*WEBSTER*EARL****MI*119340129~NM1*74*1******C*GGA119340129~DTM*050*20200108~SVC*HC:99214*134*101.21**1**0~DTM*472*20191223~CAS*CO*45*2.79*1~CAS*PR*3*30*1~REF*6R*CPK2FYFG57BJ~AMT*B6*131.21~CLP*000100027402*1*115*93**12*2020008CK0533~NM1*QC*1*TOBIN*LISA****MI*848394092~NM1*74*1******C*PPA848394092~DTM*050*20200108~SVC*HC:90837*115*93**1**0~DTM*472*20191230~CAS*CO*45*22*1~REF*6R*CPK28PW3SEK0~AMT*B6*93~CLP*000100027350*1*134*131.21**12*2020008CK0792~NM1*QC*1*GALLEGOS*IDA****MI*AN5928046~NM1*74*1******C*CKQAN5928046~DTM*050*20200108~SVC*HC:99214*134*131.21**1**0~DTM*472*20191230~CAS*CO*45*2.79*1~REF*6R*CPK2X5SXVRRW~AMT*B6*131.21~CLP*000100026366*1*115*93**12*2020013DY2791~NM1*QC*1*LANDGREN*MICHELLE*L***MI*112427388~NM1*74*1******C*OSQ112427388~DTM*050*20200113~SVC*HC:90837*115*93**1**0~DTM*472*20191206~CAS*CO*45*22*1~REF*6R*CPL6O4FT3SCJ~AMT*B6*93~CLP*000100027556*1*65*21*30*12*2020013DY2915~NM1*QC*1*MOORE*PAUL*E***MI*824051706~NM1*74*1******C*NVL824051706~DTM*050*20200113~SVC*HC:90832*65*21**1**0~DTM*472*20200103~CAS*CO*45*14*1~CAS*PR*3*30*1~REF*6R*CPL6XH59PWDV~AMT*B6*51~CLP*000100027339*1*217*155.84**12*2020013DZ4959~NM1*QC*1*CASTILLO*ALEXZANDRIA*R***MI*632M50968~NM1*74*1**DAVID*M~DTM*050*20200113~SVC*HC:99395:25*165*149.12**1**0~DTM*472*20191230~CAS*CO*45*15.88*1~REF*6R*CPL6X9EXBH5N~AMT*B6*149.12~SVC*HC:99408*44*0**1**0~DTM*472*20191230~CAS*CO*45*44*1~REF*6R*CPL6CPTY36H0~SVC*HC:96127*8*6.72**1**0~DTM*472*20191230~CAS*CO*45*1.28*1~REF*6R*CPL6QWXH7JDO~AMT*B6*6.72~SE*92*1001~GE*1*1~IEA*1*227088628~