ISA*00*          *00*          *01*030240928      *ZZ*AV09311993     *200128*0031*^*00501*231348866*0*P*:~GS*HP*ANTHEMFCS*AV01101957*20200128*0031*1*X*005010X221A1~ST*835*1001~BPR*I*307.74*C*ACH*CCP*01*061000052*DA*3299114001*1840747736**01*102000076*DA*2838835219*20200129~TRN*1*3117384686*1840747736~REF*EV*FAC~DTM*405*20200127~N1*PR*ROCKY MOUNTAIN HOSPITAL&MEDICAL~N3*3075 VANDERCAR WAY~N4*CINCINNATI*OH*45209~REF*2U*00050~PER*CX**TE*8888173717~PER*BL*EDI SOLUTIONS*TE*8004709630*EM*E-SOLUTIONS.SUPPORT@ANTHEM.COM~PER*IC**UR*WWW.ANTHEM.COM/PROVIDER/ROUTER~N1*PE*SPANISH PEAKS NEW ALTERNA*XX*1508250911~N3*41 MONTEBELLO RD STE 116~N4*PUEBLO*CO*81001~REF*TJ*841158933~LX*1~CLP*000100027527*1*134*79.95*25*12*2020013DY3074~NM1*QC*1*SMITH*LAURA*M***MI*201913517~NM1*74*1******C*GHS201913517~DTM*050*20200113~SVC*HC:99214*134*79.95**1**0~DTM*472*20200103~CAS*CO*45*29.05*1~CAS*PR*3*25*1~REF*6R*CPL6NEV50DE3~AMT*B6*104.95~CLP*000100027665*1*115*53*40*12*2020015DJ8254~NM1*QC*1*TOBIN*LISA****MI*848394092~NM1*74*1******C*PPA848394092~DTM*050*20200115~SVC*HC:90837*115*53**1**0~DTM*472*20200106~CAS*CO*45*22*1~CAS*PR*3*40*1~REF*6R*CPLQ6U08QFCP~AMT*B6*93~CLP*000100027547*1*197*110.68**12*2020015DJ8356~NM1*QC*1*MOORE*PAUL*E***MI*824051706~NM1*74*1******C*NVL824051706~DTM*050*20200115~SVC*HC:99203:25*145*105.31**1**0~DTM*472*20200103~CAS*CO*45*39.69*1~REF*6R*CPLQAO6J6OJP~AMT*B6*105.31~SVC*HC:96127*8*5.37**1**0~DTM*472*20200103~CAS*CO*45*2.63*1~REF*6R*CPLQL73IQ1SA~AMT*B6*5.37~SVC*HC:99408*44*0**1**0~DTM*472*20200103~CAS*CO*97*44*1~REF*6R*CPLQ0IRR045A~CLP*000100027844*1*90*64.11*25*12*2020017CX2954~NM1*QC*1*DONALDSON*JEFFREY****MI*113814896~NM1*74*1******C*OSQ113814896~DTM*050*20200117~SVC*HC:99213*90*64.11**1**0~DTM*472*20200108~CAS*CO*45*.89*1~CAS*PR*3*25*1~REF*6R*CPLAD9O52KDX~AMT*B6*89.11~SE*66*1001~GE*1*1~IEA*1*231348866~