ISA*00*          *00*          *01*030240928      *ZZ*AV09311993     *200125*0931*^*00501*229753766*0*P*:~GS*HP*ANTHEMFCS*AV01101957*20200125*0931*1*X*005010X221A1~ST*835*1003~BPR*I*105.31*C*ACH*CCP*01*061000052*DA*3359994103*1840747736**01*102000076*DA*2838835219*20200124~TRN*1*3117151748*1840747736~REF*EV*FEP~DTM*405*20200124~N1*PR*BCBS FEP~N3*3075 VANDERCAR WAY~N4*CINCINNATI*OH*45209~REF*2U*ANTHEM~PER*CX**TE*8008525957~PER*BL*EDI SOLUTIONS*TE*8004709630*EM*E-SOLUTIONS.SUPPORT@ANTHEM.COM~PER*IC**UR*WWW.ANTHEM.COM/PROVIDER/ROUTER~N1*PE*HEALTH SOLUTIONS MEDICAL CENTER*XX*1508250911~N3*41 MONTEBELLO RD STE 116~N4*PUEBLO*CO*81001~REF*TJ*841158933~LX*1~CLP*000100027281*1*197*105.31*52*12*20016P051159SA*11~NM1*QC*1*MCCRORY*EOWYN****MI*R60370403~NM1*IL*1*MCCRORY*SCOTTY*E***MI*R60370403~DTM*050*20200116~SVC*HC:99203:25*145*105.31**1~DTM*472*20191227~CAS*CO*45*39.69~REF*6R*CPLQOGZXTLVT~AMT*B6*105.31~SVC*HC:96127*8*0**1~DTM*472*20191227~CAS*PR*49*8~REF*6R*CPLQ96VVIAZR~SVC*HC:99408*44*0**1~DTM*472*20191227~CAS*PR*49*44~REF*6R*CPLQ6N1OGHWE~SE*35*1003~GE*1*1~IEA*1*229753766~