ISA*00*          *00*          *01*030240928      *ZZ*AV09311993     *200205*1232*^*00501*237585940*0*P*:~GS*HP*ANTHEMFCS*AV01101957*20200205*1232*1*X*005010X221A1~ST*835*1002~BPR*I*374.95*C*ACH*CCP*01*061000052*DA*3299114001*1840747736**01*102000076*DA*2838835219*20200205~TRN*1*3117884189*1840747736~REF*EV*FAC~DTM*405*20200204~N1*PR*ROCKY MOUNTAIN HOSPITAL&MEDICAL~N3*3075 VANDERCAR WAY~N4*CINCINNATI*OH*45209~REF*2U*00050~PER*CX**TE*8778113106~PER*BL*EDI SOLUTIONS*TE*8004709630*EM*E-SOLUTIONS.SUPPORT@ANTHEM.COM~PER*IC**UR*WWW.ANTHEM.COM/PROVIDER/ROUTER~N1*PE*SPANISH PEAKS NEW ALTERNA*XX*1508250911~N3*41 MONTEBELLO RD STE 116~N4*PUEBLO*CO*81001~REF*TJ*841158933~LX*1~CLP*000100022964*4*59.4*0**12*2020021EF3043~NM1*QC*1*BUEHLER*RICHARD*N***MI*970413527~NM1*74*1******C*AQE970413527~DTM*050*20200121~SVC*HC:90834*59.4*0**1**0~DTM*472*20190930~CAS*CO*29*59.4*1~REF*6R*CPMMXAE86IY1~CLP*000100024244*4*135*0**12*2020021EF3498~NM1*QC*1*ALVAREZ*ALEXANDRA*M***MI*130057371~NM1*74*1******C*SAW130057371~DTM*050*20200121~SVC*HC:99202*135*0**1**0~DTM*472*20191025~CAS*OA*18*135*1~REF*6R*CPMM6B4S02QF~CLP*000100028199*1*90*0*71.28*12*2020023CX1194~NM1*QC*1*HUGHES*KELSEY****MI*AN8530132~NM1*74*1******C*BZMAN8530132~DTM*050*20200123~SVC*HC:99213*90*0**1**0~DTM*472*20200115~CAS*CO*45*18.72*1~CAS*PR*1*71.28*1~REF*6R*CPM6OB2HEMQS~AMT*B6*71.28~CLP*000100028169*1*145*65.31*40*12*2020023CX5891~NM1*QC*1*WANTLAND*STEVEN*M***MI*136M51048~DTM*050*20200123~SVC*HC:99203*145*65.31**1**0~DTM*472*20200114~CAS*CO*45*39.69*1~CAS*PR*3*40*1~REF*6R*CPM6DPHICOUP~AMT*B6*105.31~CLP*000100028316*1*105*54.29*40*12*2020028DV7943~NM1*QC*1*KEATOR*MARYANN*M***MI*902999293~NM1*74*1******C*LCN902999293~DTM*050*20200128~SVC*HC:99213:25*90*49.11**1**0~DTM*472*20200116~CAS*CO*45*.89*1~CAS*PR*3*40*1~REF*6R*CPM23I946I7A~AMT*B6*89.11~SVC*HC:81025*15*5.18**1**0~DTM*472*20200116~CAS*CO*45*9.82*1~REF*6R*CPM2J8AN1KSI~AMT*B6*5.18~CLP*000100028424*1*134*74.95*30*12*2020028DV8085~NM1*QC*1*MOORE*PAUL*E***MI*824051706~NM1*74*1******C*NVL824051706~DTM*050*20200128~SVC*HC:99214*134*74.95**1**0~DTM*472*20200117~CAS*CO*45*29.05*1~CAS*PR*3*30*1~REF*6R*CPM26FCL8YYS~AMT*B6*104.95~CLP*000100028380*1*217*149.12*6.72*12*2020028DW6044~NM1*QC*1*CHARITON*NICOLAS*J***MI*545A75691~NM1*74*1**NICHOLAS****C*XFW545A75691~DTM*050*20200128~SVC*HC:99395:25*165*149.12**1**0~DTM*472*20200116~CAS*CO*45*15.88*1~REF*6R*CPM2GEI1DB1T~AMT*B6*149.12~SVC*HC:96127*8*0**1**0~DTM*472*20200116~CAS*CO*45*1.28*1~CAS*PR*1*6.72*1~REF*6R*CPM2PCI3Q7ES~AMT*B6*6.72~SVC*HC:99408*44*0**1**0~DTM*472*20200116~CAS*CO*45*44*1~REF*6R*CPM2KXYVMGT5~CLP*000100028584*1*90*31.28*40*12*2020028DW6107~NM1*QC*1*WANTLAND*STEVEN*M***MI*136M51048~DTM*050*20200128~SVC*HC:99213*90*31.28**1**0~DTM*472*20200122~CAS*CO*45*18.72*1~CAS*PR*3*40*1~REF*6R*CPM2CQMJOKNU~AMT*B6*71.28~SE*106*1002~GE*1*1~IEA*1*237585940~