ISA*00*          *00*          *01*030240928      *ZZ*AV09311993     *200211*0932*^*00501*241688798*0*P*:~GS*HP*ANTHEMFCS*AV01101957*20200211*0932*1*X*005010X221A1~ST*835*1003~BPR*I*183.05*C*ACH*CCP*01*061000052*DA*3299114001*1840747736**01*102000076*DA*2838835219*20200212~TRN*1*3118399844*1840747736~REF*EV*FAC~DTM*405*20200210~N1*PR*ROCKY MOUNTAIN HOSPITAL&MEDICAL~N3*3075 VANDERCAR WAY~N4*CINCINNATI*OH*45209~REF*2U*00050~PER*CX**TE*8332443888~PER*BL*EDI SOLUTIONS*TE*8004709630*EM*E-SOLUTIONS.SUPPORT@ANTHEM.COM~PER*IC**UR*WWW.ANTHEM.COM/PROVIDER/ROUTER~N1*PE*SPANISH PEAKS NEW ALTERNATIV*XX*1508250911~N3*41 MONTEBELLO RD STE 116~N4*PUEBLO*CO*81001~REF*TJ*841158933~LX*1~CLP*000100028864*1*134*73.51*20*MC*179581814500114**1~NM1*QC*1*SANDOVAL*LUCIA****MI*CBH452M51416~NM1*74*1***C~NM1*82*1*GRONEMEYER*LEANNE****XX*1659521045~DTM*050*20200204~SVC*HC:99214*134*73.51**1~DTM*472*20200127~CAS*CO*45*38.99*1*253*1.5*1~CAS*PR*3*20*1~REF*6R*CPUYOKD9M70T~AMT*B6*95.01~LQ*HE*N381~CLP*000100028906*1*134*109.54**MC*179582002300113**1~NM1*QC*1*SANCHEZ*JOSE*A***MI*CBH322A22035~NM1*82*1*HOOSHMAND-PARSI*KAYKHOSROW****XX*1447291851~DTM*050*20200204~SVC*HC:99214*134*109.54**1~DTM*472*20200127~CAS*CO*45*22.22*1*253*2.24*1~REF*6R*CPUYOIZD15TQ~AMT*B6*111.78~LQ*HE*N381~SE*40*1003~GE*1*1~IEA*1*241688798~