ISA*00*          *00*          *01*030240928      *ZZ*AV09311993     *200211*1533*^*00501*242146167*0*P*:~GS*HP*ANTHEMFCS*AV01101957*20200211*1533*1*X*005010X221A1~ST*835*1009~BPR*I*122.11*C*ACH*CCP*01*061000052*DA*3359994103*1840747736**01*102000076*DA*2838835219*20200212~TRN*1*3118399842*1840747736~REF*EV*FEP~DTM*405*20200210~N1*PR*BCBS FEP~N3*3075 VANDERCAR WAY~N4*CINCINNATI*OH*45209~REF*2U*ANTHEM~PER*CX**TE*8008525957~PER*BL*EDI SOLUTIONS*TE*8004709630*EM*E-SOLUTIONS.SUPPORT@ANTHEM.COM~PER*IC**UR*WWW.ANTHEM.COM/PROVIDER/ROUTER~N1*PE*HEALTH SOLUTIONS MEDICAL CENTER*XX*1508250911~N3*41 MONTEBELLO RD STE 116~N4*PUEBLO*CO*81001~REF*TJ*841158933~LX*1~CLP*000100028756*1*115*63*30*12*20036P061283SA*11~NM1*QC*1*GARDUNO*EDDIE****MI*R60138227~NM1*IL*1*GARDUNO*EDWARD*P***MI*R60138227~DTM*050*20200205~SVC*HC:90837*115*63**1~DTM*472*20200124~CAS*CO*45*22~CAS*PR*3*30~REF*6R*CPUYDW1AXIUM~AMT*B6*93~CLP*000100028737*1*90*59.11*30*12*20036P061284SA*11~NM1*QC*1*LOCKMILLER*ALEXIS****MI*R58929855~NM1*IL*1*DEITZ*ERIC*S***MI*R58929855~DTM*050*20200205~SVC*HC:99213*90*59.11**1~DTM*472*20200123~CAS*CO*45*.89~CAS*PR*3*30~REF*6R*CPUYMADEHFP0~AMT*B6*89.11~SE*38*1009~GE*1*1~IEA*1*242146167~