ISA*00*          *00*          *01*030240928      *ZZ*AV09311993     *200212*0632*^*00501*242549378*0*P*:~GS*HP*ANTHEMFCS*AV01101957*20200212*0632*1*X*005010X221A1~ST*835*1001~BPR*I*200.96*C*ACH*CCP*01*061000052*DA*3299114001*1840747736**01*102000076*DA*2838835219*20200212~TRN*1*3118399843*1840747736~REF*EV*FAC~DTM*405*20200210~N1*PR*ROCKY MOUNTAIN HOSPITAL&MEDICAL~N3*3075 VANDERCAR WAY~N4*CINCINNATI*OH*45209~REF*2U*00050~PER*CX**TE*8778113106~PER*BL*EDI SOLUTIONS*TE*8004709630*EM*E-SOLUTIONS.SUPPORT@ANTHEM.COM~PER*IC**UR*WWW.ANTHEM.COM/PROVIDER/ROUTER~N1*PE*SPANISH PEAKS NEW ALTERNA*XX*1508250911~N3*41 MONTEBELLO RD STE 116~N4*PUEBLO*CO*81001~REF*TJ*841158933~LX*1~CLP*000100028574*1*90*46.28*25*12*2020028DV7902~NM1*QC*1*SMITH*LAURA*M***MI*201913517~NM1*74*1******C*GHS201913517~DTM*050*20200128~SVC*HC:99213*90*46.28**1**0~DTM*472*20200121~CAS*CO*45*18.72*1~CAS*PR*3*25*1~REF*6R*CPM25ZFQAG26~AMT*B6*71.28~CLP*000100028061*1*115*53*40*12*2020028DV8318~NM1*QC*1*TOBIN*LISA****MI*848394092~NM1*74*1******C*PPA848394092~DTM*050*20200128~SVC*HC:90837*115*53**1**0~DTM*472*20200113~CAS*CO*45*22*1~CAS*PR*3*40*1~REF*6R*CPM2Z7NTHEOU~AMT*B6*93~CLP*000100023106*4*115*0**12*2020030DX8689~NM1*QC*1*GALLERY*KRISTINE****MI*419M97662~NM1*74*1***M~DTM*050*20200130~SVC*HC:90837*115*0**1**0~DTM*472*20191002~CAS*OA*18*115*1~REF*6R*CP2XJFG8HK42~CLP*000100023053*4*134*0**12*2020030DZ5101~NM1*QC*1*SPRAGUE*ROBERT*R***MI*112652909~NM1*74*1******C*OSQ112652909~DTM*050*20200130~SVC*HC:99214*134*0**1**0~DTM*472*20191001~CAS*CO*29*134*1~REF*6R*CP2XPQS66JBS~CLP*000100022789*4*115*0**12*2020030DZ5123~NM1*QC*1*PHILLIPS*COURTNEY****MI*3HZN86547~NM1*74*1******C*IRA3HZN86547~DTM*050*20200130~SVC*HC:90837*115*0**1**0~DTM*472*20190925~CAS*CO*29*115*1~REF*6R*CP2XA4JAFXOB~CLP*000100022964*4*59.4*0**12*2020030DZ5277~NM1*QC*1*BUEHLER*RICHARD*N***MI*970413527~NM1*74*1******C*AQE970413527~DTM*050*20200130~SVC*HC:90834*59.4*0**1**0~DTM*472*20190930~CAS*OA*18*59.4*1~REF*6R*CP2XPT284N1A~CLP*000100028548*1*197*80.68*30*12*2020035DV6038~NM1*QC*1*ANGLIN*RAVEN*A***MI*827216207~NM1*74*1******C*SBP827216207~DTM*050*20200204~SVC*HC:99203:25*145*75.31**1**0~DTM*472*20200121~CAS*CO*45*39.69*1~CAS*PR*3*30*1~REF*6R*CPUYTA6S5SMY~AMT*B6*105.31~SVC*HC:96127*8*5.37**1**0~DTM*472*20200121~CAS*CO*45*2.63*1~REF*6R*CPUYR1C2LCZS~AMT*B6*5.37~SVC*HC:99408*44*0**1**0~DTM*472*20200121~CAS*CO*97*44*1~REF*6R*CPUY47P0DC9W~CLP*000100028564*1*65*21*30*12*2020035DV6049~NM1*QC*1*ANGLIN*RAVEN*A***MI*827216207~NM1*74*1******C*SBP827216207~DTM*050*20200204~SVC*HC:90832*65*21**1**0~DTM*472*20200121~CAS*CO*45*14*1~CAS*PR*3*30*1~REF*6R*CPUYLUOEPVCG~AMT*B6*51~CLP*000100028761*1*120*0*104*12*2020035DY0160~NM1*QC*1*GARCIA*MICHAEL****MI*973M97401~NM1*74*1**BRIANNA*M~DTM*050*20200204~SVC*HC:90791*120*0**1**0~DTM*472*20200124~CAS*CO*45*16*1~CAS*PR*1*104*1~REF*6R*CPUY14H93N6K~AMT*B6*104~SE*109*1001~GE*1*1~IEA*1*242549378~