ISA*00*          *00*          *01*030240928      *ZZ*AV09311993     *200728*0632*^*00501*403288488*0*P*:~GS*HP*ANTHEMFCS*AV01101957*20200728*0632*1*X*005010X221A1~ST*835*1005~BPR*I*592.03*C*ACH*CCP*01*061000052*DA*3299114001*1840747736**01*102106569*DA*2200002989138*20200729~TRN*1*3128904463*1840747736~REF*EV*FAC~DTM*405*20200727~N1*PR*ROCKY MOUNTAIN HOSPITAL&MEDICAL~N3*3075 VANDERCAR WAY~N4*CINCINNATI*OH*45209~REF*2U*00050~PER*CX**TE*8336391634~PER*BL*EDI SOLUTIONS*TE*8004709630*EM*E-SOLUTIONS.SUPPORT@ANTHEM.COM~PER*IC**UR*WWW.ANTHEM.COM/PROVIDER/ROUTER~N1*PE*SPANISH PEAKS NEW ALTERNA*XX*1508250911~N3*41 MONTEBELLO RD STE 116~N4*PUEBLO*CO*81001~REF*TJ*841158933~LX*1~CLP*000100035785*1*178.3*71.28**12*2020176CA8160~NM1*QC*1*CORDOVA*ALIESHA*C***MI*822665602~NM1*74*1******C*XOF822665602~DTM*050*20200624~SVC*HC:99213*178.3*71.28**1**0~DTM*472*20200604~CAS*CO*45*107.02*1~REF*6R*CP0YMTV70DUM~AMT*B6*71.28~CLP*000100036046*1*27.33*4.73**12*2020192CP5699~NM1*QC*1*MONTGOMERY*KACEE****MI*669M51134~NM1*74*1**JASON****C*JPY669M51134~DTM*050*20200710~SVC*HC:86580*27.33*4.73**1**0~DTM*472*20200610~CAS*CO*45*22.6*1~REF*6R*CP9U9Y5S7ENX~AMT*B6*4.73~CLP*000100036459*1*302.44*51.05*89.11*12*2020197CV6572~NM1*QC*1*APODACA*BRIAN****MI*3HZN78164~NM1*74*1******C*IRA3HZN78164~DTM*050*20200715~SVC*HC:99213:25*178.3*0**1**0~DTM*472*20200618~CAS*CO*45*89.19*1~CAS*PR*1*89.11*1~REF*6R*CP9Q6WEB9VCR~AMT*B6*89.11~SVC*HC:96127*17.08*6.72**1**0~DTM*472*20200618~CAS*CO*45*10.36*1~REF*6R*CP9Q4IDM4433~AMT*B6*6.72~SVC*HC:99408*107.06*44.33**1**0~DTM*472*20200618~CAS*CO*45*62.73*1~REF*6R*CP9QWCDSU4CF~AMT*B6*44.33~CLP*000100036938*1*178.3*89.11**12*2020197CV7057~NM1*QC*1*DURAN*JEREMY*J***MI*128155475~NM1*74*1******C*OSQ128155475~DTM*050*20200715~SVC*HC:99213*178.3*89.11**1**0~DTM*472*20200630~CAS*CO*45*89.19*1~REF*6R*CP9QPE3TIRJA~AMT*B6*89.11~CLP*000100036046*1*574.21*253.01**12*2020197CX2068~NM1*QC*1*MONTGOMERY*KACEE****MI*669M51134~NM1*74*1**JASON****C*JPY669M51134~DTM*050*20200715~SVC*HC:99204:25*450.07*201.96**1**0~DTM*472*20200610~CAS*CO*45*248.11*1~REF*6R*CP9Q68I2LDSF~AMT*B6*201.96~SVC*HC:96127*17.08*6.72**1**0~DTM*472*20200610~CAS*CO*45*10.36*1~REF*6R*CP9Q0UJE9VC3~AMT*B6*6.72~SVC*HC:99408:59*107.06*44.33**1**0~DTM*472*20200610~CAS*CO*45*62.73*1~REF*6R*CP9QGU1IFDPK~AMT*B6*44.33~CLP*000100036749*1*88.54*33.74*20*13*2020204CM7461~NM1*QC*1*BASNET*MINU****MI*103M96452~NM1*74*1******C*XFY103M96452~DTM*050*20200722~SVC*HC:99212*88.54*33.74**1**0~DTM*472*20200625~CAS*CO*45*34.8*1~CAS*PR*3*20*1~REF*6R*CPAE1RULFTZN~AMT*B6*53.74~CLP*000100036587*1*178.3*89.11**HM*2020204CM7853~NM1*QC*1*GARCIA*JOSE*A***MI*379A80078~DTM*050*20200722~SVC*HC:99213*178.3*89.11**1**0~DTM*472*20200622~CAS*CO*45*89.19*1~REF*6R*CPAEIDV03SSL~AMT*B6*89.11~SE*102*1005~GE*1*1~IEA*1*403288488~