ISA*00*          *00*          *01*030240928      *ZZ*AV09311993     *200804*0932*^*00501*409441584*0*P*:~GS*HP*ANTHEMFCS*AV01101957*20200804*0932*1*X*005010X221A1~ST*835*1007~BPR*I*953.01*C*ACH*CCP*01*061000052*DA*3299114001*1840747736**01*102106569*DA*2200002989138*20200805~TRN*1*3129381814*1840747736~REF*EV*FAC~DTM*405*20200803~N1*PR*ROCKY MOUNTAIN HOSPITAL&MEDICAL~N3*3075 VANDERCAR WAY~N4*CINCINNATI*OH*45209~REF*2U*00050~PER*CX**TE*8336391634~PER*BL*EDI SOLUTIONS*TE*8004709630*EM*E-SOLUTIONS.SUPPORT@ANTHEM.COM~PER*IC**UR*WWW.ANTHEM.COM/PROVIDER/ROUTER~N1*PE*SPANISH PEAKS NEW ALTERNA*XX*1508250911~N3*41 MONTEBELLO RD STE 116~N4*PUEBLO*CO*81001~REF*TJ*841158933~LX*1~CLP*000100036698*1*178.3*89.11**12*2020204CM7728~NM1*QC*1*DONALDSON*JEFFREY*W***MI*113814896~NM1*74*1******C*OSQ113814896~DTM*050*20200722~SVC*HC:99213*178.3*89.11**1**0~DTM*472*20200624~CAS*CO*45*89.19*1~REF*6R*CPAEGYJGXF9W~AMT*B6*89.11~CLP*000100036685*1*217.66*51**12*2020204CM7759~NM1*QC*1*DONALDSON*JEFFREY*W***MI*113814896~NM1*74*1******C*OSQ113814896~DTM*050*20200722~SVC*HC:90832*217.66*51**1**0~DTM*472*20200624~CAS*CO*45*166.66*1~REF*6R*CPAEFUINNPLJ~AMT*B6*51~CLP*000100036528*1*436.54*93**12*2020204CM7796~NM1*QC*1*SOLIS RUEDA*PRISCILLA****MI*055120111~NM1*74*1******C*TBD055120111~DTM*050*20200722~SVC*HC:90837*436.54*93**1**0~DTM*472*20200622~CAS*CO*45*343.54*1~REF*6R*CPAED6KG92RU~AMT*B6*93~CLP*000100037005*1*217.66*51**12*2020206DE6229~NM1*QC*1*MONTGOMERY*KACEE****MI*669M51134~NM1*74*1**JASON****C*JPY669M51134~DTM*050*20200724~SVC*HC:90832*217.66*51**1**0~DTM*472*20200701~CAS*CO*45*166.66*1~REF*6R*CPAYEALDJ6PE~AMT*B6*51~CLP*000100036749*4*88.54*0**13*2020206DE6317~NM1*QC*1*BASNET*MINU****MI*103M96452~NM1*74*1******C*XFY103M96452~DTM*050*20200724~SVC*HC:99212*88.54*0**1**0~DTM*472*20200625~CAS*OA*18*88.54~REF*6R*                    A27015I322~CLP*000100036979*1*178.3*71.28**12*2020206DE6784~NM1*QC*1*MONTGOMERY*KACEE****MI*669M51134~NM1*74*1**JASON****C*JPY669M51134~DTM*050*20200724~SVC*HC:99213*178.3*71.28**1**0~DTM*472*20200701~CAS*CO*45*107.02*1~REF*6R*CPAYZN18OJ4Z~AMT*B6*71.28~CLP*000100037194*1*272.99*104**12*2020207BF9561~NM1*QC*1*SOLIS RUEDA*PRISCILLA****MI*055120111~NM1*74*1******C*TBD055120111~DTM*050*20200724~SVC*HC:99214*272.99*104**1**0~DTM*472*20200707~CAS*CO*45*168.99*1~REF*6R*CPAYAX746SUH~AMT*B6*104~CLP*000100036698*4*178.3*0**12*2020207BF9572~NM1*QC*1*DONALDSON*JEFFREY*W***MI*113814896~NM1*74*1******C*OSQ113814896~DTM*050*20200724~SVC*HC:99213*178.3*0**1**0~DTM*472*20200624~CAS*OA*18*178.3*1~REF*6R*CPAYT3ALC6WF~CLP*000100037143*1*290.21*39*40*12*2020207BF9582~NM1*QC*1*ROMERO*RIANNA*M***MI*129116364~NM1*74*1******C*ZQN129116364~DTM*050*20200724~SVC*HC:90834*290.21*39**1**0~DTM*472*20200706~CAS*CO*45*211.21*1~CAS*PR*3*40*1~REF*6R*CPAY5LF00SXF~AMT*B6*79~CLP*000100037570*1*342.81*170.17**13*2020211DC9722~NM1*QC*1*BASNET*MINU****MI*103M96452~NM1*74*1******C*XFY103M96452~DTM*050*20200729~SVC*HC:99395:25*288.14*149.12**1**0~DTM*472*20200715~CAS*CO*45*139.02*1~REF*6R*CPAUWS9LO2CR~AMT*B6*149.12~SVC*HC:93000*54.67*21.05**1**0~DTM*472*20200715~CAS*CO*45*33.62*1~REF*6R*CPAUSO21727C~AMT*B6*21.05~CLP*000100038029*1*178.3*89.11**12*2020211DC9885~NM1*QC*1*BEVIS*JAMI*J***MI*818M96435~DTM*050*20200729~SVC*HC:99213*178.3*89.11**1**0~DTM*472*20200723~CAS*CO*45*89.19*1~REF*6R*CPAU7GA87NT2~AMT*B6*89.11~CLP*000100037567*1*178.3*41.28*30*12*2020211DC9951~NM1*QC*1*MONTGOMERY*KACEE****MI*669M51134~NM1*74*1**JASON****C*JPY669M51134~DTM*050*20200729~SVC*HC:99213*178.3*41.28**1**0~DTM*472*20200715~CAS*CO*45*107.02*1~CAS*PR*3*30*1~REF*6R*CPAUF8KT3RTJ~AMT*B6*71.28~CLP*000100038042*1*178.3*89.11**13*2020211DD0026~NM1*QC*1*BASNET*MINU****MI*103M96452~NM1*74*1******C*XFY103M96452~DTM*050*20200729~SVC*HC:99213*178.3*89.11**1**0~DTM*472*20200723~CAS*CO*45*89.19*1~REF*6R*CPAUZ2D6VETD~AMT*B6*89.11~CLP*000100037709*1*272.99*64.95*40*12*2020211DD0100~NM1*QC*1*LACAS*DEBRA*R***MI*047W01689~DTM*050*20200729~SVC*HC:99214*272.99*64.95**1**0~DTM*472*20200717~CAS*CO*45*168.04*1~CAS*PR*3*40*1~REF*6R*CPAUQ86ULXF2~AMT*B6*104.95~SE*148*1007~GE*1*1~IEA*1*409441584~