ISA*00*          *00*          *01*030240928      *ZZ*AV09311993     *200729*0632*^*00501*404333043*0*P*:~GS*HP*ANTHEMFCS*AV01101957*20200729*0632*1*X*005010X221A1~ST*835*1004~BPR*I*185.23*C*ACH*CCP*01*061000052*DA*3299114001*1840747736**01*102106569*DA*2200002989138*20200730~TRN*1*3129031351*1840747736~REF*EV*FAC~DTM*405*20200728~N1*PR*ROCKY MOUNTAIN HOSPITAL&MEDICAL~N3*3075 VANDERCAR WAY~N4*CINCINNATI*OH*45209~REF*2U*00050~PER*CX**TE*8338488730~PER*BL*EDI SOLUTIONS*TE*8004709630*EM*E-SOLUTIONS.SUPPORT@ANTHEM.COM~PER*IC**UR*WWW.ANTHEM.COM/PROVIDER/ROUTER~N1*PE*SPANISH PEAKS NEW ALTERNATIV*XX*1508250911~N3*41 MONTEBELLO RD STE 116~N4*PUEBLO*CO*81001~REF*TJ*841158933~LX*1~CLP*000100036875*1*178.3*44.65**MC*186442920000754**1~NM1*QC*1*SANDOVAL*LUCIA****MI*CBH452M51416~NM1*74*1***C~NM1*82*1*GRONEMEYER*LEANNE****XX*1659521045~DTM*050*20200717~SVC*HC:99213*178.3*44.65**1~DTM*472*20200629~CAS*CO*45*133.65*1~REF*6R*CP9AEHEU59CN~AMT*B6*44.65~LQ*HE*N381~CLP*000100037066*1*178.3*45.57*20*MC*186779906200465**1~NM1*QC*1*SANDOVAL*LUCIA****MI*CBH452M51416~NM1*74*1***C~NM1*82*1*GRONEMEYER*LEANNE****XX*1659521045~DTM*050*20200722~SVC*HC:99213*178.3*45.57**1~DTM*472*20200702~CAS*CO*45*112.73*1~CAS*PR*3*20*1~REF*6R*CPAE943B3X8H~AMT*B6*65.57~LQ*HE*N381~CLP*000100037159*1*272.99*95.01**MC*186779915500466**1~NM1*QC*1*TWITE*TONI*L***MI*CBH385A24770~NM1*82*1*CADDALI*ESTRELLA****XX*1164974580~DTM*050*20200722~SVC*HC:99214*272.99*95.01**1~DTM*472*20200707~CAS*CO*45*177.98*1~REF*6R*CPAEDIJOCK7Y~AMT*B6*95.01~LQ*HE*N381~SE*51*1004~GE*1*1~IEA*1*404333043~