ISA*00*          *00*          *01*030240928      *ZZ*AV09311993     *200818*1832*^*00501*423118194*0*P*:~GS*HP*ANTHEMFCS*AV01101957*20200818*1832*1*X*005010X221A1~ST*835*1008~BPR*I*654*C*ACH*CCP*01*061000052*DA*3299114001*1840747736**01*102106569*DA*2200002989138*20200819~TRN*1*3130360625*1840747736~REF*EV*FAC~DTM*405*20200818~N1*PR*ROCKY MOUNTAIN HOSPITAL&MEDICAL~N3*3075 VANDERCAR WAY~N4*CINCINNATI*OH*45209~REF*2U*00050~PER*CX**TE*8558541438~PER*BL*EDI SOLUTIONS*TE*8004709630*EM*E-SOLUTIONS.SUPPORT@ANTHEM.COM~PER*IC**UR*WWW.ANTHEM.COM/PROVIDER/ROUTER~N1*PE*SPANISH PEAKS NEW ALTERNA*XX*1508250911~N3*41 MONTEBELLO RD STE 116~N4*PUEBLO*CO*81001~REF*TJ*841158933~LX*1~CLP*000100037698*1*272.99*0*131.21*12*2020219DH9310~NM1*QC*1*CHIKWENDU*TOCHUKWU****MI*128453117~NM1*74*1******C*OSQ128453117~DTM*050*20200806~SVC*HC:99214*272.99*0**1**0~DTM*472*20200716~CAS*CO*45*141.78*1~CAS*PR*1*131.21*1~REF*6R*CPIIJKUTCM8G~AMT*B6*131.21~CLP*000100037606*1*178.3*49.11*40*12*2020219DH9747~NM1*QC*1*KEATOR*MARYANN*M***MI*902999293~NM1*74*1******C*LCN902999293~DTM*050*20200806~SVC*HC:99213*178.3*49.11**1**0~DTM*472*20200715~CAS*CO*45*89.19*1~CAS*PR*3*40*1~REF*6R*CPIIN66NE60R~AMT*B6*89.11~CLP*000100036497*1*436.54*53*40*12*2020219DH9925~NM1*QC*1*ROMERO*RIANNA*M***MI*129116364~NM1*74*1******C*ZQN129116364~DTM*050*20200806~SVC*HC:90837*436.54*53**1**0~DTM*472*20200619~CAS*CO*45*343.54*1~CAS*PR*3*40*1~REF*6R*CPIIXH7QUE5W~AMT*B6*93~CLP*000100038729*1*390.98*112.94*33.2*12*2020220DD7755~NM1*QC*1*DUGGAN*KACI****MI*556W04364~NM1*74*1**WILLIAM*E***C*VAD556W04364~DTM*050*20200807~SVC*HC:99203:25*266.84*73.72**1**0~DTM*472*20200806~CAS*CO*45*161.53*1~CAS*PR*2*31.59*1~REF*6R*CPIAA7MF286B~AMT*B6*105.31~SVC*HC:96127*17.08*3.76**1**0~DTM*472*20200806~CAS*CO*45*11.71*1~CAS*PR*2*1.61*1~REF*6R*CPIACTVIPHF1~AMT*B6*5.37~SVC*HC:99408*107.06*35.46**1**0~DTM*472*20200806~CAS*CO*45*71.6*1~REF*6R*CPIAX79KJAA2~AMT*B6*35.46~CLP*000100038295*1*436.54*68*25*12*2020220DG4460~NM1*QC*1*WALLACE*CAYMAN****MI*110061331~NM1*IL*1*WALLACE*WILLAIM****MI*110061331~NM1*74*1******C*OSQ110061331~DTM*050*20200807~SVC*HC:90837*436.54*68**1**0~DTM*472*20200729~CAS*CO*45*343.54*1~CAS*PR*3*25*1~REF*6R*CPIANLXG3DG3~AMT*B6*93~CLP*000100038558*1*436.54*53*40*12*2020220DG4464~NM1*QC*1*ROMERO*RIANNA*M***MI*129116364~NM1*74*1******C*ZQN129116364~DTM*050*20200807~SVC*HC:90837*436.54*53**1**0~DTM*472*20200804~CAS*CO*45*343.54*1~CAS*PR*3*40*1~REF*6R*CPIAKTQK3257~AMT*B6*93~CLP*000100036218*4*436.54*0**12*2020220DG4538~NM1*QC*1*BRAGG*RACHEL****MI*AN4972933~NM1*74*1******C*UQKAN4972933~DTM*050*20200807~SVC*HC:90837*436.54*0**1**0~DTM*472*20200615~CAS*OA*18*436.54*1~REF*6R*CPIARWX4XKHN~CLP*000100038683*1*397.13*89.95*20.37*12*2020220DG4872~NM1*QC*1*TRACY*RACHEL*E***MI*130312557~NM1*74*1******C*CDQ130312557~DTM*050*20200807~SVC*HC:99214:25*272.99*89.95**1**0~DTM*472*20200805~CAS*CO*45*168.04*1~CAS*PR*3*15*1~REF*6R*CPIASZT41H4D~AMT*B6*104.95~SVC*HC:96127*17.08*0**1**0~DTM*472*20200805~CAS*CO*45*11.71*1~CAS*PR*1*5.37*1~REF*6R*CPIA9AL3JJIA~AMT*B6*5.37~SVC*HC:99408*107.06*0**1**0~DTM*472*20200805~CAS*CO*97*107.06*1~REF*6R*CPIANKFBJRQ7~CLP*000100038661*1*436.54*68*25*12*2020220DG5026~NM1*QC*1*WALLACE*CAYMAN****MI*110061331~NM1*IL*1*WALLACE*WILLAIM****MI*110061331~NM1*74*1******C*OSQ110061331~DTM*050*20200807~SVC*HC:90837*436.54*68**1**0~DTM*472*20200805~CAS*CO*45*343.54*1~CAS*PR*3*25*1~REF*6R*CPIAJC56MNHP~AMT*B6*93~CLP*000100038252*1*178.3*19*50*12*2020220DG5043~NM1*QC*1*ROMERO*RIANNA*M***MI*129116364~NM1*74*1******C*ZQN129116364~DTM*050*20200807~SVC*HC:99213*178.3*19**1**0~DTM*472*20200728~CAS*CO*45*109.3*1~CAS*PR*3*50*1~REF*6R*CPIAHABKIMLP~AMT*B6*69~CLP*000100036497*4*436.54*0**12*2020220DG5061~NM1*QC*1*ROMERO*RIANNA*M***MI*129116364~NM1*74*1******C*ZQN129116364~DTM*050*20200807~SVC*HC:90837*436.54*0**1**0~DTM*472*20200619~CAS*CO*119*436.54*1~REF*6R*CPIA5ML5Q5QI~CLP*000100038622*1*493.11*141**12*2020220DG5083~NM1*QC*1*NORRIS*TYLER****MI*825178438~NM1*74*1******C*AER825178438~DTM*050*20200807~SVC*HC:90792*493.11*141**1**0~DTM*472*20200804~CAS*CO*45*352.11*1~REF*6R*CPIADOHI4PA6~AMT*B6*141~SE*156*1008~GE*1*1~IEA*1*423118194~