ISA*00*          *00*          *01*030240928      *ZZ*AV09311993     *200910*1232*^*00501*442711274*0*P*:~GS*HP*ANTHEMFCS*AV01101957*20200910*1232*1*X*005010X221A1~ST*835*1005~BPR*I*566.89*C*ACH*CCP*01*061000052*DA*3299114001*1840747736**01*102106569*DA*2200002989138*20200910~TRN*1*3131838605*1840747736~REF*EV*FAC~DTM*405*20200909~N1*PR*ROCKY MOUNTAIN HOSPITAL&MEDICAL~N3*3075 VANDERCAR WAY~N4*CINCINNATI*OH*45209~REF*2U*00050~PER*CX**TE*8005429402~PER*BL*EDI SOLUTIONS*TE*8004709630*EM*E-SOLUTIONS.SUPPORT@ANTHEM.COM~PER*IC**UR*WWW.ANTHEM.COM/PROVIDER/ROUTER~N1*PE*SPANISH PEAKS NEW ALTERNA*XX*1508250911~N3*41 MONTEBELLO RD STE 116~N4*PUEBLO*CO*81001~REF*TJ*841158933~LX*1~CLP*000100039103*1*175.85*90.9**12*2020240CR7121~NM1*QC*1*VELA*JENNEFER*E***MI*WMW14163839W~DTM*050*20200827~SVC*HC:99202*175.85*90.9**1**0~DTM*472*20200813~CAS*CO*45*84.95*1~REF*6R*CPKAPFY97CCZ~AMT*B6*90.9~CLP*000100039077*1*574.21*190.4*62.61*12*2020240CS2094~NM1*QC*1*DUGGAN*WILLIAM*C***MI*VAD556W04364~NM1*74*1***E~DTM*050*20200827~SVC*HC:99204:25*450.07*141.37**1**0~DTM*472*20200813~CAS*CO*45*248.11*1~CAS*PR*2*60.59*1~REF*6R*CPKAWIEG5C5R~AMT*B6*201.96~SVC*HC:96127:59*17.08*4.7**1**0~DTM*472*20200813~CAS*CO*45*10.36*1~CAS*PR*2*2.02*1~REF*6R*CPKAGKMDNM9E~AMT*B6*6.72~SVC*HC:99408:59*107.06*44.33**1**0~DTM*472*20200813~CAS*CO*45*62.73*1~REF*6R*CPKANR68SG8Z~AMT*B6*44.33~CLP*000100039156*1*178.3*71.28**12*2020240CX0046~NM1*QC*1*LOPEZ*MARISA****MI*OSQ117984058001~NM1*74*1******C*OSQ117984058~DTM*050*20200827~SVC*HC:99213*178.3*71.28**1**0~DTM*472*20200814~CAS*CO*45*107.02*1~REF*6R*CPKAVFOUC4T1~AMT*B6*71.28~CLP*000100039283*1*217.66*35.7*15.3*12*2020240DA8765~NM1*QC*1*DUGGAN*WILLIAM*C***MI*VAD556W04364~NM1*74*1***E~DTM*050*20200827~SVC*HC:90832*217.66*35.7**1**0~DTM*472*20200818~CAS*CO*45*166.66*1~CAS*PR*2*15.3*1~REF*6R*CPKAY6OSFVCF~AMT*B6*51~CLP*000100039499*1*178.3*56.28*15*12*2020241DM3664~NM1*QC*1*TRACY*RACHEL*E***MI*CDQ130312557001~NM1*74*1******C*CDQ130312557~DTM*050*20200828~SVC*HC:99213*178.3*56.28**1**0~DTM*472*20200820~CAS*CO*45*107.02*1~CAS*PR*3*15*1~REF*6R*CPK2NG1B23ZS~AMT*B6*71.28~CLP*000100039465*1*178.3*71.28**12*2020241DM3807~NM1*QC*1*LOPEZ*MARISA****MI*OSQ117984058001~NM1*74*1******C*OSQ117984058~DTM*050*20200828~SVC*HC:99213*178.3*71.28**1**0~DTM*472*20200820~CAS*CO*45*107.02*1~REF*6R*CPK2J6TY3PR2~AMT*B6*71.28~CLP*000100037570*1*124.14*51.05**13*2020241DM8680~NM1*QC*1*BASNET*MINU****MI*XFY103M96452~DTM*050*20200828~SVC*HC:96127:59*17.08*6.72**1**0~DTM*472*20200715~CAS*CO*45*10.36*1~REF*6R*CPK2U4OMM40F~AMT*B6*6.72~SVC*HC:99408:59*107.06*44.33**1**0~DTM*472*20200715~CAS*CO*45*62.73*1~REF*6R*CPK21HKKPOSF~AMT*B6*44.33~SE*98*1005~GE*1*1~IEA*1*442711274~