ISA*00*          *00*          *01*030240928      *ZZ*AV09311993     *201117*1331*^*00501*037771622*0*P*:~GS*HP*ANTHEMFCS*AV01101957*20201117*1331*1*X*005010X221A1~ST*835*1002~BPR*I*502.92*C*ACH*CCP*01*061000052*DA*3299114001*1840747736**01*102106569*DA*2200002989138*20201118~TRN*1*3136857478*1840747736~REF*EV*FAC~DTM*405*20201117~N1*PR*ROCKY MOUNTAIN HOSPITAL&MEDICAL~N3*3075 VANDERCAR WAY~N4*CINCINNATI*OH*45209~REF*2U*00050~PER*CX**TE*8778113106~PER*BL*EDI SOLUTIONS*TE*8004709630*EM*E-SOLUTIONS.SUPPORT@ANTHEM.COM~PER*IC**UR*WWW.ANTHEM.COM/PROVIDER/ROUTER~N1*PE*SPANISH PEAKS NEW ALTERNA*XX*1508250911~N3*41 MONTEBELLO RD STE 116~N4*PUEBLO*CO*81001~REF*TJ*841158933~LX*1~CLP*000100041963*1*178.3*83.83*10*12*2020310CY1200~NM1*QC*1*THORESON*ADAM*H***MI*TEA806525536~DTM*050*20201105~SVC*HC:99213*178.3*83.83**1~DTM*472*20201008~CAS*CO*45*84.47*1~CAS*PR*3*10*1~REF*6R*CPCQO98J206I~AMT*B6*93.83~CLP*000100041928*1*178.3*53.83*40*12*2020310CY1585~NM1*QC*1*KEATOR*MARYANN*M***MI*LCN902999293~DTM*050*20201105~SVC*HC:99213*178.3*53.83**1~DTM*472*20201007~CAS*CO*45*84.47*1~CAS*PR*3*40*1~REF*6R*CPCQTX451C0R~AMT*B6*93.83~CLP*000100042477*1*290.21*39*40*12*2020310CY1861~NM1*QC*1*ROMERO*RIANNA*M***MI*ZQN129116364001~NM1*74*1******C*ZQN129116364~DTM*050*20201105~SVC*HC:90834*290.21*39**1~DTM*472*20201016~CAS*CO*45*211.21*1~CAS*PR*3*40*1~REF*6R*CPCQ3KED8011~AMT*B6*79~CLP*000100042596*1*178.3*68.83*25*12*2020310CY2012~NM1*QC*1*DURAN*JEREMY*J***MI*OSQ128155475001~NM1*74*1******C*OSQ128155475~DTM*050*20201105~SVC*HC:99213*178.3*68.83**1~DTM*472*20201020~CAS*CO*45*84.47*1~CAS*PR*3*25*1~REF*6R*CPCQO0RGBP1I~AMT*B6*93.83~CLP*000100042677*1*493.11*116*25*12*2020310CY2487~NM1*QC*1*DEVENCENTY JAHN*BRIGID*N***MI*OSQ108677397001~NM1*74*1******C*OSQ108677397~DTM*050*20201105~SVC*HC:90792*493.11*116**1~DTM*472*20201020~CAS*CO*45*352.11*1~CAS*PR*3*25*1~REF*6R*CPCQZILMXA07~AMT*B6*141~CLP*000100042854*1*178.3*0*93.83*12*2020317CY1718~NM1*QC*1*ZENTENO*LUIS*F***MI*XFW719W05458~DTM*050*20201112~SVC*HC:99213*178.3*0**1~DTM*472*20201022~CAS*CO*45*84.47*1~CAS*PR*1*93.83*1~REF*6R*CPDETI7H0KAW~AMT*B6*93.83~CLP*000100042713*1*272.99*68.63*40*12*2020317CY1781~NM1*QC*1*LACAS*DEBRA*R***MI*XFM047W01689~DTM*050*20201112~SVC*HC:99214*272.99*68.63**1~DTM*472*20201021~CAS*CO*45*164.36*1~CAS*PR*3*40*1~REF*6R*CPDEM2P4OZSK~AMT*B6*108.63~CLP*000100042909*1*437.77*0*104*12*2020317CY1943~NM1*QC*1*MADRID*JESSICA****MI*GVC030A75201~NM1*74*1**JOHN*J~DTM*050*20201112~SVC*HC:90791*437.77*0**1~DTM*472*20201023~CAS*CO*45*333.77*1~CAS*PR*1*104*1~REF*6R*CPDEUC0C39WG~AMT*B6*104~CLP*000100042692*1*272.99*72.8*31.2*12*2020317CY2490~NM1*QC*1*DUGGAN*WILLIAM*C***MI*VAD556W04364~NM1*74*1***E~DTM*050*20201112~SVC*HC:99214*272.99*72.8**1~DTM*472*20201020~CAS*CO*45*168.99*1~CAS*PR*2*31.2*1~REF*6R*CPDEHM4Z0MJX~AMT*B6*104~SE*104*1002~GE*1*1~IEA*1*037771622~