ISA*00*          *00*          *01*030240928      *ZZ*AV09311993     *201124*1232*^*00501*041570417*0*P*:~GS*HP*ANTHEMFCS*AV01101957*20201124*1232*1*X*005010X221A1~ST*835*1001~BPR*I*401*C*ACH*CCP*01*061000052*DA*3299114001*1840747736**01*102106569*DA*2200002989138*20201125~TRN*1*3137383246*1840747736~REF*EV*FAC~DTM*405*20201124~N1*PR*ROCKY MOUNTAIN HOSPITAL&MEDICAL~N3*3075 VANDERCAR WAY~N4*CINCINNATI*OH*45209~REF*2U*00050~PER*CX**TE*8778113106~PER*BL*EDI SOLUTIONS*TE*8004709630*EM*E-SOLUTIONS.SUPPORT@ANTHEM.COM~PER*IC**UR*WWW.ANTHEM.COM/PROVIDER/ROUTER~N1*PE*SPANISH PEAKS NEW ALTERNA*XX*1508250911~N3*41 MONTEBELLO RD STE 116~N4*PUEBLO*CO*81001~REF*TJ*841158933~LX*1~CLP*000100042830*1*178.3*83.83*10*12*2020317CY0894~NM1*QC*1*THORESON*ADAM*H***MI*TEA806525536~DTM*050*20201112~SVC*HC:99213*178.3*83.83**1~DTM*472*20201022~CAS*CO*45*84.47*1~CAS*PR*3*10*1~REF*6R*CPDEGW3VNPZD~AMT*B6*93.83~CLP*000100042897*1*436.54*68*25*12*2020317CY0959~NM1*QC*1*ECCHER SALAZAR*SERGIO*C***MI*RUB851634933~NM1*IL*1*SALAZAR*FREDRIC****MI*RUB851634933~DTM*050*20201112~SVC*HC:90837*436.54*68**1~DTM*472*20201023~CAS*CO*45*343.54*1~CAS*PR*3*25*1~REF*6R*CPDEF43TR0UJ~AMT*B6*93~CLP*000100042024*1*172.07*78.85*25*12*2020317CY1301~NM1*QC*1*DOSTAL*JAMES*J***MI*OSQ113124410001~NM1*74*1******C*OSQ113124410~DTM*050*20201112~SVC*HC:99212:25*88.54*32.29**1~DTM*472*20201008~CAS*CO*45*31.25*1~CAS*PR*3*25*1~REF*6R*CPDED06TNAOZ~AMT*B6*57.29~SVC*HC:90471*53.53*18.5**1~DTM*472*20201008~CAS*CO*45*35.03*1~REF*6R*CPDEERJTGPQ5~AMT*B6*18.5~SVC*HC:90756*30*28.06**1~DTM*472*20201008~CAS*CO*45*1.94*1~REF*6R*CPDEMUNCI33B~AMT*B6*28.06~CLP*000100042676*1*178.3*0*93.83*12*2020317CY1328~NM1*QC*1*HUGHES*KELSEY****MI*BZMAN8530132~DTM*050*20201112~SVC*HC:99213*178.3*0**1~DTM*472*20201020~CAS*CO*45*84.47*1~CAS*PR*1*93.83*1~REF*6R*CPDEJZXWTPFD~AMT*B6*93.83~CLP*000100042875*1*178.3*58.83*35*12*2020317CY1558~NM1*QC*1*URIOSTE*JORDAN*J***MI*OSQ127998074001~NM1*74*1******C*OSQ127998074~DTM*050*20201112~SVC*HC:99213*178.3*58.83**1~DTM*472*20201022~CAS*CO*45*84.47*1~CAS*PR*3*35*1~REF*6R*CPDE2ATBGHF7~AMT*B6*93.83~CLP*000100041924*1*88.53*42.86**12*2020324CV5739~NM1*QC*1*WANTLAND*STEVEN*M***MI*XFM136M51048~DTM*050*20201119~SVC*HC:90471*53.53*14.8**1~DTM*472*20201007~CAS*CO*45*38.73*1~REF*6R*CPDIVNEF4SXF~AMT*B6*14.8~SVC*HC:90756*35*28.06**1~DTM*472*20201007~CAS*CO*45*6.94*1~REF*6R*CPDIJOEY0S4T~AMT*B6*28.06~CLP*000100041924*1*272.99*68.63*40*12*2020324CV5758~NM1*QC*1*WANTLAND*STEVEN*M***MI*XFM136M51048~DTM*050*20201119~SVC*HC:99214:25*272.99*68.63**1~DTM*472*20201007~CAS*CO*45*164.36*1~CAS*PR*3*40*1~REF*6R*CPDIFIOJMDLK~AMT*B6*108.63~CLP*000100042692*4*272.99*0**12*2020324CV5985~NM1*QC*1*DUGGAN*WILLIAM*C***MI*VAD556W04364~NM1*74*1***E~DTM*050*20201119~SVC*HC:99214*272.99*0**1~DTM*472*20201020~CAS*OA*18*272.99*1~REF*6R*CPDUSUXIYLDD~CLP*000100043138*1*436.54*0*93*12*2020324CV6230~NM1*QC*1*MADRID*JESSICA****MI*GVC030A75201~NM1*74*1**JOHN*J~DTM*050*20201119~SVC*HC:90837*436.54*0**1~DTM*472*20201028~CAS*CO*45*343.54*1~CAS*PR*1*93*1~REF*6R*CPDUCL383035~AMT*B6*93~SE*116*1001~GE*1*1~IEA*1*041570417~