ISA*00*          *00*          *01*030240928      *ZZ*AV09311993     *200218*1831*^*00501*248591381*0*P*:~GS*HP*ANTHEMFCS*AV01101957*20200218*1831*1*X*005010X221A1~ST*835*1001~BPR*I*220.49*C*CHK************20200217~TRN*1*6603968629*1840747736~REF*EV*FAC~DTM*405*20200217~N1*PR*ROCKY MOUNTAIN HOSPITAL&MEDICAL~N3*3075 VANDERCAR WAY~N4*CINCINNATI*OH*45209~REF*2U*00050~PER*CX**TE*8665140698~PER*BL*EDI SOLUTIONS*TE*8004709630*EM*E-SOLUTIONS.SUPPORT@ANTHEM.COM~PER*IC**UR*WWW.ANTHEM.COM/PROVIDER/ROUTER~N1*PE*SPANISH PEAKS NEW ALTERNA*XX*1508250911~N3*41 MONTEBELLO RD STE 116~N4*PUEBLO*CO*81001~REF*TJ*841158933~LX*1~CLP*000100027807*1*115*43*50*12*2020017CX3494~NM1*QC*1*SOLIS RUEDA*PRISCILLA****MI*055120111~NM1*74*1******C*TBD055120111~DTM*050*20200117~SVC*HC:90837*115*43**1**0~DTM*472*20200108~CAS*CO*45*22*1~CAS*PR*3*50*1~REF*6R*CPLAK65L0T14~AMT*B6*93~CLP*000100028486*1*134*0*131.21*12*2020035DV5833~NM1*QC*1*ORTIZ*LORI*A***MI*971298217~NM1*74*1******C*AQE971298217~DTM*050*20200204~SVC*HC:99214*134*0**1**0~DTM*472*20200120~CAS*CO*45*2.79*1~CAS*PR*1*131.21*1~REF*6R*CPUY0GMG14KE~AMT*B6*131.21~CLP*000100028696*1*90*0*71.28*12*2020035DV6040~NM1*QC*1*ALVAREZ*JEREMY****MI*130057371~NM1*74*1******C*SAW130057371~DTM*050*20200204~SVC*HC:99213*90*0**1**0~DTM*472*20200123~CAS*CO*45*18.72*1~CAS*PR*1*71.28*1~REF*6R*CPUYTJZWDCBO~AMT*B6*71.28~CLP*000100028648*1*134*106.21*25*12*2020035DV6139~NM1*QC*1*DURAN*JEREMY*J***MI*128155475~NM1*74*1******C*OSQ128155475~DTM*050*20200204~SVC*HC:99214*134*106.21**1**0~DTM*472*20200122~CAS*CO*45*2.79*1~CAS*PR*3*25*1~REF*6R*CPUYSN3CLSIR~AMT*B6*131.21~CLP*000100029121*1*115*0*93*12*2020043DA8101~NM1*QC*1*GARCIA*MICHAEL****MI*973M97401~NM1*74*1**BRIANNA*M~DTM*050*20200212~SVC*HC:90837*115*0**1**0~DTM*472*20200130~CAS*CO*45*22*1~CAS*PR*1*93*1~REF*6R*CPVEWWSSR07B~AMT*B6*93~CLP*000100029137*1*90*71.28**12*2020043DA8123~NM1*QC*1*PADILLA*MATHEW****MI*627A70820~NM1*74*1**EMILY*K~DTM*050*20200212~SVC*HC:99213*90*71.28**1**0~DTM*472*20200130~CAS*CO*45*18.72*1~REF*6R*CPVEPEYTUM4J~AMT*B6*71.28~SE*77*1001~GE*1*1~IEA*1*248591381~