ISA*00*          *00*          *01*030240928      *ZZ*AV09311993     *200323*2131*^*00501*293530791*0*P*:~GS*HP*ANTHEMFCS*AV01101957*20200323*2131*1*X*005010X221A1~ST*835*1001~BPR*I*355.6*C*CHK************20200323~TRN*1*6604238571*1840747736~REF*EV*FAC~DTM*405*20200323~N1*PR*ROCKY MOUNTAIN HOSPITAL&MEDICAL~N3*3075 VANDERCAR WAY~N4*CINCINNATI*OH*45209~REF*2U*00050~PER*CX**TE*8558541438~PER*BL*EDI SOLUTIONS*TE*8004709630*EM*E-SOLUTIONS.SUPPORT@ANTHEM.COM~PER*IC**UR*WWW.ANTHEM.COM/PROVIDER/ROUTER~N1*PE*SPANISH PEAKS NEW ALTERNA*XX*1508250911~N3*41 MONTEBELLO RD STE 116~N4*PUEBLO*CO*81001~REF*TJ*841158933~LX*1~CLP*000100030810*1*134*106.21*25*12*2020069DU5136~NM1*QC*1*RAEL*MARK*A***MI*150150404~NM1*74*1******C*UMQ150150404~DTM*050*20200309~SVC*HC:99214*134*106.21**1**0~DTM*472*20200302~CAS*CO*45*2.79*1~CAS*PR*3*25*1~REF*6R*CP4UCOF918LR~AMT*B6*131.21~CLP*000100030625*1*134*101.21*30*12*2020073CS1790~NM1*QC*1*WEBSTER*MAKENZIE*R***MI*119340129~NM1*74*1******C*GGA119340129~DTM*050*20200313~SVC*HC:99214*134*101.21**1**0~DTM*472*20200226~CAS*CO*45*2.79*1~CAS*PR*3*30*1~REF*6R*CP56L2Y8M9QC~AMT*B6*131.21~CLP*000100030668*1*120*79*25*12*2020073CS1925~NM1*QC*1*WALLACE*CAYMAN****MI*110061331~NM1*IL*1*WALLACE*WILLAIM****MI*110061331~NM1*74*1******C*OSQ110061331~DTM*050*20200313~SVC*HC:90791*120*79**1**0~DTM*472*20200227~CAS*CO*45*16*1~CAS*PR*3*25*1~REF*6R*CP560JVWY6MP~AMT*B6*104~CLP*000100030452*1*120*64*40*12*2020073CS2162~NM1*QC*1*ROMERO*RIANNA*M***MI*129116364~NM1*74*1******C*ZQN129116364~DTM*050*20200313~SVC*HC:90791*120*64**1**0~DTM*472*20200225~CAS*CO*45*16*1~CAS*PR*3*40*1~REF*6R*CP56JVKW21VT~AMT*B6*104~CLP*000100030586*1*149*5.18**12*2020076DR7193~NM1*QC*1*KEATOR*MARYANN*M***MI*902999293~NM1*74*1******C*LCN902999293~DTM*050*20200316~SVC*HC:99214:25*134*0**1**0~DTM*472*20200226~CAS*CO*45*134*1~REF*6R*CP5IE9CO8Z28~SVC*HC:81025*15*5.18**1**0~DTM*472*20200226~CAS*CO*45*9.82*1~REF*6R*CP5I66U7E0T5~AMT*B6*5.18~CLP*000100029872*4*134*0**12*2020076DT2937~NM1*QC*1*CHAVEZ*MELISSA****MI*013A71421~NM1*74*1******C*VAD013A71421~DTM*050*20200316~SVC*HC:99214*134*0**1**0~DTM*472*20200213~CAS*CO*96*134*1~REF*6R*CP5IGH7RWS04~LQ*HE*N448~SE*81*1001~GE*1*1~IEA*1*293530791~