ISA*00*          *00*          *01*030240928      *ZZ*AV09311993     *200225*0632*^*00501*253203648*0*P*:~GS*HP*ANTHEMFCS*AV01101957*20200225*0632*1*X*005010X221A1~ST*835*1002~BPR*I*482.69*C*CHK************20200224~TRN*1*6604023203*1840747736~REF*EV*FAC~DTM*405*20200224~N1*PR*ROCKY MOUNTAIN HOSPITAL&MEDICAL~N3*3075 VANDERCAR WAY~N4*CINCINNATI*OH*45209~REF*2U*00050~PER*CX**TE*8778113106~PER*BL*EDI SOLUTIONS*TE*8004709630*EM*E-SOLUTIONS.SUPPORT@ANTHEM.COM~PER*IC**UR*WWW.ANTHEM.COM/PROVIDER/ROUTER~N1*PE*SPANISH PEAKS NEW ALTERNA*XX*1508250911~N3*41 MONTEBELLO RD STE 116~N4*PUEBLO*CO*81001~REF*TJ*841158933~LX*1~CLP*000100029334*1*90*41.28*30*12*2020043DA0720~NM1*QC*1*ANGLIN*RAVEN*A***MI*827216207~NM1*74*1******C*SBP827216207~DTM*050*20200212~SVC*HC:99213*90*41.28**1**0~DTM*472*20200204~CAS*CO*45*18.72*1~CAS*PR*3*30*1~REF*6R*CPVE9NJMJDO4~AMT*B6*71.28~CLP*000100028903*1*134*96.21*35*12*2020043DA0889~NM1*QC*1*GRIEGO*SUSAN*P***MI*113018916~NM1*74*1******C*OSQ113018916~DTM*050*20200212~SVC*HC:99214*134*96.21**1**0~DTM*472*20200127~CAS*CO*45*2.79*1~CAS*PR*3*35*1~REF*6R*CPVEMNH8ZSI6~AMT*B6*131.21~CLP*000100029014*1*149*70.13*40*12*2020043DA0975~NM1*QC*1*KEATOR*MARYANN*M***MI*902999293~NM1*74*1******C*LCN902999293~DTM*050*20200212~SVC*HC:99214:25*134*64.95**1**0~DTM*472*20200129~CAS*CO*45*29.05*1~CAS*PR*3*40*1~REF*6R*CPVETWCQWJ1R~AMT*B6*104.95~SVC*HC:81025*15*5.18**1**0~DTM*472*20200129~CAS*CO*45*9.82*1~REF*6R*CPVEW9B1QZY6~AMT*B6*5.18~CLP*000100029196*1*127*0*107.82*12*2020043DA1121~NM1*QC*1*ALVAREZ*JEREMY****MI*130057371~NM1*74*1******C*SAW130057371~DTM*050*20200212~SVC*HC:99213:25*90*0**1**0~DTM*472*20200131~CAS*CO*45*18.72*1~CAS*PR*1*71.28*1~REF*6R*CPVERKI0GNH6~AMT*B6*71.28~SVC*HC:94010*37*0**1**0~DTM*472*20200131~CAS*CO*45*.46*1~CAS*PR*1*36.54*1~REF*6R*CPVEM2NKVCQ0~AMT*B6*36.54~CLP*000100028951*4*44*0**HM*2020045771214~NM1*QC*1*VIGIL*MARIAH*K***MI*574A73986~NM1*IL*1*VIGIL*MELINDA*K***MI*574A73986~DTM*050*20200214~SVC*HC:99408*44*0**1**0~DTM*472*20200128~CAS*CO*97*44*1~REF*6R*CPVYAWQLJMJ8~CLP*000100028951*1*273*178.86*35*HM*2020045DG0503~NM1*QC*1*VIGIL*MARIAH*K***MI*574A73986~NM1*74*1**MELINDA~DTM*050*20200214~SVC*HC:99204:25*205*166.96**1**0~DTM*472*20200128~CAS*CO*45*3.04*1~CAS*PR*3*35*1~REF*6R*CPVYC0F2X1VF~AMT*B6*201.96~SVC*HC:99415*45*0**1**0~DTM*472*20200128~CAS*CO*97*45*1~REF*6R*CPVYU83F6UIX~LQ*HE*N19~SVC*HC:96127*8*6.72**1**0~DTM*472*20200128~CAS*CO*45*1.28*1~REF*6R*CPVY120YJKIR~AMT*B6*6.72~SVC*HC:81025*15*5.18**1**0~DTM*472*20200128~CAS*CO*45*9.82*1~REF*6R*CPVYY2BME152~AMT*B6*5.18~CLP*000100029088*1*134*96.21*35*HM*2020045DG1245~NM1*QC*1*VIGIL*MARIAH*K***MI*574A73986~NM1*74*1**MELINDA~DTM*050*20200214~SVC*HC:99214*134*96.21**1**0~DTM*472*20200129~CAS*CO*45*2.79*1~CAS*PR*3*35*1~REF*6R*CPVYVOOK5QHD~AMT*B6*131.21~SE*112*1002~GE*1*1~IEA*1*253203648~