ISA*00*          *00*          *01*030240928      *ZZ*AV09311993     *200427*1832*^*00501*321952597*0*P*:~GS*HP*ANTHEMFCS*AV01101957*20200427*1832*1*X*005010X221A1~ST*835*1002~BPR*I*852.65*C*CHK************20200427~TRN*1*6604457032*1840747736~REF*EV*FAC~DTM*405*20200427~N1*PR*ROCKY MOUNTAIN HOSPITAL&MEDICAL~N3*3075 VANDERCAR WAY~N4*CINCINNATI*OH*45209~REF*2U*00050~PER*CX**TE*8007495473~PER*BL*EDI SOLUTIONS*TE*8004709630*EM*E-SOLUTIONS.SUPPORT@ANTHEM.COM~PER*IC**UR*WWW.ANTHEM.COM/PROVIDER/ROUTER~N1*PE*SPANISH PEAKS NEW ALTERNA*XX*1508250911~N3*41 MONTEBELLO RD STE 116~N4*PUEBLO*CO*81001~REF*TJ*841158933~LX*1~CLP*000100032742*1*78.66*65.69**12*2020101CG7503~NM1*QC*1*BONTJE*CHRISTOPHER*R***MI*489M98415~DTM*050*20200410~SVC*HC:86580*8.66*4.73**1**0~DTM*472*20200406~CAS*CO*45*3.93*1~REF*6R*CPFUGLFY6EYH~AMT*B6*4.73~SVC*HC:90471*35*31.35**1**0~DTM*472*20200406~CAS*CO*45*3.65*1~REF*6R*CPFUG5NOCX0X~AMT*B6*31.35~SVC*HC:90674*35*29.61**1**0~DTM*472*20200406~CAS*CO*45*5.39*1~REF*6R*CPFUU849762K~AMT*B6*29.61~CLP*000100032244*4*217.66*0**12*2020105CV2281~NM1*QC*1*ROMERO*RIANNA*M***MI*129116364~NM1*74*1******C*ZQN129116364~DTM*050*20200414~SVC*HC:90832*217.66*0**1**0~DTM*472*20200326~CAS*OA*18*217.66*1~REF*6R*CPFYD9Y04Z0X~CLP*000100032907*4*290.21*0**12*2020105CV2297~NM1*QC*1*ROMERO*RIANNA*M***MI*129116364~NM1*74*1******C*ZQN129116364~DTM*050*20200414~SVC*HC:90834*290.21*0**1**0~DTM*472*20200407~CAS*CO*119*290.21*1~REF*6R*CPFYUKY7NH9C~CLP*000100032540*1*178.3*89.11**12*2020105CV2303~NM1*QC*1*DONALDSON*JEFFREY*W***MI*113814896~NM1*74*1******C*OSQ113814896~DTM*050*20200414~SVC*HC:99213*178.3*89.11**1**0~DTM*472*20200401~CAS*CO*45*89.19*1~REF*6R*CPFYA1RJOQSC~AMT*B6*89.11~CLP*000100032565*4*437.77*0**12*2020105CV2314~NM1*QC*1*DONALDSON*JEFFREY*W***MI*113814896~NM1*74*1******C*OSQ113814896~DTM*050*20200414~SVC*HC:90791*437.77*0**1**0~DTM*472*20200401~CAS*OA*18*437.77*1~REF*6R*CPF61PRJDLPZ~CLP*000100032540*4*178.3*0**12*2020105CV2381~NM1*QC*1*DONALDSON*JEFFREY*W***MI*113814896~NM1*74*1******C*OSQ113814896~DTM*050*20200414~SVC*HC:99213*178.3*0**1**0~DTM*472*20200401~CAS*OA*18*178.3*1~REF*6R*CPF6S6P20879~CLP*000100028795*1*436.54*63*30*12*2020105CV2410~NM1*QC*1*ANDERSON*ALISON*J***MI*834576359~NM1*74*1******C*NMJ834576359~DTM*050*20200414~SVC*HC:90837*436.54*63**1**0~DTM*472*20200124~CAS*CO*45*343.54*1~CAS*PR*3*30*1~REF*6R*CPFY59KJMWCB~AMT*B6*93~CLP*000100032244*4*217.66*0**12*2020105CV2414~NM1*QC*1*ROMERO*RIANNA*M***MI*129116364~NM1*74*1******C*ZQN129116364~DTM*050*20200414~SVC*HC:90832*217.66*0**1**0~DTM*472*20200326~CAS*CO*119*217.66*1~REF*6R*CPF639AC1S0B~CLP*000100032565*1*437.77*104**12*2020105CV2499~NM1*QC*1*DONALDSON*JEFFREY*W***MI*113814896~NM1*74*1******C*OSQ113814896~DTM*050*20200414~SVC*HC:90791*437.77*104**1**0~DTM*472*20200401~CAS*CO*45*333.77*1~REF*6R*CPFYMT5ITYM5~AMT*B6*104~CLP*000100031629*4*115*0**12*2020105CV2556~NM1*QC*1*ROMERO*RIANNA*M***MI*129116364~NM1*74*1******C*ZQN129116364~DTM*050*20200414~SVC*HC:90837*115*0**1**0~DTM*472*20200317~CAS*CO*119*115*1~REF*6R*CPF6EC4RJ63T~CLP*000100031629*4*115*0**12*2020105CV2577~NM1*QC*1*ROMERO*RIANNA*M***MI*129116364~NM1*74*1******C*ZQN129116364~DTM*050*20200414~SVC*HC:90837*115*0**1**0~DTM*472*20200317~CAS*OA*18*115*1~REF*6R*CPFYNLCVO5TQ~CLP*000100032907*4*290.21*0**12*2020105CV2594~NM1*QC*1*ROMERO*RIANNA*M***MI*129116364~NM1*74*1******C*ZQN129116364~DTM*050*20200414~SVC*HC:90834*290.21*0**1**0~DTM*472*20200407~CAS*OA*18*290.21*1~REF*6R*CPF6LTT9U0UY~CLP*000100028795*4*436.54*0**12*2020105CV2649~NM1*QC*1*ANDERSON*ALISON*J***MI*834576359~NM1*74*1******C*NMJ834576359~DTM*050*20200414~SVC*HC:90837*436.54*0**1**0~DTM*472*20200124~CAS*OA*18*436.54*1~REF*6R*CPF661UGT930~CLP*000100032742*4*178.3*0**12*2020105CV3033~NM1*QC*1*BONTJE*CHRISTOPHER*R***MI*489M98415~DTM*050*20200414~SVC*HC:99213:25*178.3*0**1**0~DTM*472*20200406~CAS*OA*18*178.3*1~REF*6R*CPFYU7ANN86G~CLP*000100032742*1*178.3*89.11**12*2020105CV3041~NM1*QC*1*BONTJE*CHRISTOPHER*R***MI*489M98415~DTM*050*20200414~SVC*HC:99213:25*178.3*89.11**1**0~DTM*472*20200406~CAS*CO*45*89.19*1~REF*6R*CPF6CTBDL420~AMT*B6*89.11~CLP*000100032074*4*436.54*0**12*2020105CV3176~NM1*QC*1*MIKITOWICZ*HANNAH****MI*975M86248~NM1*74*1**BARTHOLOMEW*I~DTM*050*20200414~SVC*HC:90837*436.54*0**1**0~DTM*472*20200324~CAS*OA*18*436.54*1~REF*6R*CPF6GNAYXPUW~CLP*000100032074*1*436.54*93**12*2020105CV3231~NM1*QC*1*MIKITOWICZ*HANNAH****MI*975M86248~NM1*74*1**BARTHOLOMEW*I~DTM*050*20200414~SVC*HC:90837*436.54*93**1**0~DTM*472*20200324~CAS*CO*45*343.54*1~REF*6R*CPFY7W1NG1WD~AMT*B6*93~CLP*000100033283*1*178.3*36.28*35*12*2020112CN5301~NM1*QC*1*CHAVEZ*CHERIE*R***MI*17912911W~NM1*74*1******C*WMW17912911W~DTM*050*20200421~SVC*HC:99213*178.3*36.28**1**0~DTM*472*20200415~CAS*CO*45*107.02*1~CAS*PR*3*35*1~REF*6R*CPGMDY4YFD4G~AMT*B6*71.28~CLP*000100032624*1*272.99*64.95*40*12*2020112CN5600~NM1*QC*1*GEIST*JENNIFER*L***MI*829449279~NM1*74*1******C*NMM829449279~DTM*050*20200421~SVC*HC:99214*272.99*64.95**1**0~DTM*472*20200402~CAS*CO*45*168.04*1~CAS*PR*3*40*1~REF*6R*CPGMBA9WQCF4~AMT*B6*104.95~CLP*000100033270*1*272.99*104.95**12*2020112CN9704~NM1*QC*1*LACAS*DEBRA*R***MI*047W01689~DTM*050*20200421~SVC*HC:99214*272.99*104.95**1**0~DTM*472*20200415~CAS*CO*45*168.04*1~REF*6R*CPGML95P920Q~AMT*B6*104.95~CLP*000100032513*1*178.3*71.28**12*2020112CO0136~NM1*QC*1*METTS*DAVID*W***MI*520W02292~DTM*050*20200421~SVC*HC:99213*178.3*71.28**1**0~DTM*472*20200331~CAS*CO*45*107.02*1~REF*6R*CPGMNE5UOLUO~AMT*B6*71.28~CLP*000100032605*1*178.3*71.28**12*2020112CO0414~NM1*QC*1*PADILLA*MATHEW****MI*627A70820~NM1*74*1**EMILY*K~DTM*050*20200421~SVC*HC:99213*178.3*71.28**1**0~DTM*472*20200402~CAS*CO*45*107.02*1~REF*6R*CPGM0GM3VEXK~AMT*B6*71.28~SE*213*1002~GE*1*1~IEA*1*321952597~