ISA*00*          *00*          *01*030240928      *ZZ*AV09311993     *200310*1532*^*00501*277347433*0*P*:~GS*HP*ANTHEMFCS*AV01101957*20200310*1532*1*X*005010X221A1~ST*835*1003~BPR*I*375.92*C*CHK************20200309~TRN*1*6604131255*1840747736~REF*EV*FAC~DTM*405*20200309~N1*PR*ROCKY MOUNTAIN HOSPITAL&MEDICAL~N3*3075 VANDERCAR WAY~N4*CINCINNATI*OH*45209~REF*2U*00050~PER*CX**TE*8449630445~PER*BL*EDI SOLUTIONS*TE*8004709630*EM*E-SOLUTIONS.SUPPORT@ANTHEM.COM~PER*IC**UR*WWW.ANTHEM.COM/PROVIDER/ROUTER~N1*PE*SPANISH PEAKS NEW ALTERNA*XX*1508250911~N3*41 MONTEBELLO RD STE 116~N4*PUEBLO*CO*81001~REF*TJ*841158933~LX*1~CLP*000100029456*1*80*54*25*12*2020057CV0016~NM1*QC*1*DONALDSON*JEFFREY****MI*113814896~NM1*74*1******C*OSQ113814896~DTM*050*20200226~SVC*HC:90834*80*54**1**0~DTM*472*20200205~CAS*CO*45*1*1~CAS*PR*3*25*1~REF*6R*CPWI0D56YJTG~AMT*B6*79~CLP*000100029778*1*214*21.05**12*2020057CV0259~NM1*QC*1*RAEL*MARK*A***MI*150150404~NM1*74*1******C*UMQ150150404~DTM*050*20200226~SVC*HC:99386:25*190*0**1**0~DTM*472*20200212~CAS*CO*B16*190*1~REF*6R*CPWIJCDLYK85~LQ*HE*N113~SVC*HC:93000*24*21.05**1**0~DTM*472*20200212~CAS*CO*45*2.95*1~REF*6R*CPWIX75DKZ39~AMT*B6*21.05~CLP*000100029791*1*149*70.13*40*12*2020057CV0411~NM1*QC*1*KEATOR*MARYANN*M***MI*902999293~NM1*74*1******C*LCN902999293~DTM*050*20200226~SVC*HC:99214:25*134*64.95**1**0~DTM*472*20200212~CAS*CO*45*29.05*1~CAS*PR*3*40*1~REF*6R*CPWILDTXI3X8~AMT*B6*104.95~SVC*HC:81025*15*5.18**1**0~DTM*472*20200212~CAS*CO*45*9.82*1~REF*6R*CPWIR5GXIYHL~AMT*B6*5.18~CLP*000100030074*1*281*121.55*40*12*2020063DW2626~NM1*QC*1*WANTLAND*DRAKE*M***MI*136M51048~NM1*74*1**STEVEN~DTM*050*20200303~SVC*HC:99204:25*205*121.55**1**0~DTM*472*20200218~CAS*CO*45*43.45*1~CAS*PR*3*40*1~REF*6R*CP46JM4SYFA2~AMT*B6*161.55~SVC*HC:H0049*36*0**1**0~DTM*472*20200218~CAS*CO*45*36*1~REF*6R*CP46GU2S4MP1~SVC*HC:G8510*40*0**1**0~DTM*472*20200218~CAS*CO*234*40*1~REF*6R*CP46UBSBCVK0~LQ*HE*M15~CLP*000100025453*4*145*0**12*2020063DW2871~NM1*QC*1*PADILLA*MATHEW****MI*627A70820~NM1*74*1**EMILY*K~DTM*050*20200303~SVC*HC:90792*145*0**1**0~DTM*472*20191119~CAS*OA*18*145~CLP*000100030161*1*54*2.98*40*12*2020063DW3061~NM1*QC*1*WANTLAND*STEVEN*M***MI*136M51048~DTM*050*20200303~SVC*HC:99212*54*2.98**1**0~DTM*472*20200219~CAS*CO*45*11.02*1~CAS*PR*3*40*1~REF*6R*CP46G9EC7G29~AMT*B6*42.98~CLP*000100030196*1*134*106.21*25*12*2020063DW3592~NM1*QC*1*RETANA*ALBERTA*L***MI*030W03220~DTM*050*20200303~SVC*HC:99214*134*106.21**1**0~DTM*472*20200219~CAS*CO*45*2.79*1~CAS*PR*3*25*1~REF*6R*CP468R41KUHC~AMT*B6*131.21~SE*101*1003~GE*1*1~IEA*1*277347433~