ISA*00*          *00*          *01*030240928      *ZZ*AV09311993     *200601*1831*^*00501*357658099*0*P*:~GS*HP*ANTHEMFCS*AV01101957*20200601*1831*1*X*005010X221A1~ST*835*1001~BPR*I*784.4*C*CHK************20200601~TRN*1*6604704919*1840747736~REF*EV*FAC~DTM*405*20200601~N1*PR*ROCKY MOUNTAIN HOSPITAL&MEDICAL~N3*3075 VANDERCAR WAY~N4*CINCINNATI*OH*45209~REF*2U*00050~PER*CX**TE*8665140698~PER*BL*EDI SOLUTIONS*TE*8004709630*EM*E-SOLUTIONS.SUPPORT@ANTHEM.COM~PER*IC**UR*WWW.ANTHEM.COM/PROVIDER/ROUTER~N1*PE*SPANISH PEAKS NEW ALTERNA*XX*1508250911~N3*41 MONTEBELLO RD STE 116~N4*PUEBLO*CO*81001~REF*TJ*841158933~LX*1~CLP*000100034099*1*436.54*93**12*2020137BO5541~NM1*QC*1*ROMERO*RIANNA*M***MI*129116364~NM1*74*1******C*ZQN129116364~DTM*050*20200515~SVC*HC:90837*436.54*93**1**0~DTM*472*20200501~CAS*CO*45*343.54*1~REF*6R*CPPQWLWURQX1~AMT*B6*93~CLP*000100034695*1*290.21*79**12*2020137BO7978~NM1*QC*1*ROMERO*RIANNA*M***MI*129116364~NM1*74*1******C*ZQN129116364~DTM*050*20200515~SVC*HC:90834*290.21*79**1**0~DTM*472*20200513~CAS*CO*45*211.21*1~REF*6R*CPPQKZ7ON1G4~AMT*B6*79~CLP*000100034799*1*290.21*79**12*2020137BO9486~NM1*QC*1*DONALDSON*JEFFREY*W***MI*113814896~NM1*74*1******C*OSQ113814896~DTM*050*20200515~SVC*HC:90834*290.21*79**1**0~DTM*472*20200515~CAS*CO*45*211.21*1~REF*6R*CPPQXAK2ZIGD~AMT*B6*79~CLP*000100034029*1*178.3*89.11**12*2020140CZ2795~NM1*QC*1*HARMON*TROY*A***MI*113695336~NM1*74*1******C*IVV113695336~DTM*050*20200519~SVC*HC:99213*178.3*89.11**1**0~DTM*472*20200430~CAS*CO*45*89.19*1~REF*6R*CPPUAZDQ6OGS~AMT*B6*89.11~CLP*000100034399*1*178.3*0*89.11*12*2020140CZ3016~NM1*QC*1*APODACA*BRIAN****MI*3HZN78164~NM1*74*1******C*IRA3HZN78164~DTM*050*20200519~SVC*HC:99213*178.3*0**1**0~DTM*472*20200507~CAS*CO*45*89.19*1~CAS*PR*1*89.11*1~REF*6R*CPPUAJWOWCY8~AMT*B6*89.11~CLP*000100034015*1*178.3*89.11**12*2020140CZ3065~NM1*QC*1*DOSTAL*JAMES*J***MI*113124410~NM1*74*1******C*OSQ113124410~DTM*050*20200519~SVC*HC:99213*178.3*89.11**1**0~DTM*472*20200429~CAS*CO*45*89.19*1~REF*6R*CPPUYZZXTWCM~AMT*B6*89.11~CLP*000100034504*1*178.3*0*89.11*12*2020140CZ3235~NM1*QC*1*SANDERS*ERIC****MI*3HZN82202~NM1*74*1******C*IRA3HZN82202~DTM*050*20200519~SVC*HC:99213*178.3*0**1**0~DTM*472*20200511~CAS*CO*45*89.19*1~CAS*PR*1*89.11*1~REF*6R*CPPU0BYF08PH~AMT*B6*89.11~CLP*000100032904*1*272.99*104**12*2020143CJ1284~NM1*QC*1*SOLIS RUEDA*PRISCILLA****MI*055120111~NM1*74*1******C*TBD055120111~DTM*050*20200522~SVC*HC:99214*272.99*104**1**0~DTM*472*20200407~CAS*CO*45*168.99*1~REF*6R*CPQER3U007RS~AMT*B6*104~CLP*000100033610*1*302.44*93.44*46.72*12*2020143CJ1647~NM1*QC*1*KEATOR*MARYANN*M***MI*902999293~NM1*74*1******C*LCN902999293~DTM*050*20200522~SVC*HC:99213:25*178.3*49.11**1**0~DTM*472*20200422~CAS*CO*45*89.19*1~CAS*PR*3*40*1~REF*6R*CPQEC3N6JR9R~AMT*B6*89.11~SVC*HC:99408*107.06*44.33**1**0~DTM*472*20200422~CAS*CO*45*62.73*1~REF*6R*CPQEYC0R2KFV~AMT*B6*44.33~SVC*HC:96127*17.08*0**1**0~DTM*472*20200422~CAS*CO*45*10.36*1~CAS*PR*1*6.72*1~REF*6R*CPQE3YX8FHHM~AMT*B6*6.72~CLP*000100034323*1*88.54*53.74**13*2020143CK1904~NM1*QC*1*BASNET*MINU****MI*103M96452~NM1*74*1******C*XFY103M96452~DTM*050*20200522~SVC*HC:99212*88.54*53.74**1**0~DTM*472*20200506~CAS*CO*45*34.8*1~REF*6R*CPQEBX2ZFI01~AMT*B6*53.74~CLP*000100034239*1*272.99*104**12*2020143CK1998~NM1*QC*1*PADILLA*MATHEW****MI*627A70820~NM1*74*1**EMILY*K~DTM*050*20200522~SVC*HC:99214*272.99*104**1**0~DTM*472*20200505~CAS*CO*45*168.99*1~REF*6R*CPQECW4GIQ0F~AMT*B6*104~SE*131*1001~GE*1*1~IEA*1*357658099~