ISA*00*          *00*          *01*030240928      *ZZ*AV09311993     *200318*1832*^*00501*283696995*0*P*:~GS*HP*ANTHEMFCS*AV01101957*20200318*1832*1*X*005010X221A1~ST*835*1002~BPR*I*657.2*C*CHK************20200316~TRN*1*6604183307*1840747736~REF*EV*FAC~DTM*405*20200317~N1*PR*ROCKY MOUNTAIN HOSPITAL&MEDICAL~N3*3075 VANDERCAR WAY~N4*CINCINNATI*OH*45209~REF*2U*00050~PER*CX**TE*8665140698~PER*BL*EDI SOLUTIONS*TE*8004709630*EM*E-SOLUTIONS.SUPPORT@ANTHEM.COM~PER*IC**UR*WWW.ANTHEM.COM/PROVIDER/ROUTER~N1*PE*SPANISH PEAKS NEW ALTERNA*XX*1508250911~N3*41 MONTEBELLO RD STE 116~N4*PUEBLO*CO*81001~REF*TJ*841158933~LX*1~CLP*000100029464*1*134*121.21*10*12*2020063DW7278~NM1*QC*1*DONALDSON*JEFFREY****MI*113814896~NM1*74*1******C*OSQ113814896~DTM*050*20200303~SVC*HC:99214*134*121.21**1**0~DTM*472*20200205~CAS*CO*45*2.79*1~CAS*PR*3*10*1~REF*6R*CP46PHM0C5QI~AMT*B6*131.21~CLP*000100029988*1*115*0*93*12*2020063DW7606~NM1*QC*1*NEWMAN*AARON****MI*3HZN48918~NM1*74*1******C*IRA3HZN48918~DTM*050*20200303~SVC*HC:90837*115*0**1**0~DTM*472*20200214~CAS*CO*45*22*1~CAS*PR*1*93*1~REF*6R*CP46MMC7XCQG~AMT*B6*93~CLP*000100030342*1*265*221.78*21.05*12*2020063DW8229~NM1*QC*1*SANDERS*KATHLEEN****MI*3HZN82202~NM1*74*1******C*IRA3HZN82202~DTM*050*20200303~SVC*HC:99397:25*189*171.06**1**0~DTM*472*20200224~CAS*CO*45*17.94*1~REF*6R*CP464E57EZTV~AMT*B6*171.06~SVC*HC:93000:76*24*0**1**0~DTM*472*20200224~CAS*CO*45*2.95*1~CAS*PR*1*21.05*1~REF*6R*CP466Z691PRZ~AMT*B6*21.05~SVC*HC:99408*44*44**1**0~DTM*472*20200224~REF*6R*CP46NMPVEUH0~AMT*B6*44~SVC*HC:96127*8*6.72**1**0~DTM*472*20200224~CAS*CO*45*1.28*1~REF*6R*CP46DB95C5MF~AMT*B6*6.72~CLP*000100030075*1*180*0*140*12*2020069DU5315~NM1*QC*1*HUGHES*KELSEY****MI*AN8530132~NM1*74*1******C*BZMAN8530132~DTM*050*20200309~SVC*HC:99215*180*0**1**0~DTM*472*20200218~CAS*CO*45*40*1~CAS*PR*1*140*1~REF*6R*CP4U7EH95KY8~AMT*B6*140~CLP*000100030168*1*134*106.21*25*12*2020069DU5808~NM1*QC*1*DURAN*JEREMY*J***MI*128155475~NM1*74*1******C*OSQ128155475~DTM*050*20200309~SVC*HC:99214*134*106.21**1**0~DTM*472*20200219~CAS*CO*45*2.79*1~CAS*PR*3*25*1~REF*6R*CP4UVD029TCH~AMT*B6*131.21~CLP*000100028180*1*134*104**12*2020069DU6253~NM1*QC*1*PADILLA*MATHEW****MI*627A70820~NM1*74*1**EMILY*K~DTM*050*20200309~SVC*HC:99214*134*104**1**0~DTM*472*20200114~CAS*CO*45*30*1~REF*6R*CP4U4HLN66QW~AMT*B6*104~CLP*000100029379*1*134*104**12*2020069DU6315~NM1*QC*1*PADILLA*MATHEW****MI*627A70820~NM1*74*1**EMILY*K~DTM*050*20200309~SVC*HC:99214*134*104**1**0~DTM*472*20200204~CAS*CO*45*30*1~REF*6R*CP4UHS8UVDFO~AMT*B6*104~CLP*000100030407*1*134*0*131.21*12*2020069DU6401~NM1*QC*1*SUNCELIA*POLLYANN*M***MI*457W03479~NM1*74*1~DTM*050*20200309~SVC*HC:99214*134*0**1**0~DTM*472*20200224~CAS*CO*45*2.79*1~CAS*PR*1*131.21*1~REF*6R*CP4UGORISCBE~AMT*B6*131.21~SE*110*1002~GE*1*1~IEA*1*283696995~