ISA*00*          *00*          *01*030240928      *ZZ*AV09311993     *200630*1532*^*00501*381717959*0*P*:~GS*HP*ANTHEMFCS*AV01101957*20200630*1532*1*X*005010X221A1~ST*835*1001~BPR*I*467.25*C*CHK************20200629~TRN*1*6604930565*1840747736~REF*EV*FAC~DTM*405*20200629~N1*PR*ROCKY MOUNTAIN HOSPITAL&MEDICAL~N3*3075 VANDERCAR WAY~N4*CINCINNATI*OH*45209~REF*2U*00050~PER*CX**TE*8888173717~PER*BL*EDI SOLUTIONS*TE*8004709630*EM*E-SOLUTIONS.SUPPORT@ANTHEM.COM~PER*IC**UR*WWW.ANTHEM.COM/PROVIDER/ROUTER~N1*PE*SPANISH PEAKS NEW ALTERNA*XX*1508250911~N3*41 MONTEBELLO RD STE 116~N4*PUEBLO*CO*81001~REF*TJ*841158933~LX*1~CLP*000100032244*1*217.66*51**12*2020105CV2414~NM1*QC*1*ROMERO*RIANNA*M***MI*129116364~NM1*74*1******C*ZQN129116364~DTM*050*20200414~SVC*HC:90832*217.66*51**1**0~DTM*472*20200326~CAS*CO*45*166.66*1~REF*6R*CPF639AC1S0B~AMT*B6*51~CLP*000100032244*22*-217.66*0**12*2020105CV2414~NM1*QC*1*ROMERO*RIANNA*M***MI*129116364~NM1*74*1******C*ZQN129116364~DTM*050*20200414~SVC*HC:90832*-217.66*0**1**0~DTM*472*20200326~CAS*CO*119*-217.66*1~REF*6R*CPF639AC1S0B~CLP*000100035333*1*178.3*89.11**12*2020169CS2163~NM1*QC*1*DONALDSON*JEFFREY*W***MI*113814896~NM1*74*1******C*OSQ113814896~DTM*050*20200617~SVC*HC:99213*178.3*89.11**1**0~DTM*472*20200527~CAS*CO*45*89.19*1~REF*6R*CPZALBV4D6ME~AMT*B6*89.11~CLP*000100035172*1*15*4.15*1.03*12*2020169CS2321~NM1*QC*1*KIPLINGER*JESSICA*L***MI*820234282~NM1*74*1******C*SLR820234282~DTM*050*20200617~SVC*HC:81025*15*4.15**1**0~DTM*472*20200522~CAS*CO*45*9.82*1~CAS*PR*2*1.03*1~REF*6R*CPZAMVNAIYHS~AMT*B6*5.18~CLP*000100035172*1*272.99*104.97*26.24*12*2020169CS2571~NM1*QC*1*KIPLINGER*JESSICA*L***MI*820234282~NM1*74*1******C*SLR820234282~DTM*050*20200617~SVC*HC:99214:25*272.99*104.97**1**0~DTM*472*20200522~CAS*CO*45*141.78*1~CAS*PR*2*26.24*1~REF*6R*CPZAEYU3N4WD~AMT*B6*131.21~CLP*000100035857*1*178.3*71.29*17.82*12*2020176CA7553~NM1*QC*1*KIPLINGER*JESSICA*L***MI*820234282~NM1*74*1******C*SLR820234282~DTM*050*20200624~SVC*HC:99213*178.3*71.29**1**0~DTM*472*20200605~CAS*CO*45*89.19*1~CAS*PR*2*17.82*1~REF*6R*CP0YS2HHV7H4~AMT*B6*89.11~CLP*000100035484*1*15*4.15*1.03*12*2020176CA7659~NM1*QC*1*KIPLINGER*JESSICA*L***MI*820234282~NM1*74*1******C*SLR820234282~DTM*050*20200624~SVC*HC:81025*15*4.15**1**0~DTM*472*20200529~CAS*CO*45*9.82*1~CAS*PR*2*1.03*1~REF*6R*CP0YYV78BMO3~AMT*B6*5.18~CLP*000100036173*1*178.3*71.29*17.82*12*2020176CA7727~NM1*QC*1*KIPLINGER*JESSICA*L***MI*820234282~NM1*74*1******C*SLR820234282~DTM*050*20200624~SVC*HC:99213*178.3*71.29**1**0~DTM*472*20200612~CAS*CO*45*89.19*1~CAS*PR*2*17.82*1~REF*6R*CP0YC300I6RQ~AMT*B6*89.11~CLP*000100035484*1*178.3*71.29*17.82*12*2020176CA7937~NM1*QC*1*KIPLINGER*JESSICA*L***MI*820234282~NM1*74*1******C*SLR820234282~DTM*050*20200624~SVC*HC:99213:25*178.3*71.29**1**0~DTM*472*20200529~CAS*CO*45*89.19*1~CAS*PR*2*17.82*1~REF*6R*CP0Y4JWEMQ5H~AMT*B6*89.11~SE*104*1001~GE*1*1~IEA*1*381717959~