ISA*00*          *00*          *01*030240928      *ZZ*AV09311993     *200512*0032*^*00501*332174283*0*P*:~GS*HP*ANTHEMFCS*AV01101957*20200512*0032*1*X*005010X221A1~ST*835*1004~BPR*I*830.44*C*CHK************20200511~TRN*1*6604553562*1840747736~REF*EV*FAC~DTM*405*20200511~N1*PR*ROCKY MOUNTAIN HOSPITAL&MEDICAL~N3*3075 VANDERCAR WAY~N4*CINCINNATI*OH*45209~REF*2U*00050~PER*CX**TE*8888173717~PER*BL*EDI SOLUTIONS*TE*8004709630*EM*E-SOLUTIONS.SUPPORT@ANTHEM.COM~PER*IC**UR*WWW.ANTHEM.COM/PROVIDER/ROUTER~N1*PE*SPANISH PEAKS NEW ALTERNA*XX*1508250911~N3*41 MONTEBELLO RD STE 116~N4*PUEBLO*CO*81001~REF*TJ*841158933~LX*1~CLP*000100033373*1*290.21*79**12*2020122CO1226~NM1*QC*1*ROMERO*RIANNA*M***MI*129116364~NM1*74*1******C*ZQN129116364~DTM*050*20200501~SVC*HC:90834*290.21*79**1**0~DTM*472*20200417~CAS*CO*45*211.21*1~REF*6R*CPOMC6Z4TQVV~AMT*B6*79~CLP*000100033619*1*178.3*89.11**12*2020122CO1295~NM1*QC*1*DOSTAL*JAMES*J***MI*113124410~NM1*74*1******C*OSQ113124410~DTM*050*20200501~SVC*HC:99213*178.3*89.11**1**0~DTM*472*20200422~CAS*CO*45*89.19*1~REF*6R*CPOMVDKIA3VS~AMT*B6*89.11~CLP*000100032765*1*436.54*93**12*2020122CO1452~NM1*QC*1*WALLACE*CAYMAN****MI*110061331~NM1*IL*1*WALLACE*WILLAIM****MI*110061331~NM1*74*1******C*OSQ110061331~DTM*050*20200501~SVC*HC:90837*436.54*93**1**0~DTM*472*20200406~CAS*CO*45*343.54*1~REF*6R*CPOMW4FD97X1~AMT*B6*93~CLP*000100033630*1*178.3*89.11**12*2020122CO1465~NM1*QC*1*HARMON*TROY*A***MI*113695336~NM1*74*1******C*IVV113695336~DTM*050*20200501~SVC*HC:99213*178.3*89.11**1**0~DTM*472*20200422~CAS*CO*45*89.19*1~REF*6R*CPOM6M6A8IFP~AMT*B6*89.11~CLP*000100033603*1*290.21*79**12*2020122CO1539~NM1*QC*1*WALLACE*CAYMAN****MI*110061331~NM1*IL*1*WALLACE*WILLAIM****MI*110061331~NM1*74*1******C*OSQ110061331~DTM*050*20200501~SVC*HC:90834*290.21*79**1**0~DTM*472*20200422~CAS*CO*45*211.21*1~REF*6R*CPOMFRDLODI6~AMT*B6*79~CLP*000100034034*1*217.66*51**12*2020122CO1566~NM1*QC*1*DONALDSON*JEFFREY*W***MI*113814896~NM1*74*1******C*OSQ113814896~DTM*050*20200501~SVC*HC:90832*217.66*51**1**0~DTM*472*20200430~CAS*CO*45*166.66*1~REF*6R*CPOMI03S2ZOA~AMT*B6*51~CLP*000100033440*1*178.3*89.11**12*2020122CO1682~NM1*QC*1*MORS*MARK****MI*AN4973115~NM1*74*1******C*UQKAN4973115~DTM*050*20200501~SVC*HC:99213*178.3*89.11**1**0~DTM*472*20200420~CAS*CO*45*89.19*1~REF*6R*CPOMJG1CWRMD~AMT*B6*89.11~CLP*000100033766*1*290.21*79**12*2020122CO1846~NM1*QC*1*ROMERO*RIANNA*M***MI*129116364~NM1*74*1******C*ZQN129116364~DTM*050*20200501~SVC*HC:90834*290.21*79**1**0~DTM*472*20200424~CAS*CO*45*211.21*1~REF*6R*CPOMHJ75SZVE~AMT*B6*79~CLP*000100033285*1*178.3*89.11**12*2020122CO1964~NM1*QC*1*DURAN*JEREMY*J***MI*128155475~NM1*74*1******C*OSQ128155475~DTM*050*20200501~SVC*HC:99213*178.3*89.11**1**0~DTM*472*20200415~CAS*CO*45*89.19*1~REF*6R*CPOM4LNFJ2IN~AMT*B6*89.11~CLP*000100033302*1*436.54*93**12*2020122CO2020~NM1*QC*1*DONALDSON*JEFFREY*W***MI*113814896~NM1*74*1******C*OSQ113814896~DTM*050*20200501~SVC*HC:90837*436.54*93**1**0~DTM*472*20200416~CAS*CO*45*343.54*1~REF*6R*CPOMZ6SXVGWM~AMT*B6*93~SE*110*1004~GE*1*1~IEA*1*332174283~