ISA*00*          *00*          *01*030240928      *ZZ*AV09311993     *200331*2131*^*00501*298496381*0*P*:~GS*HP*ANTHEMFCS*AV01101957*20200331*2131*1*X*005010X221A1~ST*835*1001~BPR*I*1554.67*C*CHK************20200330~TRN*1*6604289279*1840747736~REF*EV*FAC~DTM*405*20200331~N1*PR*ROCKY MOUNTAIN HOSPITAL&MEDICAL~N3*3075 VANDERCAR WAY~N4*CINCINNATI*OH*45209~REF*2U*00050~PER*CX**TE*8449630445~PER*BL*EDI SOLUTIONS*TE*8004709630*EM*E-SOLUTIONS.SUPPORT@ANTHEM.COM~PER*IC**UR*WWW.ANTHEM.COM/PROVIDER/ROUTER~N1*PE*SPANISH PEAKS NEW ALTERNA*XX*1508250911~N3*41 MONTEBELLO RD STE 116~N4*PUEBLO*CO*81001~REF*TJ*841158933~LX*1~CLP*000100027781*1*180*140**12*2020069DU5366~NM1*QC*1*SOLIS RUEDA*PRISCILLA****MI*055120111~NM1*74*1******C*TBD055120111~DTM*050*20200309~SVC*HC:99215*180*140**1**0~DTM*472*20200107~CAS*CO*45*40*1~REF*6R*CP4U207ODIHV~AMT*B6*140~CLP*000100029872*1*134*0*131.21*12*2020076DT2937~NM1*QC*1*CHAVEZ*MELISSA****MI*013A71421~NM1*74*1******C*VAD013A71421~DTM*050*20200316~SVC*HC:99214*134*0**1**0~DTM*472*20200213~CAS*CO*45*2.79*1~CAS*PR*1*131.21*1~REF*6R*CP5IGH7RWS04~AMT*B6*131.21~CLP*000100029872*22*-134*0**12*2020076DT2937~NM1*QC*1*CHAVEZ*MELISSA****MI*013A71421~NM1*74*1******C*VAD013A71421~DTM*050*20200316~SVC*HC:99214*-134*0**1**0~DTM*472*20200213~CAS*CO*96*-134*1~REF*6R*CP5IGH7RWS04~LQ*HE*N448~CLP*000100031462*1*134*0*131.21*12*2020081CG4817~NM1*QC*1*CHAVEZ*MELISSA****MI*013A71421~NM1*74*1******C*VAD013A71421~DTM*050*20200317~SVC*HC:99214*134*0**1**0~DTM*472*20200312~CAS*CO*45*2.79*1~CAS*PR*1*131.21*1~REF*6R*CP5AOJUV3RRN~AMT*B6*131.21~CLP*000100030890*1*54*18.74*35*HM*2020081CG4923~NM1*QC*1*VIGIL*MARIAH*K***MI*574A73986~NM1*74*1**MELINDA~DTM*050*20200317~SVC*HC:99212*54*18.74**1**0~DTM*472*20200303~CAS*CO*45*.26*1~CAS*PR*3*35*1~REF*6R*CP5AJ84VI485~AMT*B6*53.74~CLP*000100031220*1*134*106.21*25*12*2020081CG4993~NM1*QC*1*RETANA*ALBERTA*L***MI*030W03220~DTM*050*20200317~SVC*HC:99214*134*106.21**1**0~DTM*472*20200309~CAS*CO*45*2.79*1~CAS*PR*3*25*1~REF*6R*CP5AJW3PXVK3~AMT*B6*131.21~CLP*000100031131*1*90*31.28*40*12*2020081CG5288~NM1*QC*1*WANTLAND*DRAKE*M***MI*136M51048~NM1*74*1**STEVEN~DTM*050*20200317~SVC*HC:99213*90*31.28**1**0~DTM*472*20200306~CAS*CO*45*18.72*1~CAS*PR*3*40*1~REF*6R*CP5A59WHSWFY~AMT*B6*71.28~CLP*000100030759*1*149*101.39*35*HM*2020081CG5460~NM1*QC*1*VIGIL*MARIAH*K***MI*574A73986~NM1*74*1**MELINDA~DTM*050*20200317~SVC*HC:99214:25*134*96.21**1**0~DTM*472*20200302~CAS*CO*45*2.79*1~CAS*PR*3*35*1~REF*6R*CP5AL7YOJ0FI~AMT*B6*131.21~SVC*HC:81025*15*5.18**1**0~DTM*472*20200302~CAS*CO*45*9.82*1~REF*6R*CP5AUYE20ICA~AMT*B6*5.18~CLP*000100030979*1*54*28.74*25*12*2020081CG5604~NM1*QC*1*RETANA*ALBERTA*L***MI*030W03220~DTM*050*20200317~SVC*HC:99212*54*28.74**1**0~DTM*472*20200304~CAS*CO*45*.26*1~CAS*PR*3*25*1~REF*6R*CP5AZS98SSMV~AMT*B6*53.74~CLP*000100030074*1*52*0*5.37*12*2020081EZ5515~NM1*QC*1*WANTLAND*DRAKE*M***MI*136M51048~NM1*74*1**STEVEN~DTM*050*20200320~SVC*HC:96127*8*0**1**0~DTM*472*20200218~CAS*CO*45*2.63*1~CAS*PR*1*5.37*1~REF*6R*CP6U6QWGKZZV~AMT*B6*5.37~SVC*HC:99408*44*0**1**0~DTM*472*20200218~CAS*CO*97*44*1~REF*6R*CP6UQPKEZU3P~CLP*000100030969*1*115*53*40*12*2020082BW5990~NM1*QC*1*ROMERO*RIANNA*M***MI*129116364~NM1*74*1******C*ZQN129116364~DTM*050*20200320~SVC*HC:90837*115*53**1**0~DTM*472*20200304~CAS*CO*45*22*1~CAS*PR*3*40*1~REF*6R*CP6U0HC42NZ6~AMT*B6*93~CLP*000100031118*1*134*96.21*35*12*2020082DJ1442~NM1*QC*1*CHAVEZ*CHERIE*R***MI*17912911W~NM1*74*1******C*WMW17912911W~DTM*050*20200317~SVC*HC:99214*134*96.21**1**0~DTM*472*20200306~CAS*CO*45*2.79*1~CAS*PR*3*35*1~REF*6R*CP5AXMCOQK9Z~AMT*B6*131.21~CLP*000100031249*1*115*53*40*12*2020082DJ1934~NM1*QC*1*ROMERO*RIANNA*M***MI*129116364~NM1*74*1******C*ZQN129116364~DTM*050*20200317~SVC*HC:90837*115*53**1**0~DTM*472*20200310~CAS*CO*45*22*1~CAS*PR*3*40*1~REF*6R*CP5ABM606XC9~AMT*B6*93~CLP*000100031215*1*134*96.21*35*12*2020082DJ1970~NM1*QC*1*CHAVEZ*CHERIE*R***MI*17912911W~NM1*74*1******C*WMW17912911W~DTM*050*20200317~SVC*HC:99214*134*96.21**1**0~DTM*472*20200309~CAS*CO*45*2.79*1~CAS*PR*3*35*1~REF*6R*CP5AXQDULDAH~AMT*B6*131.21~CLP*000100030968*1*165*119.28**12*2020082DJ1972~NM1*QC*1*HUGHES*KELSEY****MI*AN8530132~NM1*74*1******C*BZMAN8530132~DTM*050*20200317~SVC*HC:99395*165*119.28**1**0~DTM*472*20200304~CAS*CO*45*45.72*1~REF*6R*CP5AWE80AG3Q~AMT*B6*119.28~CLP*000100031119*1*366.45*51*30*12*2020082DJ2143~NM1*QC*1*ANDERSON*ALISON*J***MI*834576359~NM1*74*1******C*NMJ834576359~DTM*050*20200317~SVC*HC:90847*366.45*51**1**0~DTM*472*20200306~CAS*CO*45*285.45*1~CAS*PR*3*30*1~REF*6R*CP5A9YA7GXGP~AMT*B6*81~CLP*000100030993*1*134*106.21*25*12*2020082DJ2164~NM1*QC*1*DONALDSON*JEFFREY*W***MI*113814896~NM1*74*1******C*OSQ113814896~DTM*050*20200317~SVC*HC:99214*134*106.21**1**0~DTM*472*20200305~CAS*CO*45*2.79*1~CAS*PR*3*25*1~REF*6R*CP5AA551ZO56~AMT*B6*131.21~CLP*000100030889*1*145*101*40*12*2020082DJ2248~NM1*QC*1*ROMERO*RIANNA*M***MI*129116364~NM1*74*1******C*ZQN129116364~DTM*050*20200317~SVC*HC:90792*145*101**1**0~DTM*472*20200303~CAS*CO*45*4*1~CAS*PR*3*40*1~REF*6R*CP5AV8HVCHGC~AMT*B6*141~CLP*000100031251*1*134*64.95*40*12*2020082DJ2530~NM1*QC*1*GEIST*JENNIFER*L***MI*829449279~NM1*74*1******C*NMM829449279~DTM*050*20200317~SVC*HC:99214*134*64.95**1**0~DTM*472*20200310~CAS*CO*45*29.05*1~CAS*PR*3*40*1~REF*6R*CP5AN9IZ554C~AMT*B6*104.95~CLP*000100030472*1*257*125.31*41.61*12*2020082DJ2533~NM1*QC*1*GEIST*JENNIFER*L***MI*829449279~NM1*74*1******C*NMM829449279~DTM*050*20200317~SVC*HC:99204:25*205*121.55**1**0~DTM*472*20200225~CAS*CO*45*43.45*1~CAS*PR*3*40*1~REF*6R*CP5A3YAAI95J~AMT*B6*161.55~SVC*HC:96127*8*3.76**1**0~DTM*472*20200225~CAS*CO*45*2.63*1~CAS*PR*2*1.61*1~REF*6R*CP5AN1I5N4TR~AMT*B6*5.37~SVC*HC:99408*44*0**1**0~DTM*472*20200225~CAS*CO*97*44*1~REF*6R*CP5AO3F29VPC~CLP*000100031184*1*252*157.17*74.57*12*2020082DJ2566~NM1*QC*1*DONALDSON*JEFFREY*W***MI*113814896~NM1*74*1******C*OSQ113814896~DTM*050*20200317~SVC*HC:99214:25*134*96.21**1**0~DTM*472*20200309~CAS*CO*45*2.79*1~CAS*PR*3*35*1~REF*6R*CP5AHYSK0M74~AMT*B6*131.21~SVC*HC:90471*35*31.35**1**0~DTM*472*20200309~CAS*CO*45*3.65*1~REF*6R*CP5AB9L721LV~AMT*B6*31.35~SVC*HC:90674*35*29.61**1**0~DTM*472*20200309~CAS*CO*45*5.39*1~REF*6R*CP5AP6WLFEJ8~AMT*B6*29.61~SVC*HC:93000*24*0**1**0~DTM*472*20200309~CAS*CO*45*2.95*1~CAS*PR*1*21.05*1~REF*6R*CP5A788VXTJI~AMT*B6*21.05~SVC*HC:93000:76*24*0**1**0~DTM*472*20200309~CAS*CO*45*5.48*1~CAS*PR*1*18.52*1~REF*6R*CP5ACWKSUQCL~AMT*B6*18.52~CLP*000100031212*1*134*0*131.21*12*2020082DJ2748~NM1*QC*1*ORTIZ*LORI*A***MI*971298217~NM1*74*1******C*AQE971298217~DTM*050*20200317~SVC*HC:99214*134*0**1**0~DTM*472*20200309~CAS*CO*45*2.79*1~CAS*PR*1*131.21*1~REF*6R*CP5A7GMLP8YY~AMT*B6*131.21~CLP*000100029920*1*134*104.97*26.24*12*2020084DU5756~NM1*QC*1*CASTILLO*ALEXZANDRIA*R***MI*632M50968~NM1*74*1**DAVID*M~DTM*050*20200324~SVC*HC:99214*134*104.97**1**0~DTM*472*20200213~CAS*CO*45*2.79*1~CAS*PR*2*26.24*1~REF*6R*CP6YME8CE0JL~AMT*B6*131.21~SE*284*1001~GE*1*1~IEA*1*298496381~