ISA*00*          *00*          *01*030240928      *ZZ*AV09311993     *200623*1232*^*00501*375875428*0*P*:~GS*HP*ANTHEMFCS*AV01101957*20200623*1232*1*X*005010X221A1~ST*835*1002~BPR*I*646.03*C*CHK************20200622~TRN*1*6604871508*1840747736~REF*EV*FAC~DTM*405*20200622~N1*PR*ROCKY MOUNTAIN HOSPITAL&MEDICAL~N3*3075 VANDERCAR WAY~N4*CINCINNATI*OH*45209~REF*2U*00050~PER*CX**TE*8778113106~PER*BL*EDI SOLUTIONS*TE*8004709630*EM*E-SOLUTIONS.SUPPORT@ANTHEM.COM~PER*IC**UR*WWW.ANTHEM.COM/PROVIDER/ROUTER~N1*PE*SPANISH PEAKS NEW ALTERNA*XX*1508250911~N3*41 MONTEBELLO RD STE 116~N4*PUEBLO*CO*81001~REF*TJ*841158933~LX*1~CLP*000100035065*1*178.3*49.11*40*12*2020164CJ2750~NM1*QC*1*KEATOR*MARYANN*M***MI*902999293~NM1*74*1******C*LCN902999293~DTM*050*20200612~SVC*HC:99213*178.3*49.11**1**0~DTM*472*20200520~CAS*CO*45*89.19*1~CAS*PR*3*40*1~REF*6R*CPZEBWQMT888~AMT*B6*89.11~CLP*000100035671*1*272.99*131.21**12*2020164CJ2880~NM1*QC*1*HUGHES*KELSEY****MI*AN8530132~NM1*74*1******C*BZMAN8530132~DTM*050*20200612~SVC*HC:99214*272.99*131.21**1**0~DTM*472*20200602~CAS*CO*45*141.78*1~REF*6R*CPZEERSHTHJW~AMT*B6*131.21~CLP*000100035647*1*178.3*89.11**12*2020164CJ3159~NM1*QC*1*DURAN*JEREMY*J***MI*128155475~NM1*74*1******C*OSQ128155475~DTM*050*20200612~SVC*HC:99213*178.3*89.11**1**0~DTM*472*20200602~CAS*CO*45*89.19*1~REF*6R*CPZECZBEKWS0~AMT*B6*89.11~CLP*000100035108*1*178.3*71.29*17.82*12*2020164CJ3181~NM1*QC*1*KIPLINGER*JESSICA*L***MI*820234282~NM1*74*1******C*SLR820234282~DTM*050*20200612~SVC*HC:99213*178.3*71.29**1**0~DTM*472*20200521~CAS*CO*45*89.19*1~CAS*PR*2*17.82*1~REF*6R*CPZEM0XAVWLJ~AMT*B6*89.11~CLP*000100035074*1*390.98*155.03*27.67*12*2020164CJ3295~NM1*QC*1*KIPLINGER*JESSICA*L***MI*820234282~NM1*74*1******C*SLR820234282~DTM*050*20200612~SVC*HC:99203:25*266.84*105.32**1**0~DTM*472*20200520~CAS*CO*45*135.19*1~CAS*PR*2*26.33*1~REF*6R*CPZEZP6M3M42~AMT*B6*131.65~SVC*HC:96127*17.08*5.38**1**0~DTM*472*20200520~CAS*CO*45*10.36*1~CAS*PR*2*1.34*1~REF*6R*CPZEKYB8T18Y~AMT*B6*6.72~SVC*HC:99408*107.06*44.33**1**0~DTM*472*20200520~CAS*CO*45*62.73*1~REF*6R*CPZE25H0VITB~AMT*B6*44.33~CLP*000100035660*1*290.21*79**12*2020164CK5191~NM1*QC*1*GALLERY*KRISTINE****MI*419M97662~NM1*74*1***M~DTM*050*20200612~SVC*HC:90834*290.21*79**1**0~DTM*472*20200602~CAS*CO*45*211.21*1~REF*6R*CPZEBQDY4S1T~AMT*B6*79~CLP*000100035762*1*178.3*71.28**12*2020169CU3775~NM1*QC*1*KELZER*MARK*A***MI*625A78391~DTM*050*20200617~SVC*HC:99213*178.3*71.28**1**0~DTM*472*20200604~CAS*CO*45*107.02*1~REF*6R*CPZAM6M7F06M~AMT*B6*71.28~SE*94*1002~GE*1*1~IEA*1*375875428~