ISA*00*          *00*          *01*030240928      *ZZ*AV09311993     *200609*0632*^*00501*363860493*0*P*:~GS*HP*ANTHEMFCS*AV01101957*20200609*0632*1*X*005010X221A1~ST*835*1001~BPR*I*695.66*C*CHK************20200608~TRN*1*6604759300*1840747736~REF*EV*FAC~DTM*405*20200608~N1*PR*ROCKY MOUNTAIN HOSPITAL&MEDICAL~N3*3075 VANDERCAR WAY~N4*CINCINNATI*OH*45209~REF*2U*00050~PER*CX**TE*8778113106~PER*BL*EDI SOLUTIONS*TE*8004709630*EM*E-SOLUTIONS.SUPPORT@ANTHEM.COM~PER*IC**UR*WWW.ANTHEM.COM/PROVIDER/ROUTER~N1*PE*SPANISH PEAKS NEW ALTERNA*XX*1508250911~N3*41 MONTEBELLO RD STE 116~N4*PUEBLO*CO*81001~REF*TJ*841158933~LX*1~CLP*000100033548*1*178.3*69**12*2020143CJ1457~NM1*QC*1*ROMERO*RIANNA*M***MI*129116364~NM1*74*1******C*ZQN129116364~DTM*050*20200522~SVC*HC:99213*178.3*69**1**0~DTM*472*20200421~CAS*CO*45*109.3*1~REF*6R*CPQETXSG1K7P~AMT*B6*69~CLP*000100034395*1*178.3*89.11**12*2020143CJ1555~NM1*QC*1*HARMON*TROY*A***MI*113695336~NM1*74*1******C*IVV113695336~DTM*050*20200522~SVC*HC:99213*178.3*89.11**1**0~DTM*472*20200507~CAS*CO*45*89.19*1~REF*6R*CPQESBWA1T1A~AMT*B6*89.11~CLP*000100034701*1*178.3*89.11**12*2020143CJ1631~NM1*QC*1*DURAN*JEREMY*J***MI*128155475~NM1*74*1******C*OSQ128155475~DTM*050*20200522~SVC*HC:99213*178.3*89.11**1**0~DTM*472*20200513~CAS*CO*45*89.19*1~REF*6R*CPQE8SL5B0FB~AMT*B6*89.11~CLP*000100035004*1*178.3*71.28**12*2020150CQ1971~NM1*QC*1*WANTLAND*STEVEN*M***MI*136M51048~DTM*050*20200529~SVC*HC:99213*178.3*71.28**1**0~DTM*472*20200519~CAS*CO*45*107.02*1~REF*6R*CPQUOKFPL8PG~AMT*B6*71.28~CLP*000100034947*1*436.54*93**12*2020150CQ3742~NM1*QC*1*GALLERY*KRISTINE****MI*419M97662~NM1*74*1***M~DTM*050*20200529~SVC*HC:90837*436.54*93**1**0~DTM*472*20200519~CAS*CO*45*343.54*1~REF*6R*CPQUJD6LU8GO~AMT*B6*93~CLP*000100034860*1*178.3*0*89.11*12*2020150CX8013~NM1*QC*1*SANDERS*ERIC****MI*3HZN82202~NM1*74*1******C*IRA3HZN82202~DTM*050*20200529~SVC*HC:99213*178.3*0**1**0~DTM*472*20200518~CAS*CO*45*89.19*1~CAS*PR*1*89.11*1~REF*6R*CPQU67WCJFUC~AMT*B6*89.11~CLP*000100035367*1*436.54*93**12*2020150CX8043~NM1*QC*1*DONALDSON*JEFFREY*W***MI*113814896~NM1*74*1******C*OSQ113814896~DTM*050*20200529~SVC*HC:90837*436.54*93**1**0~DTM*472*20200527~CAS*CO*45*343.54*1~REF*6R*CPQU72UIE7Z0~AMT*B6*93~CLP*000100033977*1*302.44*140.16**12*2020150CX8483~NM1*QC*1*DONALDSON*JEFFREY*W***MI*113814896~NM1*74*1******C*OSQ113814896~DTM*050*20200529~SVC*HC:99213:25*178.3*89.11**1**0~DTM*472*20200429~CAS*CO*45*89.19*1~REF*6R*CPQUCJ3BM1B9~AMT*B6*89.11~SVC*HC:96127*17.08*6.72**1**0~DTM*472*20200429~CAS*CO*45*10.36*1~REF*6R*CPQUXRZ3F4MG~AMT*B6*6.72~SVC*HC:99408*107.06*44.33**1**0~DTM*472*20200429~CAS*CO*45*62.73*1~REF*6R*CPQUDFLXGS69~AMT*B6*44.33~CLP*000100035343*1*217.66*51**12*2020150CX9111~NM1*QC*1*ROMERO*RIANNA*M***MI*129116364~NM1*74*1******C*ZQN129116364~DTM*050*20200529~SVC*HC:90832*217.66*51**1**0~DTM*472*20200527~CAS*CO*45*166.66*1~REF*6R*CPQUQ9SUWYDY~AMT*B6*51~SE*109*1001~GE*1*1~IEA*1*363860493~