ISA*00*          *00*          *ZZ*COMEDASSISTPROG*ZZ*6769489        *200413*0309*^*00501*300007001*0*P*:~GS*HP*COMEDASSISTPROG*6769489*20200413*030946*300007001*X*005010X221A1~ST*835*000010012~BPR*I*8480.6*C*ACH*CCP*01*075911603*DA*00000004556640373*1811725341**01*102106569*DA*2200002989138*20200413~TRN*1*000948608*1811725341~REF*EV*1508250911~DTM*405*20200410~N1*PR*CO_TXIX*XV*7912900843~N3*P.O. BOX 30~N4*DENVER*CO*80201~PER*CX*MEDICAID PROVIDER SERVICES*TE*8442352387~PER*BL*MEDICAID PROVIDER SERVICES*TE*8442352387~N1*PE*HEALTH SOLUTIONS MED CENTER*XX*1508250911~REF*TJ*841158933~LX*1~CLP*000100030761*2*134*9.48**MC*2020098002547~NM1*QC*1*AVILA*ROBERT*B***MR*F251953~NM1*82*1*HOOSHMAND-PARSI*KAYHOSROW****XX*1447291851~REF*EA*E3D310950BAA4956A2C340D644AFB1B5~DTM*232*20200302~DTM*233*20200302~SVC*HC:99214*134*9.48**1~DTM*472*20200302~CAS*CO*45*124.52~REF*6R*CP6UEPDPU9Z0~AMT*B6*9.48~LQ*HE*N381~LQ*HE*N381~CLP*000100031204*2*134*9.48**MC*2020100001332~NM1*QC*1*AVILA*ROBERT*B***MR*F251953~NM1*82*1*HOOSHMAND-PARSI*KAYHOSROW****XX*1447291851~REF*EA*4034EEB1D6024007B83EE39DB820FBBF~DTM*232*20200309~DTM*233*20200309~SVC*HC:99214*134*9.48**1~DTM*472*20200309~CAS*CO*45*124.52~REF*6R*CP66TDUNDCC7~AMT*B6*9.48~LQ*HE*N381~LQ*HE*N381~CLP*000100030942*2*90*13.11**MC*2020098002533~NM1*QC*1*CADDICK*TIA*J***MR*J760460~NM1*82*1*CADDALI*ESTRELLA*A***XX*1164974580~REF*EA*8A25C4FE87C54E1B8BA4664AEC11EF6F~DTM*232*20200304~DTM*233*20200304~SVC*HC:99213*90*13.11**1~DTM*472*20200304~CAS*CO*45*76.89~REF*6R*CP6U9Q59X4NB~AMT*B6*13.11~LQ*HE*N381~LQ*HE*N381~CLP*000100030843*2*134*19**MC*2020100001337~NM1*QC*1*GALLEGOS*CARLOS*L***MR*P497529~NM1*82*1*GRONEMEYER*LEANNE*R***XX*1659521045~REF*EA*8DFC054ED53642E9AB22BA12F71A76EA~DTM*232*20200303~DTM*233*20200303~SVC*HC:99214*134*19**1~DTM*472*20200303~CAS*CO*45*115~REF*6R*CP669MEBURRZ~AMT*B6*19~LQ*HE*N381~LQ*HE*N381~CLP*000100031012*2*150*66.3**MC*2020101002402~NM1*QC*1*HEASMAN*STUART*G***MR*O606775~NM1*82*1*HOOSHMAND-PARSI*KAYHOSROW****XX*1447291851~REF*EA*7D8415F90C4D4EAE8A57910D0EA9E08D~DTM*232*20200305~DTM*233*20200305~SVC*HC:99213:25*90*58.9**1~DTM*472*20200305~CAS*CO*45*31.1~REF*6R*CP6YHT8OB0QF~AMT*B6*58.9~LQ*HE*N381~LQ*HE*N381~SVC*HC:G0444*20*0**1~DTM*472*20200305~CAS*CO*45*20~REF*6R*CP6Y9LRB11GR~SVC*HC:G0396*40*7.4**1~DTM*472*20200305~CAS*OA*P22*32.6~REF*6R*CP6YKYC2L5CN~AMT*B6*7.4~LQ*HE*MA125~LQ*HE*MA125~CLP*000100031028*2*179*19**MC*2020101002404~NM1*QC*1*KLEPPERICH*MICHAELA*T***MR*Y719389~NM1*82*1*GRONEMEYER*LEANNE*R***XX*1659521045~REF*EA*0A8D20349CDF4DF68658C9C20EB028E6~DTM*232*20200305~DTM*233*20200305~SVC*HC:99214:25*134*19**1~DTM*472*20200305~CAS*CO*45*115~REF*6R*CP6YV4I0NP3G~AMT*B6*19~LQ*HE*N381~LQ*HE*N381~SVC*HC:G0101*45*0**1~DTM*472*20200305~CAS*CO*45*45~REF*6R*CP6YLU1S1IGC~LQ*HE*N381~CLP*000100030836*2*150*19.4**MC*2020098002518~NM1*QC*1*KLIPFEL*SHARON*L***MR*B029833~NM1*82*1*CADDALI*ESTRELLA*A***XX*1164974580~REF*EA*E6FA11EB11854EFCBECD65B3FD9BFC69~DTM*232*20200303~DTM*233*20200303~SVC*HC:99213:25*90*13.11**1~DTM*472*20200303~CAS*CO*45*76.89~REF*6R*CP6UKOFEDRFL~AMT*B6*13.11~LQ*HE*N381~LQ*HE*N381~SVC*HC:G0444*20*0**1~DTM*472*20200303~CAS*CO*45*20~REF*6R*CP6UNKELSUWY~SVC*HC:G0396*40*6.29**1~DTM*472*20200303~CAS*OA*P22*33.71~REF*6R*CP6U4AUV5PGV~AMT*B6*6.29~LQ*HE*MA125~LQ*HE*MA125~CLP*000100031258*2*134*19**MC*2020101002418~NM1*QC*1*MAJOR*MARION*J***MR*O960190~NM1*82*1*CADDALI*ESTRELLA*A***XX*1164974580~REF*EA*7277666D2D334DC2B60D4F00024B352D~DTM*232*20200310~DTM*233*20200310~SVC*HC:99214*134*19**1~DTM*472*20200310~CAS*CO*45*115~REF*6R*CP6Y36WFUYLD~AMT*B6*19~LQ*HE*N381~LQ*HE*N381~CLP*000100031032*2*90*4.32**MC*2020100001322~NM1*QC*1*MARRONE*JOHN*H***MR*G491256~NM1*82*1*ROBERTS*BRAD*A***XX*1538435698~REF*EA*EB03100C0B734D99B82CB809DC351218~DTM*232*20200305~DTM*233*20200305~SVC*HC:99213*90*4.32**1~DTM*472*20200305~CAS*CO*45*85.68~REF*6R*CP66HZ6D4JUU~AMT*B6*4.32~LQ*HE*N381~LQ*HE*N381~CLP*000100030861*2*90*13.11**MC*2020098002491~NM1*QC*1*MATTHEWS*MICHAEL*P***MR*L679106~NM1*82*1*CADDALI*ESTRELLA*A***XX*1164974580~REF*EA*6451FA21A15A4F8EBB04CC11E4E78701~DTM*232*20200303~DTM*233*20200303~SVC*HC:99213*90*13.11**1~DTM*472*20200303~CAS*CO*45*76.89~REF*6R*CP6U5G20JQJI~AMT*B6*13.11~LQ*HE*N381~LQ*HE*N381~CLP*000100031345*2*134*9.48**MC*2020101002408~NM1*QC*1*MURPHY*JAMES*P***MR*O503555~NM1*82*1*HOOSHMAND-PARSI*KAYHOSROW****XX*1447291851~REF*EA*1073C35BD5864126AA4A74FF3D0575CD~DTM*232*20200311~DTM*233*20200311~SVC*HC:99214*134*9.48**1~DTM*472*20200311~CAS*CO*45*124.52~REF*6R*CP6YHGAE5TTK~AMT*B6*9.48~LQ*HE*N381~LQ*HE*N381~CLP*000100031164*2*2161.98*247.12**MC*2020100001328~NM1*QC*1*ROCCHIO*JAMES*J***MR*M614136~NM1*82*1*LUCAS*PEGGI*S***XX*1366419582~REF*EA*58240BBB7214446B975EC2E3E235C15D~DTM*232*20200309~DTM*233*20200309~SVC*HC:99214:25*272.99*19**1~DTM*472*20200309~CAS*CO*45*253.99~REF*6R*CP66XYBMFCOV~AMT*B6*19~LQ*HE*N381~LQ*HE*N381~SVC*HC:96372*83.99*2.49**1~DTM*472*20200309~CAS*CO*45*81.5~REF*6R*CP666VCPEQLB~AMT*B6*2.49~LQ*HE*N381~LQ*HE*N381~SVC*HC:J2315*1805*225.63**380~DTM*472*20200309~CAS*CO*45*1579.37~REF*6R*CP66O4F016YV~AMT*B6*225.63~LQ*HE*N381~LQ*HE*N381~CLP*000100030616*2*134*19**MC*2020101043784~NM1*QC*1*ROMERO*MARTHA*H***MR*Q471665~NM1*82*1*GRONEMEYER*LEANNE*R***XX*1659521045~REF*EA*4144420B44C04F98BA276F6DD807D06C~DTM*232*20200226~DTM*233*20200226~SVC*HC:99214*134*19**1~DTM*472*20200226~CAS*CO*45*115~REF*6R*CPFUEPHC813C~AMT*B6*19~LQ*HE*N381~LQ*HE*N381~CLP*000100031221*2*134*9.48**MC*2020101002411~NM1*QC*1*SISNEROS*GLORIA****MR*H582090~NM1*82*1*HOOSHMAND-PARSI*KAYHOSROW****XX*1447291851~REF*EA*4605F37AE51B4BE2A25F410B26F5DFBA~DTM*232*20200309~DTM*233*20200309~SVC*HC:99214*134*9.48**1~DTM*472*20200309~CAS*CO*45*124.52~REF*6R*CP6YFJ7BAZCR~AMT*B6*9.48~LQ*HE*N381~LQ*HE*N381~CLP*000100031149*2*134*19**MC*2020101002413~NM1*QC*1*TREVINO CRUZ*ELVA*A***MR*N194567~NM1*74*1*TREVINOCRUZ~NM1*82*1*LUCAS*PEGGI*S***XX*1366419582~REF*EA*B4EA1B1689A54D58829AABE292792FD7~DTM*232*20200306~DTM*233*20200306~SVC*HC:99214*134*19**1~DTM*472*20200306~CAS*CO*45*115~REF*6R*CP6Y2PCE9LOX~AMT*B6*19~LQ*HE*N381~LQ*HE*N381~CLP*000100030748*2*195*25.5**MC*2020098002552~NM1*QC*1*VALDEZ MARTIN*SONIA*A***MR*F174874~NM1*74*1*VALDEZ~NM1*82*1*LUCAS*PEGGI*S***XX*1366419582~REF*EA*060AF153D18143EBAA22615CE6BDF91E~DTM*232*20200302~DTM*233*20200302~SVC*HC:99215:25*180*25.5**1~DTM*472*20200302~CAS*CO*45*154.5~REF*6R*CP6U7OD1SB7G~AMT*B6*25.5~LQ*HE*N381~LQ*HE*N381~SVC*HC:81025*15*0**1~DTM*472*20200302~CAS*CO*45*15~REF*6R*CP6UPJI82NVZ~LQ*HE*N381~CLP*000100030828*2*134*19**MC*2020098002558~NM1*QC*1*VALDEZ MARTIN*SONIA*A***MR*F174874~NM1*74*1*VALDEZ~NM1*82*1*LUCAS*PEGGI*S***XX*1366419582~REF*EA*E5C0C50652AA4B90A854ED284B1F05C0~DTM*232*20200303~DTM*233*20200303~SVC*HC:99214*134*19**1~DTM*472*20200303~CAS*CO*45*115~REF*6R*CP6U8OZEGY1I~AMT*B6*19~LQ*HE*N381~LQ*HE*N381~CLP*000100029825*1*134*97.11**MC*2020101044097~NM1*QC*1*AHRING*GAGE*R***MR*P911955~NM1*82*1*GRONEMEYER*LEANNE*R***XX*1659521045~REF*EA*DB18EC26F42B4FBCA1682ADEE0EE2523~DTM*232*20200212~DTM*233*20200212~SVC*HC:99214*134*97.11**1~DTM*472*20200212~CAS*CO*45*36.89~REF*6R*CPFUH8W6RP1R~AMT*B6*97.11~LQ*HE*N77~LQ*HE*N381~CLP*000100030162*1*134*97.11**MC*2020101044098~NM1*QC*1*AHRING*GAGE*R***MR*P911955~NM1*82*1*GRONEMEYER*LEANNE*R***XX*1659521045~REF*EA*E3173E39127143C487E13C68AE8D1F15~DTM*232*20200219~DTM*233*20200219~SVC*HC:99214*134*97.11**1~DTM*472*20200219~CAS*CO*45*36.89~REF*6R*CPFU748PIZ2H~AMT*B6*97.11~LQ*HE*N77~LQ*HE*N381~CLP*000100031347*1*134*97.11**MC*2020101044100~NM1*QC*1*AHRING*GAGE*R***MR*P911955~NM1*82*1*GRONEMEYER*LEANNE*R***XX*1659521045~REF*EA*D4D83F155A124245B9DB5EEA93A280C6~DTM*232*20200311~DTM*233*20200311~SVC*HC:99214*134*97.11**1~DTM*472*20200311~CAS*CO*45*36.89~REF*6R*CPFU0MGHEMZR~AMT*B6*97.11~LQ*HE*N77~LQ*HE*N381~CLP*000100031010*1*90*65.81**MC*2020101044101~NM1*QC*1*AHRING*GAGE*R***MR*P911955~NM1*82*1*ROBERTS*BRAD*A***XX*1538435698~REF*EA*472C76DD35AF43CAA52784314E20509F~DTM*232*20200305~DTM*233*20200305~SVC*HC:99213*90*65.81**1~DTM*472*20200305~CAS*CO*45*24.19~REF*6R*CPFUGOQG3ADO~AMT*B6*65.81~LQ*HE*N77~LQ*HE*N381~CLP*000100030580*1*134*97.11**MC*2020101044102~NM1*QC*1*AHRING*GAGE*R***MR*P911955~NM1*82*1*GRONEMEYER*LEANNE*R***XX*1659521045~REF*EA*9FDAC566ACF84905A6A69786378C623E~DTM*232*20200226~DTM*233*20200226~SVC*HC:99214*134*97.11**1~DTM*472*20200226~CAS*CO*45*36.89~REF*6R*CPFU3WEFI1JP~AMT*B6*97.11~LQ*HE*N77~LQ*HE*N381~CLP*000100029727*1*285*174.91**MC*2020101044104~NM1*QC*1*AHRING*GAGE*R***MR*P911955~NM1*82*1*GRONEMEYER*LEANNE*R***XX*1659521045~REF*EA*33CF67FA59FC4E4582D6B0D5FE4EE30D~DTM*232*20200211~DTM*233*20200211~SVC*HC:99204:25*205*149.59**1~DTM*472*20200211~CAS*CO*45*55.41~REF*6R*CPFUR0CEK97V~AMT*B6*149.59~LQ*HE*N77~LQ*HE*N381~SVC*HC:H0049*36*10.92**1~DTM*472*20200211~CAS*CO*45*25.08~REF*6R*CPFUT5SF9XY3~AMT*B6*10.92~LQ*HE*N77~LQ*HE*N381~SVC*HC:G8510*40*11**1~DTM*472*20200211~CAS*CO*45*29~REF*6R*CPFUF6OPL6PZ~AMT*B6*11~LQ*HE*N77~LQ*HE*N381~SVC*HC:81002*4*3.4**1~DTM*472*20200211~CAS*CO*45*.6~REF*6R*CPFU8PZ9KXJQ~AMT*B6*3.4~LQ*HE*N77~LQ*HE*N381~CLP*000100031866*1*149*105.53**MC*2020101044046~NM1*QC*1*AVILA*KRISTA*M***MR*K943511~NM1*82*1*SEARLES*DENISE*A***XX*1396971230~REF*EA*0224962B9D3D45EDB7B63FCE4748BF99~DTM*232*20200320~DTM*233*20200320~SVC*HC:99214:25*134*97.11**1~DTM*472*20200320~CAS*CO*45*36.89~REF*6R*CPFUT71JJNUW~AMT*B6*97.11~LQ*HE*N77~LQ*HE*N381~SVC*HC:81025*15*8.42**1~DTM*472*20200320~CAS*CO*45*6.58~REF*6R*CPFUU5HIDW8B~AMT*B6*8.42~LQ*HE*N77~LQ*HE*N381~CLP*000100025164*1*175.85*67.13**MC*2020101043981~NM1*QC*1*BAIRD*ODEN****MR*G327791~NM1*82*1*SEARLES*DENISE*A***XX*1396971230~REF*EA*40BBF91B77B84F85B3943594AEA18DC6~DTM*232*20191113~DTM*233*20191113~SVC*HC:99202*175.85*67.13**1~DTM*472*20191113~CAS*CO*45*108.72~REF*6R*CPFUC7OOXR5U~AMT*B6*67.13~LQ*HE*N381~CLP*000100031797*1*149*105.53**MC*2020101044007~NM1*QC*1*BOULIER*JEWEL*R***MR*W913486~NM1*82*1*SEARLES*DENISE*A***XX*1396971230~REF*EA*A4FBFD1E37B84772B8D2E6578D0403AE~DTM*232*20200319~DTM*233*20200319~SVC*HC:99214:25*134*97.11**1~DTM*472*20200319~CAS*CO*45*36.89~REF*6R*CPFUGI95CGN7~AMT*B6*97.11~LQ*HE*N77~LQ*HE*N381~SVC*HC:81025*15*8.42**1~DTM*472*20200319~CAS*CO*45*6.58~REF*6R*CPFULJ5527I0~AMT*B6*8.42~LQ*HE*N77~LQ*HE*N381~CLP*000100032160*1*193.3*74.23**MC*2020101043984~NM1*QC*1*BUSTILLOS*DESIREE****MR*Y193127~NM1*82*1*GRONEMEYER*LEANNE*R***XX*1659521045~REF*EA*F4B8BFB24720449EA0BC0DB2621470C7~DTM*232*20200325~DTM*233*20200325~SVC*HC:99213:25*178.3*65.81**1~DTM*472*20200325~CAS*CO*45*112.49~REF*6R*CPFUGJR5Y9E2~AMT*B6*65.81~LQ*HE*N77~LQ*HE*N381~SVC*HC:81025*15*8.42**1~DTM*472*20200325~CAS*CO*45*6.58~REF*6R*CPFUS2KT45HI~AMT*B6*8.42~LQ*HE*N77~LQ*HE*N381~CLP*000100031867*1*287.99*105.53**MC*2020101044074~NM1*QC*1*CARBAJAL*MELISSA****MR*A287390~NM1*82*1*SEARLES*DENISE*A***XX*1396971230~REF*EA*D33019B6CBA5402291FE01D9C833283A~DTM*232*20200320~DTM*233*20200320~SVC*HC:99214:25*272.99*97.11**1~DTM*472*20200320~CAS*CO*45*175.88~REF*6R*CPFU2E6S96FR~AMT*B6*97.11~LQ*HE*N77~LQ*HE*N381~SVC*HC:81025*15*8.42**1~DTM*472*20200320~CAS*CO*45*6.58~REF*6R*CPFUTRYH6I04~AMT*B6*8.42~LQ*HE*N77~LQ*HE*N381~CLP*000100032302*1*287.99*105.53**MC*2020101044076~NM1*QC*1*CARBAJAL*MELISSA****MR*A287390~NM1*82*1*SEARLES*DENISE*A***XX*1396971230~REF*EA*34A6609A3FC4442D9517FF5A307BD7A5~DTM*232*20200327~DTM*233*20200327~SVC*HC:99214:25*272.99*97.11**1~DTM*472*20200327~CAS*CO*45*175.88~REF*6R*CPFUSIEIH5FZ~AMT*B6*97.11~LQ*HE*N77~LQ*HE*N381~SVC*HC:81025*15*8.42**1~DTM*472*20200327~CAS*CO*45*6.58~REF*6R*CPFUA1887EAJ~AMT*B6*8.42~LQ*HE*N77~LQ*HE*N381~CLP*000100031387*1*134*97.11**MC*2020101044079~NM1*QC*1*CARRILLO*JOHN*P***MR*Q013327~NM1*82*1*SEARLES*DENISE*A***XX*1396971230~REF*EA*BE4501B6E3C84524874E13B5C69A6E5C~DTM*232*20200312~DTM*233*20200312~SVC*HC:99214*134*97.11**1~DTM*472*20200312~CAS*CO*45*36.89~REF*6R*CPFUVFMC4MCV~AMT*B6*97.11~LQ*HE*N77~LQ*HE*N381~CLP*000100031814*1*134*97.11**MC*2020101044080~NM1*QC*1*CARRILLO*JOHN*P***MR*Q013327~NM1*82*1*SEARLES*DENISE*A***XX*1396971230~REF*EA*8E018557E33E43489A0567B4CD66449E~DTM*232*20200319~DTM*233*20200319~SVC*HC:99214*134*97.11**1~DTM*472*20200319~CAS*CO*45*36.89~REF*6R*CPFULVEFEVG1~AMT*B6*97.11~LQ*HE*N77~LQ*HE*N381~CLP*000100032199*1*272.99*97.11**MC*2020101044081~NM1*QC*1*CARRILLO*JOHN*P***MR*Q013327~NM1*82*1*SEARLES*DENISE*A***XX*1396971230~REF*EA*F80DAE8A8E99487A85BDF52EC2B7577D~DTM*232*20200326~DTM*233*20200326~SVC*HC:99214*272.99*97.11**1~DTM*472*20200326~CAS*CO*45*175.88~REF*6R*CPFUNOSG7B53~AMT*B6*97.11~LQ*HE*N77~LQ*HE*N381~CLP*000100029920*2*134*0**MC*2020101044084~NM1*QC*1*CASTILLO*ALEXZANDRIA*R***MR*Y281769~NM1*82*1*GRONEMEYER*LEANNE*R***XX*1659521045~REF*EA*DDCB084596924599AE7BCB9B77418FC1~DTM*232*20200213~DTM*233*20200213~SVC*HC:99214*134*0**1~DTM*472*20200213~CAS*CO*45*36.89~CAS*OA*23*97.11~REF*6R*CPFUZ2OOYNJ4~AMT*B6*97.11~LQ*HE*MA125~LQ*HE*MA125~LQ*HE*N381~CLP*000100031800*1*225*122.75**MC*2020101044096~NM1*QC*1*CHACON*ELIAS*B***MR*U119128~NM1*82*1*SEARLES*DENISE*A***XX*1396971230~REF*EA*6711F635479D4A1094395BAEF4931C2B~DTM*232*20200319~DTM*233*20200319~SVC*HC:99203:25*145*97.43**1~DTM*472*20200319~CAS*CO*45*47.57~REF*6R*CPFUGN0WGF1L~AMT*B6*97.43~LQ*HE*N77~LQ*HE*N381~SVC*HC:H0049*36*10.92**1~DTM*472*20200319~CAS*CO*45*25.08~REF*6R*CPFUQ0SJ8V0P~AMT*B6*10.92~LQ*HE*N77~LQ*HE*N381~SVC*HC:G8510*40*11**1~DTM*472*20200319~CAS*CO*45*29~REF*6R*CPFUYQXFE4HC~AMT*B6*11~LQ*HE*N77~LQ*HE*N381~SVC*HC:81002*4*3.4**1~DTM*472*20200319~CAS*CO*45*.6~REF*6R*CPFUI96IVB5P~AMT*B6*3.4~LQ*HE*N77~LQ*HE*N381~CLP*000100025681*1*169.46*80.52**MC*2020101044085~NM1*QC*1*CORDOVA*PATRICK****MR*Y732519~NM1*82*1*SEARLES*DENISE*A***XX*1396971230~REF*EA*F8D82898AD95493397379A5A5AFAB3CB~DTM*232*20191122~DTM*233*20191122~SVC*HC:99201:25*93.46*39.08**1~DTM*472*20191122~CAS*CO*45*54.38~REF*6R*CPFUX680YRBU~AMT*B6*39.08~LQ*HE*N381~SVC*HC:H0049*36*10.92**1~DTM*472*20191122~CAS*CO*45*25.08~REF*6R*CPFU3WOFGLSM~AMT*B6*10.92~LQ*HE*N381~SVC*HC:G8431*40*30.52**1~DTM*472*20191122~CAS*CO*45*9.48~REF*6R*CPFUGXR2ATO9~AMT*B6*30.52~LQ*HE*N381~CLP*000100029024*1*272.99*97.11**MC*2020098027389~NM1*QC*1*CRESPIN*GILBERT****MR*M707740~NM1*82*1*SEARLES*DENISE*A***XX*1396971230~REF*EA*9C22C44C0FA741D187411CA76B199017~DTM*232*20200129~DTM*233*20200129~SVC*HC:99214*272.99*97.11**1~DTM*472*20200129~CAS*CO*45*175.88~REF*6R*CPEAV9JF08S7~AMT*B6*97.11~LQ*HE*N381~CLP*000100031299*1*142.66*103.78**MC*2020098027393~NM1*QC*1*CUMMINGS*TASHA****MR*R438911~NM1*82*1*LUCAS*PEGGI*S***XX*1366419582~REF*EA*C19C7F89D39B4083ABA6D01FB072ECBC~DTM*232*20200310~DTM*233*20200310~SVC*HC:99214:25*134*97.11**1~DTM*472*20200310~CAS*CO*45*36.89~REF*6R*CPEAP3SSL261~AMT*B6*97.11~LQ*HE*N381~SVC*HC:86580*8.66*6.67**1~DTM*472*20200310~CAS*CO*45*1.99~REF*6R*CPEA6FVFXUC8~AMT*B6*6.67~LQ*HE*N381~CLP*000100032041*1*178.3*65.81**MC*2020101044069~NM1*QC*1*CUMMINGS*TASHA****MR*R438911~NM1*82*1*SEARLES*DENISE*A***XX*1396971230~REF*EA*EB3FBB52869940558E694397D3E4B6F4~DTM*232*20200324~DTM*233*20200324~SVC*HC:99213*178.3*65.81**1~DTM*472*20200324~CAS*CO*45*112.49~REF*6R*CPFU7DMUTHED~AMT*B6*65.81~LQ*HE*N381~CLP*000100031307*1*134*95.11*2*MC*2020101044029~NM1*QC*1*DANIEL*DARREL*M***MR*M640537~NM1*82*1*LUCAS*PEGGI*S***XX*1366419582~REF*EA*34667891E5C3424F8AB82F52087BE024~DTM*232*20200310~DTM*233*20200310~SVC*HC:99214*134*95.11**1~DTM*472*20200310~CAS*PR*3*2~CAS*CO*45*36.89~REF*6R*CPFUIB0SIWMH~AMT*B6*97.11~LQ*HE*MA92~LQ*HE*N381~LQ*HE*N381~CLP*000100031668*1*134*97.11**MC*2020101044040~NM1*QC*1*DONOHUE*DENNIS****MR*I666454~NM1*82*1*GRONEMEYER*LEANNE*R***XX*1659521045~REF*EA*715B49F754A942A49DDD8D7B6CB4BE78~DTM*232*20200317~DTM*233*20200317~SVC*HC:99214*134*97.11**1~DTM*472*20200317~CAS*CO*45*36.89~REF*6R*CPFU269V8EQD~AMT*B6*97.11~LQ*HE*N77~LQ*HE*N381~CLP*000100031267*1*149*103.53*2*MC*2020101043941~NM1*QC*1*EHLERS*DESIREE*F***MR*P131523~NM1*82*1*LUCAS*PEGGI*S***XX*1366419582~REF*EA*FC1F97C0596A4267B00CAE1C17F79BB7~DTM*232*20200310~DTM*233*20200310~SVC*HC:99214:25*134*95.11**1~DTM*472*20200310~CAS*PR*3*2~CAS*CO*45*36.89~REF*6R*CPFUYSVZ1X88~AMT*B6*97.11~LQ*HE*N77~LQ*HE*N381~LQ*HE*N381~SVC*HC:81025*15*8.42**1~DTM*472*20200310~CAS*CO*45*6.58~REF*6R*CPFU2CUNSLHQ~AMT*B6*8.42~LQ*HE*N77~LQ*HE*N381~CLP*000100032017*1*193.3*72.23*2*MC*2020101043956~NM1*QC*1*EHLERS*DESIREE*F***MR*P131523~NM1*82*1*HOOSHMAND-PARSI*KAYHOSROW****XX*1447291851~REF*EA*34D1F44CA58844FCA1E0E3EEDFCF9A58~DTM*232*20200324~DTM*233*20200324~SVC*HC:99213:25*178.3*63.81**1~DTM*472*20200324~CAS*PR*3*2~CAS*CO*45*112.49~REF*6R*CPFUZV2SJWUP~AMT*B6*65.81~LQ*HE*N77~LQ*HE*N381~LQ*HE*N381~SVC*HC:81025*15*8.42**1~DTM*472*20200324~CAS*CO*45*6.58~REF*6R*CPFUCW0PO3FI~AMT*B6*8.42~LQ*HE*N77~LQ*HE*N381~CLP*000100031786*1*134*97.11**MC*2020101044001~NM1*QC*1*FLORES*AMBER****MR*S559509~NM1*82*1*SEARLES*DENISE*A***XX*1396971230~REF*EA*74C981A2216F401AB4F8B3FED4F4334A~DTM*232*20200319~DTM*233*20200319~SVC*HC:99214*134*97.11**1~DTM*472*20200319~CAS*CO*45*36.89~REF*6R*CPFUPFPU7SE0~AMT*B6*97.11~LQ*HE*N77~LQ*HE*N381~CLP*000100032418*1*1908.54*39.39**MC*2020101044095~NM1*QC*1*FLUETT*SARAH****MR*O578292~NM1*82*1*HOOSHMAND-PARSI*KAYHOSROW****XX*1447291851~REF*EA*12CB7F69AD714063A29096B776653C73~DTM*232*20200330~DTM*233*20200330~SVC*HC:99212:25*88.54*39.39**1~DTM*472*20200330~CAS*CO*45*49.15~REF*6R*CPFULNV8MK4B~AMT*B6*39.39~LQ*HE*N77~LQ*HE*N381~SVC*HC:J2315*1805*0**0**380~DTM*472*20200330~CAS*PI*5*1805~REF*6R*CPFUVPY38KCQ~LQ*HE*N77~LQ*HE*N95~LQ*HE*M77~SVC*HC:81025*15*0**0**1~DTM*472*20200330~CAS*PI*5*15~REF*6R*CPFUAM90KXIA~LQ*HE*N77~LQ*HE*M77~CLP*000100031234*1*134*97.11**MC*2020101044088~NM1*QC*1*GILLICK*SHANNON*L***MR*O183500~NM1*82*1*LUCAS*PEGGI*S***XX*1366419582~REF*EA*8979389703854E99B118C7AC9D180BE8~DTM*232*20200310~DTM*233*20200310~SVC*HC:99214*134*97.11**1~DTM*472*20200310~CAS*CO*45*36.89~REF*6R*CPFUK8MGRCE2~AMT*B6*97.11~LQ*HE*N77~LQ*HE*N381~CLP*000100032197*1*272.99*97.11**MC*2020101044087~NM1*QC*1*GILMORE*BRIAN*W***MR*U569330~NM1*82*1*GRONEMEYER*LEANNE*R***XX*1659521045~REF*EA*9FEF5F8E918D43BCBB570CF7F80253D6~DTM*232*20200326~DTM*233*20200326~SVC*HC:99214*272.99*97.11**1~DTM*472*20200326~CAS*CO*45*175.88~REF*6R*CPFUE7CF4YE4~AMT*B6*97.11~LQ*HE*N77~LQ*HE*N381~CLP*000100027932*1*217.66*55.35**MC*2020098027397~NM1*QC*1*GRIEGO*LOGAN****MR*R867036~NM1*82*1*LEWIS*HOLLY*G***XX*1295234128~REF*EA*1F375B1435F141E2A007134524F0BC34~DTM*232*20200109~DTM*233*20200109~SVC*HC:90832*217.66*55.35**1~DTM*472*20200109~CAS*CO*45*162.31~REF*6R*CPEAEEO7EJ3I~AMT*B6*55.35~LQ*HE*N381~CLP*000100031962*1*15*8.42**MC*2020101043970~NM1*QC*1*HEREDIA*NEISHA****MR*M350525~NM1*82*1*HOOSHMAND-PARSI*KAYHOSROW****XX*1447291851~REF*EA*224CA8BDA2704DBEA9BBACDF35445836~DTM*232*20200323~DTM*233*20200323~SVC*HC:81025*15*8.42**1~DTM*472*20200323~CAS*CO*45*6.58~REF*6R*CPFU1XNRTL1O~AMT*B6*8.42~LQ*HE*N77~LQ*HE*N381~CLP*000100031904*1*2124.99*1294.93**MC*2020101044070~NM1*QC*1*HOWARD*CLAUDIA*M***MR*Y099982~NM1*82*1*SEARLES*DENISE*A***XX*1396971230~REF*EA*70DAD021997249B9B4CF5D877F4C3AB5~DTM*232*20200320~DTM*233*20200320~SVC*HC:99214:25*272.99*97.11**1~DTM*472*20200320~CAS*CO*45*175.88~REF*6R*CPFUTUQBUZXY~AMT*B6*97.11~LQ*HE*N77~LQ*HE*N381~SVC*HC:96372*32*0**0**1~DTM*472*20200320~CAS*CO*109*32~REF*6R*CPFUNPPJYDS1~LQ*HE*N77~LQ*HE*N381~SVC*HC:J2315*1805*1189.4**380~DTM*472*20200320~CAS*CO*45*615.6~REF*6R*CPFU8NVPJ38H~AMT*B6*1189.4~LQ*HE*N77~LQ*HE*N381~SVC*HC:81025*15*8.42**1~DTM*472*20200320~CAS*CO*45*6.58~REF*6R*CPFU4EX5YS2H~AMT*B6*8.42~LQ*HE*N77~LQ*HE*N381~CLP*000100031914*1*2109.99*1284.51*2*MC*2020101044092~NM1*QC*1*JOHNSON*GRANT*O***MR*P126521~NM1*82*1*SEARLES*DENISE*A***XX*1396971230~REF*EA*91577C66B94D4002B591A8067A80D2D6~DTM*232*20200320~DTM*233*20200320~SVC*HC:99214:25*272.99*95.11**1~DTM*472*20200320~CAS*PR*3*2~CAS*CO*45*175.88~REF*6R*CPFUROYN5N6R~AMT*B6*97.11~LQ*HE*N77~LQ*HE*N381~LQ*HE*N381~SVC*HC:96372*32*0**0**1~DTM*472*20200320~CAS*CO*109*32~REF*6R*CPFUC0QR3MF9~LQ*HE*N77~LQ*HE*N381~SVC*HC:J2315*1805*1189.4**380~DTM*472*20200320~CAS*CO*45*615.6~REF*6R*CPFUFMUA06HK~AMT*B6*1189.4~LQ*HE*N77~LQ*HE*N381~CLP*000100032280*1*272.99*97.11**MC*2020101043902~NM1*QC*1*JONES*PAULA****MR*M040589~NM1*82*1*SEARLES*DENISE*A***XX*1396971230~REF*EA*90343C89F5EA434C9B01D0D925D276DD~DTM*232*20200326~DTM*233*20200326~SVC*HC:99214*272.99*97.11**1~DTM*472*20200326~CAS*CO*45*175.88~REF*6R*CPFUXCW0VO58~AMT*B6*97.11~LQ*HE*N381~CLP*000100031248*1*195*138.41**MC*2020101043911~NM1*QC*1*JONES*PAULA****MR*M040589~NM1*82*1*LUCAS*PEGGI*S***XX*1366419582~REF*EA*45AC7DAB39C34E6C8A80A25E5C87CAC9~DTM*232*20200310~DTM*233*20200310~SVC*HC:99215:25*180*129.99**1~DTM*472*20200310~CAS*CO*45*50.01~REF*6R*CPFU7VT4BR2U~AMT*B6*129.99~LQ*HE*N77~LQ*HE*N381~SVC*HC:81025*15*8.42**1~DTM*472*20200310~CAS*CO*45*6.58~REF*6R*CPFU0IHS0RUV~AMT*B6*8.42~LQ*HE*N77~LQ*HE*N381~CLP*000100031915*1*272.99*97.11**MC*2020101043918~NM1*QC*1*JONES*PAULA****MR*M040589~NM1*82*1*SEARLES*DENISE*A***XX*1396971230~REF*EA*557AF96FE5F349F69604B26940078D16~DTM*232*20200320~DTM*233*20200320~SVC*HC:99214*272.99*97.11**1~DTM*472*20200320~CAS*CO*45*175.88~REF*6R*CPFUS7N20VF1~AMT*B6*97.11~LQ*HE*N77~LQ*HE*N381~CLP*000100031801*1*1986*1294.93**MC*2020101043923~NM1*QC*1*LINDSAY SANDERS*SHABREA*D***MR*Q818873~NM1*74*1*LINDSAYSANDERS~NM1*82*1*SEARLES*DENISE*A***XX*1396971230~REF*EA*1F43E409875F4E98AB2639D2FE5E63FB~DTM*232*20200319~DTM*233*20200319~SVC*HC:99214:25*134*97.11**1~DTM*472*20200319~CAS*CO*45*36.89~REF*6R*CPFUU9OUJ3C2~AMT*B6*97.11~LQ*HE*N77~LQ*HE*N381~SVC*HC:96372*32*0**0**1~DTM*472*20200319~CAS*CO*109*32~REF*6R*CPFUS8NMGXAG~LQ*HE*N77~LQ*HE*N381~SVC*HC:J2315*1805*1189.4**380~DTM*472*20200319~CAS*CO*45*615.6~REF*6R*CPFU4WO9KX44~AMT*B6*1189.4~LQ*HE*N77~LQ*HE*N381~SVC*HC:81025*15*8.42**1~DTM*472*20200319~CAS*CO*45*6.58~REF*6R*CPFUH8BC6JZP~AMT*B6*8.42~LQ*HE*N77~LQ*HE*N381~CLP*000100032247*1*272.99*97.11**MC*2020101044063~NM1*QC*1*LONGORIA*JULIE*A***MR*D395679~NM1*82*1*SEARLES*DENISE*A***XX*1396971230~REF*EA*4D8C98653D8A4BE18BEFC535170338D2~DTM*232*20200326~DTM*233*20200326~SVC*HC:99214*272.99*97.11**1~DTM*472*20200326~CAS*CO*45*175.88~REF*6R*CPFUJRKELOD3~AMT*B6*97.11~LQ*HE*N77~LQ*HE*N381~CLP*000100028617*1*217.66*55.35**MC*2020098027365~NM1*QC*1*MANLEY*LOUISA****MR*G519318~NM1*82*1*LEWIS*HOLLY*G***XX*1295234128~REF*EA*E0745756E4B24A558FD208C32782E6B0~DTM*232*20200122~DTM*233*20200122~SVC*HC:90832*217.66*55.35**1~DTM*472*20200122~CAS*CO*45*162.31~REF*6R*CPEAXY5UQ1EK~AMT*B6*55.35~LQ*HE*N381~CLP*000100032154*1*178.3*65.81**MC*2020101044091~NM1*QC*1*MARTINEZ*DEBRA*A***MR*D395711~NM1*82*1*GRONEMEYER*LEANNE*R***XX*1659521045~REF*EA*D716F590922942CA946E16FEC01D701D~DTM*232*20200325~DTM*233*20200325~SVC*HC:99213*178.3*65.81**1~DTM*472*20200325~CAS*CO*45*112.49~REF*6R*CPFUE3Q04CK6~AMT*B6*65.81~LQ*HE*N77~LQ*HE*N381~CLP*000100032156*1*287.99*105.53**MC*2020101044066~NM1*QC*1*QUINTANA*DANIELLE*A***MR*N559116~NM1*82*1*GRONEMEYER*LEANNE*R***XX*1659521045~REF*EA*7F37AAAD58634F77BFA06575EE1CF02A~DTM*232*20200325~DTM*233*20200325~SVC*HC:99214:25*272.99*97.11**1~DTM*472*20200325~CAS*CO*45*175.88~REF*6R*CPFU5FB257E8~AMT*B6*97.11~LQ*HE*N77~LQ*HE*N381~SVC*HC:81025*15*8.42**1~DTM*472*20200325~CAS*CO*45*6.58~REF*6R*CPFUWUH6PRMM~AMT*B6*8.42~LQ*HE*N77~LQ*HE*N381~CLP*000100030376*1*134*97.11**MC*2020101044093~NM1*QC*1*SAIS*MICHAEL*E***MR*N765754~NM1*82*1*LUCAS*PEGGI*S***XX*1366419582~REF*EA*49BCBA7500A74087AE551BC3B7799919~DTM*232*20200224~DTM*233*20200224~SVC*HC:99214*134*97.11**1~DTM*472*20200224~CAS*CO*45*36.89~REF*6R*CPFU4PN5C2U4~AMT*B6*97.11~LQ*HE*N77~LQ*HE*N381~CLP*000100031893*1*272.99*97.11**MC*2020101044023~NM1*QC*1*SAMSON*CARA*M***MR*Y649542~NM1*82*1*SEARLES*DENISE*A***XX*1396971230~REF*EA*84536C857B4443FBA72A90B135D22676~DTM*232*20200320~DTM*233*20200320~SVC*HC:99214*272.99*97.11**1~DTM*472*20200320~CAS*CO*45*175.88~REF*6R*CPFUFKHRSQG1~AMT*B6*97.11~LQ*HE*N77~LQ*HE*N381~CLP*000100031262*1*134*97.11**MC*2020101044061~NM1*QC*1*SANDOVAL*JULIA*L***MR*K495017~NM1*82*1*LUCAS*PEGGI*S***XX*1366419582~REF*EA*630BD7486E4544DD8B2CACC936872CD5~DTM*232*20200310~DTM*233*20200310~SVC*HC:99214*134*97.11**1~DTM*472*20200310~CAS*CO*45*36.89~REF*6R*CPFUHGVXW29I~AMT*B6*97.11~LQ*HE*N77~LQ*HE*N381~CLP*000100031601*1*134*95.11*2*MC*2020101044072~NM1*QC*1*SMITH*ROBIN*L***MR*P136864~NM1*82*1*GRONEMEYER*LEANNE*R***XX*1659521045~REF*EA*340A48BEB38642FFB3AA20378E38A5ED~DTM*232*20200316~DTM*233*20200316~SVC*HC:99214*134*95.11**1~DTM*472*20200316~CAS*PR*3*2~CAS*CO*45*36.89~REF*6R*CPFU4GR2EF2G~AMT*B6*97.11~LQ*HE*N381~LQ*HE*N381~CLP*000100030244*1*134*97.11**MC*2020098027399~NM1*QC*1*TOMLINSON*SEAN*B***MR*O382609~NM1*82*1*SEARLES*DENISE*A***XX*1396971230~REF*EA*F9A0FFD945114D9898F7556667B77B0A~DTM*232*20200220~DTM*233*20200220~SVC*HC:99214*134*97.11**1~DTM*472*20200220~CAS*CO*45*36.89~REF*6R*CPEA2GVXYWG8~AMT*B6*97.11~LQ*HE*N77~LQ*HE*N381~CLP*000100030391*1*149*105.53**MC*2020101044077~NM1*QC*1*WINEGARD*ERIN*E***MR*U514872~NM1*82*1*LUCAS*PEGGI*S***XX*1366419582~REF*EA*3F8F17095A5E4D59A07539B306A5AA93~DTM*232*20200224~DTM*233*20200224~SVC*HC:99214:25*134*97.11**1~DTM*472*20200224~CAS*CO*45*36.89~REF*6R*CPFUFX6KY2H2~AMT*B6*97.11~LQ*HE*N77~LQ*HE*N381~SVC*HC:81025*15*8.42**1~DTM*472*20200224~CAS*CO*45*6.58~REF*6R*CPFUSPFDQ7PO~AMT*B6*8.42~LQ*HE*N77~LQ*HE*N381~CLP*000100030735*1*149*103.53*2*MC*2020101044089~NM1*QC*1*WYATT*SERENITY*L***MR*P779049~NM1*82*1*LUCAS*PEGGI*S***XX*1366419582~REF*EA*A1C76AF9EE4549B993907E54A34BDF4D~DTM*232*20200302~DTM*233*20200302~SVC*HC:99214:25*134*95.11**1~DTM*472*20200302~CAS*PR*3*2~CAS*CO*45*36.89~REF*6R*CPFU6NCL3TX4~AMT*B6*97.11~LQ*HE*N77~LQ*HE*N381~LQ*HE*N381~SVC*HC:81025*15*8.42**1~DTM*472*20200302~CAS*CO*45*6.58~REF*6R*CPFU779ECCGO~AMT*B6*8.42~LQ*HE*N77~LQ*HE*N381~CLP*000100030581*4*65*0**MC*2020101044099~NM1*QC*1*AHRING*GAGE*R***MR*P911955~NM1*82*1*SANCHEZ*LEANN*V***XX*1508990961~REF*EA*AE68CC68694A46B6955B1F40D434D182~DTM*232*20200226~DTM*233*20200226~SVC*HC:90832*65*0**0**1~DTM*472*20200226~CAS*PI*16*65~REF*6R*CPFUZQZUMWJR~LQ*HE*N77~LQ*HE*MA70~CLP*000100029830*4*120*0**MC*2020101044103~NM1*QC*1*AHRING*GAGE*R***MR*P911955~NM1*82*1*SANCHEZ*LEANN*V***XX*1508990961~REF*EA*D838A9C711BD478DBDD8B55E420DC5A1~DTM*232*20200212~DTM*233*20200212~SVC*HC:90791:HE*120*0**0**1~DTM*472*20200212~CAS*PI*16*120~REF*6R*CPFU2DKSVYK4~LQ*HE*N77~LQ*HE*MA70~CLP*000100032249*4*15*0**MC*2020101044073~NM1*QC*1*ARPAN*JERIQAH****MR*G223525~NM1*82*1*GRONEMEYER*LEANNE*R***XX*1659521045~REF*EA*9BE2A6F849154D4BA7CC247BA6DD3BF9~DTM*232*20200326~DTM*233*20200326~SVC*HC:81025:FP*15*0**0**1~DTM*472*20200326~CAS*PI*5*15~REF*6R*CPFUQMAUAFBL~LQ*HE*M77~CLP*000100032313*4*108.83*0**MC*2020101043899~NM1*QC*1*CARBAJAL*MELISSA****MR*A287390~NM1*82*1*LEWIS*HOLLY*G***XX*1295234128~REF*EA*61D5DB3DBE224BE68D2FEBAF8412CAA8~DTM*232*20200326~DTM*233*20200326~SVC*HC:H0004*108.83*0**0**1~DTM*472*20200326~CAS*CO*109*108.83~REF*6R*CPFUJ2WB8PJ3~LQ*HE*N77~LQ*HE*N381~CLP*000100031025*4*120*0**MC*2020101044105~NM1*QC*1*YENGICH*CARA*A***MR*O767371~NM1*82*1*SANCHEZ*LEANN*V***XX*1508990961~REF*EA*5443342FD16C40CE890482C9C2A55DAB~DTM*232*20200305~DTM*233*20200305~SVC*HC:90791*120*0**0**1~DTM*472*20200305~CAS*PI*16*120~REF*6R*CPE2QDRN830Y~LQ*HE*N77~LQ*HE*MA70~SE*1176*000010012~GE*1*300007001~IEA*1*300007001~