ISA*00*          *00*          *ZZ*COMEDASSISTPROG*ZZ*6769489        *200921*0234*^*00501*200000678*0*P*:~GS*HP*COMEDASSISTPROG*6769489*20200921*023439*200000678*X*005010X221A1~ST*835*000010012~BPR*I*3849.9*C*ACH*CCP*01*075911603*DA*00000004556640373*1811725341**01*102106569*DA*2200002989138*20200921~TRN*1*001090298*1811725341~REF*EV*1508250911~DTM*405*20200918~N1*PR*CO_TXIX*XV*7912900843~N3*P.O. BOX 30~N4*DENVER*CO*80201~PER*CX*MEDICAID PROVIDER SERVICES*TE*8442352387~PER*BL*MEDICAID PROVIDER SERVICES*TE*8442352387~N1*PE*HEALTH SOLUTIONS MED CENTER*XX*1508250911~REF*TJ*841158933~LX*1~CLP*000100033015*2*178.3*13.11**MC*2020256002153~NM1*QC*1*ALLEN*JODEEN*G***MR*Y428477~NM1*82*1*GRONEMEYER*LEANNE*R***XX*1659521045~REF*EA*DF52E8DBF9B144B98FB4B665C3A9CBDC~DTM*232*20200409~DTM*233*20200409~SVC*HC:99213*178.3*13.11**1~DTM*472*20200409~CAS*CO*45*165.19~REF*6R*CPKAY5KQ481M~AMT*B6*13.11~LQ*HE*N381~LQ*HE*N381~CLP*000100039039*2*327.66*21.99**MC*2020256002158~NM1*QC*1*ALLEN*JODEEN*G***MR*Y428477~NM1*82*1*GRONEMEYER*LEANNE*R***XX*1659521045~REF*EA*2204F5DE180C4EC8B7CB4BE73F18751E~DTM*232*20200812~DTM*233*20200812~SVC*HC:99214:25*272.99*19**1~DTM*472*20200812~CAS*CO*45*253.99~REF*6R*CPKALNX5V8UJ~AMT*B6*19~LQ*HE*N45~LQ*HE*N381~LQ*HE*N381~SVC*HC:93000*54.67*2.99**1~DTM*472*20200812~CAS*CO*45*51.68~REF*6R*CPKA6MK9PIE6~AMT*B6*2.99~LQ*HE*N381~LQ*HE*N381~CLP*000100033015*2*55*2.28**MC*2020259003853~NM1*QC*1*ALLEN*JODEEN*G***MR*Y428477~NM1*82*1*GRONEMEYER*LEANNE*R***XX*1659521045~REF*EA*2BCAFADAEA26400FB1B29C9C01C119A7~DTM*232*20200409~DTM*233*20200409~SVC*HC:G2012*55*2.28**1~DTM*472*20200409~CAS*OA*P22*52.72~REF*6R*CPK2D7WB9ADN~AMT*B6*2.28~LQ*HE*MA125~CLP*000100039351*2*178.3*12.69**MC*2020259003852~NM1*QC*1*COWLING*CHRISTOPH****MR*D759791~NM1*82*1*CADDALI*ESTRELLA*A***XX*1164974580~REF*EA*F1330B1E8FA94D978FC2E86E37544FFB~DTM*232*20200818~DTM*233*20200818~SVC*HC:99213:95*178.3*12.69**1~DTM*472*20200818~CAS*CO*45*165.61~REF*6R*CPK2FT3CBEBU~AMT*B6*12.69~LQ*HE*N45~LQ*HE*N381~LQ*HE*N381~CLP*000100027198*2*134*18.93**MC*2020256002143~NM1*QC*1*GRABER*CANDACE*R***MR*J031557~NM1*82*1*GRONEMEYER*LEANNE*R***XX*1659521045~REF*EA*DEFF0730A6A644B693A64BF3F052CCB8~DTM*232*20191223~DTM*233*20191223~SVC*HC:99214*134*18.93**1~DTM*472*20191223~CAS*CO*45*115.07~REF*6R*CPKQIYLESY71~AMT*B6*18.93~LQ*HE*N381~LQ*HE*N381~CLP*000100026931*2*228.15*10.84**MC*2020256002159~NM1*QC*1*GUTIERREZ*JANEICE*J***MR*L456661~NM1*82*1*HOOSHMAND-PARSI*KAYHOSROW****XX*1447291851~REF*EA*1F444F433BF043A8B063663BF5616A80~DTM*232*20191218~DTM*233*20191218~SVC*HC:G0439:25*145*0**1~DTM*472*20191218~CAS*OA*P22*145~REF*6R*CPKQ6HJSCWTS~LQ*HE*MA125~SVC*HC:93000*23.15*3.5**1~DTM*472*20191218~CAS*CO*45*19.65~REF*6R*CPKQQSOHVAEZ~AMT*B6*3.5~LQ*HE*N381~LQ*HE*N381~SVC*HC:G0444*20*0**1~DTM*472*20191218~CAS*CO*45*20~REF*6R*CPKQB0SUH4WC~SVC*HC:G0396*40*7.34**1~DTM*472*20191218~CAS*OA*P22*32.66~REF*6R*CPKQN40SH7JB~AMT*B6*7.34~LQ*HE*MA125~CLP*000100039084*2*272.99*19**MC*2020256002170~NM1*QC*1*HUBBARD*LORI*E***MR*K898939~NM1*82*1*GRONEMEYER*LEANNE*R***XX*1659521045~REF*EA*40B565157298487199C43F9B9D40BCAD~DTM*232*20200813~DTM*233*20200813~SVC*HC:99214*272.99*19**1~DTM*472*20200813~CAS*CO*45*253.99~REF*6R*CPKAPG55D6YD~AMT*B6*19~LQ*HE*N45~LQ*HE*N381~LQ*HE*N381~CLP*000100039374*2*178.3*12.69**MC*2020259003848~NM1*QC*1*LOPEZ*JOSE*T***MR*I605668~NM1*82*1*CADDALI*ESTRELLA*A***XX*1164974580~REF*EA*258C57C517854721B6F0905E6FCBC527~DTM*232*20200819~DTM*233*20200819~SVC*HC:99213:95*178.3*12.69**1~DTM*472*20200819~CAS*CO*45*165.61~REF*6R*CPK2KA2G33UJ~AMT*B6*12.69~LQ*HE*N45~LQ*HE*N381~LQ*HE*N381~CLP*000100037987*2*137.81*6.81**MC*2020259003865~NM1*QC*1*MAJOR*MARION*J***MR*O960190~NM1*82*1*HOOSHMAND-PARSI*KAYHOSROW****XX*1447291851~REF*EA*BF5540768B3849158A6FE721B968AC2E~DTM*232*20200722~DTM*233*20200722~SVC*HC:G0444*30.75*0**0**1~DTM*472*20200722~CAS*PI*5*30.75~REF*6R*CPK2COA324PQ~LQ*HE*M77~LQ*HE*M77~LQ*HE*M77~SVC*HC:G0396*107.06*6.81**1~DTM*472*20200722~CAS*OA*P22*100.25~REF*6R*CPK290PP99CM~AMT*B6*6.81~LQ*HE*MA125~LQ*HE*MA125~CLP*000100039596*2*178.3*65.15**MC*2020259003863~NM1*QC*1*MARQUEZ*ERNEST*A***MR*H996555~NM1*82*1*CADDALI*ESTRELLA*A***XX*1164974580~REF*EA*847F015D86314030831D91CF635B0D3F~DTM*232*20200825~DTM*233*20200825~SVC*HC:99213*178.3*65.15**1~DTM*472*20200825~CAS*CO*45*113.15~REF*6R*CPS6BG138QW3~AMT*B6*65.15~LQ*HE*N45~LQ*HE*N381~CLP*000100039409*2*272.99*29.96**MC*2020256002151~NM1*QC*1*MARTINEZ*PAULINE*M***MR*I735002~NM1*82*1*CADDALI*ESTRELLA*A***XX*1164974580~REF*EA*75ECCA50FD5B41A0B6FC1397BBA408BF~DTM*232*20200819~DTM*233*20200819~SVC*HC:99214*272.99*29.96**1~DTM*472*20200819~CAS*CO*45*243.03~REF*6R*CPKAHV766I4U~AMT*B6*29.96~LQ*HE*N45~LQ*HE*N381~LQ*HE*N381~CLP*000100039062*2*178.3*12.69**MC*2020256002162~NM1*QC*1*NIOUS*LATEEFAH*S***MR*J459949~NM1*82*1*GRONEMEYER*LEANNE*R***XX*1659521045~REF*EA*AEF74E1C31FB4495AB534BA75223D4B2~DTM*232*20200813~DTM*233*20200813~SVC*HC:99213:95*178.3*12.69**1~DTM*472*20200813~CAS*CO*45*165.61~REF*6R*CPKALRTIL6U6~AMT*B6*12.69~LQ*HE*N45~LQ*HE*N381~LQ*HE*N381~CLP*000100039065*2*272.99*19**MC*2020256002148~NM1*QC*1*SWETKY*VICTOR****MR*N729768~NM1*82*1*GRONEMEYER*LEANNE*R***XX*1659521045~REF*EA*E84DB27CDB3A4ACD824DA69ABDB598AE~DTM*232*20200813~DTM*233*20200813~SVC*HC:99214*272.99*19**1~DTM*472*20200813~CAS*CO*45*253.99~REF*6R*CPKADC72V7DG~AMT*B6*19~LQ*HE*N45~LQ*HE*N381~LQ*HE*N381~CLP*000100031457*2*134*9.48**MC*2020256002145~NM1*QC*1*THOMAS*SIDNEY****MR*B976371~NM1*82*1*HOOSHMAND-PARSI*KAYHOSROW****XX*1447291851~REF*EA*FD4AC7F9C1DA433EACB041C653D3B428~DTM*232*20200312~DTM*233*20200312~SVC*HC:99214*134*9.48**1~DTM*472*20200312~CAS*CO*45*124.52~REF*6R*CPKAWD8PKLIC~AMT*B6*9.48~LQ*HE*N381~LQ*HE*N381~CLP*000100038851*2*410.8*14.12**MC*2020256002147~NM1*QC*1*THOMAS*SIDNEY****MR*B976371~NM1*82*1*HOOSHMAND-PARSI*KAYHOSROW****XX*1447291851~REF*EA*9EB20047F6D24B3D8AD36F2D70265AA7~DTM*232*20200810~DTM*233*20200810~SVC*HC:99214:95:25*272.99*6.72**1~DTM*472*20200810~CAS*CO*45*266.27~REF*6R*CPKAHFXSU57Q~AMT*B6*6.72~LQ*HE*N45~LQ*HE*N381~LQ*HE*N381~SVC*HC:G0444:95*30.75*0**1~DTM*472*20200810~CAS*CO*45*30.75~REF*6R*CPKAADP4APC2~SVC*HC:G0396*107.06*7.4**1~DTM*472*20200810~CAS*OA*P22*99.66~REF*6R*CPKA0893N0SX~AMT*B6*7.4~LQ*HE*MA125~CLP*000100039295*2*272.99*19**MC*2020256002178~NM1*QC*1*TUTTLE*CHRISTOPH*D***MR*W102437~NM1*82*1*CADDALI*ESTRELLA*A***XX*1164974580~REF*EA*7F3A241A1B1545A695D2B4FD71BAB5D3~DTM*232*20200818~DTM*233*20200818~SVC*HC:99214*272.99*19**1~DTM*472*20200818~CAS*CO*45*253.99~REF*6R*CPKA1CAGXH9O~AMT*B6*19~LQ*HE*N45~LQ*HE*N381~LQ*HE*N381~CLP*000100039381*2*178.3*12.69**MC*2020259003858~NM1*QC*1*VIGIL*AUGUSTINE****MR*Y811310~NM1*82*1*GRONEMEYER*LEANNE*R***XX*1659521045~REF*EA*6FBA41A48F3A4CBA97C5BB07FCD32F76~DTM*232*20200819~DTM*233*20200819~SVC*HC:99213*178.3*12.69**1~DTM*472*20200819~CAS*CO*45*165.61~REF*6R*CPK28T9Q60EF~AMT*B6*12.69~LQ*HE*N45~LQ*HE*N381~LQ*HE*N381~CLP*000100040128*1*178.3*65.15**MC*2020261038649~NM1*QC*1*AMORIN*KALIZMA****MR*P525380~NM1*82*1*CADDALI*ESTRELLA*A***XX*1164974580~REF*EA*9BACD0A6748245EDB848AAE480C59F26~DTM*232*20200903~DTM*233*20200903~SVC*HC:99213*178.3*65.15**1~DTM*472*20200903~CAS*CO*45*113.15~REF*6R*CPTALQ5LJFHA~AMT*B6*65.15~LQ*HE*N45~LQ*HE*N381~CLP*000100040076*1*272.99*96.14**MC*2020261038341~NM1*QC*1*CHAVEZ*JACQUELINE*M***MR*G934658~NM1*74*1*ANDERSON*JACKIE~NM1*82*1*TSAMBIKOS*RICHARD****XX*1467985713~REF*EA*1436A7CA9AD640058C24AA85E243AE13~DTM*232*20200902~DTM*233*20200902~SVC*HC:99214*272.99*96.14**1~DTM*472*20200902~CAS*CO*45*176.85~REF*6R*CPTAZANANGXN~AMT*B6*96.14~LQ*HE*N45~LQ*HE*N381~CLP*000100040079*1*272.99*96.14**MC*2020261038629~NM1*QC*1*ARCHULETA*MANUEL****MR*H389850~NM1*82*1*HOOSHMAND-PARSI*KAYHOSROW****XX*1447291851~REF*EA*25742D1ECEA1403B9C2A3F451A846311~DTM*232*20200902~DTM*233*20200902~SVC*HC:99214*272.99*96.14**1~DTM*472*20200902~CAS*CO*45*176.85~REF*6R*CPTA9KK7G3MJ~AMT*B6*96.14~LQ*HE*N45~LQ*HE*N381~CLP*000100039709*1*540.07*167.79*2*MC*2020261038690~NM1*QC*1*BOYER*KRISSY*M***MR*P863345~NM1*82*1*TSAMBIKOS*RICHARD****XX*1467985713~REF*EA*6CD984022BF74574A5A09B64AF469A89~DTM*232*20200826~DTM*233*20200826~SVC*HC:99204:25*450.07*146.09**1~DTM*472*20200826~CAS*PR*3*2~CAS*CO*45*301.98~REF*6R*CPTAV6KWISUL~AMT*B6*148.09~LQ*HE*N45~LQ*HE*N381~LQ*HE*N381~SVC*HC:H0049*50*10.81**1~DTM*472*20200826~CAS*CO*45*39.19~REF*6R*CPTAIC3QHR13~AMT*B6*10.81~LQ*HE*N381~SVC*HC:G8510*40*10.89**1~DTM*472*20200826~CAS*CO*45*29.11~REF*6R*CPTAMEM4CMJJ~AMT*B6*10.89~LQ*HE*N45~LQ*HE*N381~CLP*000100040015*1*178.3*65.15**MC*2020261038435~NM1*QC*1*CAYSON*HAILEY****MR*Y373733~NM1*82*1*CADDALI*ESTRELLA*A***XX*1164974580~REF*EA*41DDD2588C0246B789D5687FA9010E49~DTM*232*20200902~DTM*233*20200902~SVC*HC:99213*178.3*65.15**1~DTM*472*20200902~CAS*CO*45*113.15~REF*6R*CPTARQRSTEO1~AMT*B6*65.15~LQ*HE*N45~LQ*HE*N381~CLP*000100040137*1*178.3*65.15**MC*2020261038444~NM1*QC*1*CAYSON*HAILEY****MR*Y373733~NM1*82*1*CADDALI*ESTRELLA*A***XX*1164974580~REF*EA*43904FDF183F4CEA9B3EC9BFDC0C67AE~DTM*232*20200903~DTM*233*20200903~SVC*HC:99213*178.3*65.15**1~DTM*472*20200903~CAS*CO*45*113.15~REF*6R*CPTA78ULMCJ7~AMT*B6*65.15~LQ*HE*N45~LQ*HE*N381~CLP*000100040021*1*646.6*251.3**MC*2020261038566~NM1*QC*1*CHADDIC*KARINA*A***MR*Y573460~NM1*82*1*TSAMBIKOS*RICHARD****XX*1467985713~REF*EA*241C0C3D1CCC400AB02F806B299B3592~DTM*232*20200902~DTM*233*20200902~SVC*HC:99204:25*450.07*148.09**1~DTM*472*20200902~CAS*CO*45*301.98~REF*6R*CPTA73JEP2V4~AMT*B6*148.09~LQ*HE*N45~LQ*HE*N381~SVC*HC:90471*53.53*19.27**1~DTM*472*20200902~CAS*CO*45*34.26~REF*6R*CPTANO8CH9DN~AMT*B6*19.27~LQ*HE*N45~LQ*HE*N381~SVC*HC:90715*53*42.92**1~DTM*472*20200902~CAS*CO*45*10.08~REF*6R*CPTAAU8ARE01~AMT*B6*42.92~LQ*HE*N381~SVC*HC:H0049*50*10.81**1~DTM*472*20200902~CAS*CO*45*39.19~REF*6R*CPTABLEBJBWK~AMT*B6*10.81~LQ*HE*N381~SVC*HC:G8431*40*30.21**1~DTM*472*20200902~CAS*CO*45*9.79~REF*6R*CPTACPMCGC60~AMT*B6*30.21~LQ*HE*N45~LQ*HE*N381~CLP*000100040351*1*178.3*65.15**MC*2020261038475~NM1*QC*1*DAVIS*KELLY****MR*W637291~NM1*82*1*GRONEMEYER*LEANNE*R***XX*1659521045~REF*EA*568F946E31FA4E60A51DBFFF90C5A970~DTM*232*20200909~DTM*233*20200909~SVC*HC:99213*178.3*65.15**1~DTM*472*20200909~CAS*CO*45*113.15~REF*6R*CPTAACF1YMGP~AMT*B6*65.15~LQ*HE*N45~LQ*HE*N381~CLP*000100040067*1*272.99*96.14**MC*2020261038618~NM1*QC*1*DOUGLAS*AMANDA****MR*J877181~NM1*82*1*CADDALI*ESTRELLA*A***XX*1164974580~REF*EA*6B18D610C3AA4FA1A1F6A62702BE08F1~DTM*232*20200902~DTM*233*20200902~SVC*HC:99214*272.99*96.14**1~DTM*472*20200902~CAS*CO*45*176.85~REF*6R*CPTAX1KSYS41~AMT*B6*96.14~LQ*HE*N45~LQ*HE*N381~CLP*000100039283*1*217.66*54.8**MC*2020261038318~NM1*QC*1*DUGGAN*WILLIAM*C***MR*P934905~NM1*82*1*LEWIS*HOLLY*G***XX*1295234128~REF*EA*0F0B61D0C63C4099B976A4A32F48D9AE~DTM*232*20200818~DTM*233*20200818~SVC*HC:90832*217.66*54.8**1~DTM*472*20200818~CAS*CO*45*162.86~REF*6R*CPTAEE54FES7~AMT*B6*54.8~LQ*HE*N381~CLP*000100039077*1*467.15*165.17**MC*2020261038500~NM1*QC*1*DUGGAN*WILLIAM*C***MR*P934905~NM1*82*1*GRONEMEYER*LEANNE*R***XX*1659521045~REF*EA*8C3C49689B894FBEB86E020107EA8B66~DTM*232*20200813~DTM*233*20200813~SVC*HC:99204:25*450.07*148.09**1~DTM*472*20200813~CAS*CO*45*301.98~REF*6R*CPTAB2LDUL4J~AMT*B6*148.09~LQ*HE*N45~LQ*HE*N381~SVC*HC:96127:59*17.08*17.08**1~DTM*472*20200813~REF*6R*CPTAJVLPSNJU~AMT*B6*17.08~CLP*000100040282*1*178.3*63.15*2*MC*2020261038451~NM1*QC*1*HELM*KARA*A***MR*O558457~NM1*82*1*CADDALI*ESTRELLA*A***XX*1164974580~REF*EA*B0BA6547E3684A74A8230D4CC542AC92~DTM*232*20200909~DTM*233*20200909~SVC*HC:99213*178.3*63.15**1~DTM*472*20200909~CAS*PR*3*2~CAS*CO*45*113.15~REF*6R*CPTACG1VZBU4~AMT*B6*65.15~LQ*HE*N45~LQ*HE*N381~LQ*HE*N381~CLP*000100040016*1*178.3*63.15*2*MC*2020261038466~NM1*QC*1*HELM*KARA*A***MR*O558457~NM1*82*1*CADDALI*ESTRELLA*A***XX*1164974580~REF*EA*8A2D1482D18645098B6E0E57FA0A1BAA~DTM*232*20200902~DTM*233*20200902~SVC*HC:99213*178.3*63.15**1~DTM*472*20200902~CAS*PR*3*2~CAS*CO*45*113.15~REF*6R*CPTAFYPRUN04~AMT*B6*65.15~LQ*HE*N45~LQ*HE*N381~LQ*HE*N381~CLP*000100040080*1*178.3*65.15**MC*2020261038382~NM1*QC*1*JACKSON*JULISSA*R***MR*P315853~NM1*82*1*CADDALI*ESTRELLA*A***XX*1164974580~REF*EA*E25DB31ED1584ECD80A7CA3B499870F0~DTM*232*20200902~DTM*233*20200902~SVC*HC:99213*178.3*65.15**1~DTM*472*20200902~CAS*CO*45*113.15~REF*6R*CPTA7Z36ACAG~AMT*B6*65.15~LQ*HE*N45~LQ*HE*N381~CLP*000100040081*1*178.3*65.15**MC*2020261038530~NM1*QC*1*JACKSON*TANESHUA****MR*G112920~NM1*82*1*CADDALI*ESTRELLA*A***XX*1164974580~REF*EA*D9020ACB022C4F92B7EEEE9C146D7B75~DTM*232*20200902~DTM*233*20200902~SVC*HC:99213*178.3*65.15**1~DTM*472*20200902~CAS*CO*45*113.15~REF*6R*CPTAJKG1Y0DJ~AMT*B6*65.15~LQ*HE*N45~LQ*HE*N381~CLP*000100037321*1*105*41.02**MC*2020261038659~NM1*QC*1*KINCAID*JANAY*L***MR*Y577521~NM1*82*1*SEARLES*DENISE*A***XX*1396971230~REF*EA*543CA13F24AA4B3DBF55067DA67DC48E~DTM*232*20200709~DTM*233*20200709~SVC*HC:81025*15*0**0**1~DTM*472*20200709~CAS*PI*5*15~REF*6R*CPTAA8BVJ2R4~LQ*HE*N59~LQ*HE*M77~SVC*HC:H0049*50*10.81**1~DTM*472*20200709~CAS*CO*45*39.19~REF*6R*CPTAW6FIZAEJ~AMT*B6*10.81~LQ*HE*N59~LQ*HE*N381~SVC*HC:G8431*40*30.21**1~DTM*472*20200709~CAS*CO*45*9.79~REF*6R*CPTAAFEWX5IU~AMT*B6*30.21~LQ*HE*N59~LQ*HE*N45~LQ*HE*N381~CLP*000100040111*1*272.99*96.14**MC*2020261038584~NM1*QC*1*LARK*WILLIAM*R***MR*K533858~NM1*82*1*CADDALI*ESTRELLA*A***XX*1164974580~REF*EA*FEDD95466BFC486784F8BBC5D3D0F938~DTM*232*20200903~DTM*233*20200903~SVC*HC:99214*272.99*96.14**1~DTM*472*20200903~CAS*CO*45*176.85~REF*6R*CPTAZJODMRUL~AMT*B6*96.14~LQ*HE*N45~LQ*HE*N381~CLP*000100039926*1*319.06*115.74**MC*2020261038521~NM1*QC*1*MARSH*SHANE*D***MR*P470829~NM1*82*1*TSAMBIKOS*RICHARD****XX*1467985713~REF*EA*75FD83126C214070A3C7D7472A06A73B~DTM*232*20200901~DTM*233*20200901~SVC*HC:99214:25*272.99*96.14**1~DTM*472*20200901~CAS*CO*45*176.85~REF*6R*CPTAIRADUR5O~AMT*B6*96.14~LQ*HE*N45~LQ*HE*N381~SVC*HC:98926*46.07*19.6**1~DTM*472*20200901~CAS*CO*45*26.47~REF*6R*CPTAWN94YCFB~AMT*B6*19.6~LQ*HE*N381~CLP*000100039990*1*178.3*65.15**MC*2020261038374~NM1*QC*1*METOYER*RYAN*Q***MR*G506439~NM1*82*1*CADDALI*ESTRELLA*A***XX*1164974580~REF*EA*EDFC85A8037A4645928588CBE38DB7DD~DTM*232*20200901~DTM*233*20200901~SVC*HC:99213*178.3*65.15**1~DTM*472*20200901~CAS*CO*45*113.15~REF*6R*CPTAK27HT7I0~AMT*B6*65.15~LQ*HE*N45~LQ*HE*N381~CLP*000100040266*1*217.66*54.8**MC*2020261038267~NM1*QC*1*MILLION*VICKI*L***MR*I504747~NM1*82*1*LEWIS*HOLLY*G***XX*1295234128~REF*EA*D7493F7D2E5A4F198ADEDA1D7A446733~DTM*232*20200908~DTM*233*20200908~SVC*HC:90832*217.66*54.8**1~DTM*472*20200908~CAS*CO*45*162.86~REF*6R*CPTANVQ8I7GB~AMT*B6*54.8~LQ*HE*N381~CLP*000100039865*1*272.3*107.54*2*MC*2020261038577~NM1*QC*1*MITCHELL*DEBORAH****MR*W309719~NM1*82*1*CADDALI*ESTRELLA*A***XX*1164974580~REF*EA*EF8133707F504AA08FB3E31A98958BE1~DTM*232*20200828~DTM*233*20200828~SVC*HC:99213:25*178.3*63.15**1~DTM*472*20200828~CAS*PR*3*2~CAS*CO*45*113.15~REF*6R*CPTACF9IEMTT~AMT*B6*65.15~LQ*HE*N45~LQ*HE*N381~LQ*HE*N381~SVC*HC:81002*4*3.37**1~DTM*472*20200828~CAS*CO*45*.63~REF*6R*CPTA3Q079L0O~AMT*B6*3.37~LQ*HE*N381~SVC*HC:H0049*50*10.81**1~DTM*472*20200828~CAS*CO*45*39.19~REF*6R*CPTARVO1J9V1~AMT*B6*10.81~LQ*HE*N381~SVC*HC:G8431*40*30.21**1~DTM*472*20200828~CAS*CO*45*9.79~REF*6R*CPTAIYQA4EV5~AMT*B6*30.21~LQ*HE*N45~LQ*HE*N381~CLP*000100039997*1*88.54*39**MC*2020261038510~NM1*QC*1*MOLZOW*THOMAS*P***MR*O956576~NM1*82*1*HOOSHMAND-PARSI*KAYHOSROW****XX*1447291851~REF*EA*7957FA463FF5436FB0E26C69A993CACB~DTM*232*20200901~DTM*233*20200901~SVC*HC:99212*88.54*39**1~DTM*472*20200901~CAS*CO*45*49.54~REF*6R*CPTA5TLOWBNB~AMT*B6*39~LQ*HE*N45~LQ*HE*N381~CLP*000100039955*1*172*67.91*1*MC*2020261038594~NM1*QC*1*ORTEGA*STYLES****MR*Y046561~NM1*82*1*HOOSHMAND-PARSI*KAYHOSROW****XX*1447291851~REF*EA*8CE5F5B4D7AD4BFA87607CF7ABEBD16F~DTM*232*20200901~DTM*233*20200901~SVC*HC:93000*54.67*21.29**1~DTM*472*20200901~CAS*CO*45*33.38~REF*6R*CPTA2I9LD64E~AMT*B6*21.29~LQ*HE*N59~LQ*HE*N381~SVC*HC:H0049*50*10.81**1~DTM*472*20200901~CAS*CO*45*39.19~REF*6R*CPTA06A9BGYZ~AMT*B6*10.81~LQ*HE*N59~LQ*HE*N381~SVC*HC:G8431*40*30.21**1~DTM*472*20200901~CAS*CO*45*9.79~REF*6R*CPTA3IUXO6KD~AMT*B6*30.21~LQ*HE*N59~LQ*HE*N45~LQ*HE*N381~SVC*HC:86580*27.33*5.6**1~DTM*472*20200901~CAS*PR*3*1~CAS*CO*45*20.73~REF*6R*CPTA89AGO57A~AMT*B6*6.6~LQ*HE*N59~LQ*HE*N381~LQ*HE*N381~CLP*000100040300*1*15*7.34*1*MC*2020261038668~NM1*QC*1*PADILLA*ELISIA*M***MR*V813661~NM1*82*1*SEARLES*DENISE*A***XX*1396971230~REF*EA*6D7878126E9B4C558B4948AF22D18A0C~DTM*232*20200909~DTM*233*20200909~SVC*HC:81025*15*7.34**1~DTM*472*20200909~CAS*PR*3*1~CAS*CO*45*6.66~REF*6R*CPTA6YETO1CE~AMT*B6*8.34~LQ*HE*N59~LQ*HE*N381~LQ*HE*N381~CLP*000100039956*1*549.17*188.41**MC*2020261038354~NM1*QC*1*PALUMBO*MICHAELA*S***MR*S474311~NM1*82*1*TSAMBIKOS*RICHARD****XX*1467985713~REF*EA*2F4C1B027C114068B1A50607280B0773~DTM*232*20200901~DTM*233*20200901~SVC*HC:99204:25*450.07*148.09**1~DTM*472*20200901~CAS*CO*45*301.98~REF*6R*CPTAJ57P04YY~AMT*B6*148.09~LQ*HE*N45~LQ*HE*N381~SVC*HC:99406*17.1*12.43**1~DTM*472*20200901~CAS*CO*45*4.67~REF*6R*CPTAKVBRCCL3~AMT*B6*12.43~LQ*HE*N45~LQ*HE*N381~SVC*HC:93000*54.67*21.29**1~DTM*472*20200901~CAS*CO*45*33.38~REF*6R*CPTA556CIL3W~AMT*B6*21.29~LQ*HE*N381~SVC*HC:86580*27.33*6.6**1~DTM*472*20200901~CAS*CO*45*20.73~REF*6R*CPTAV97L4OBK~AMT*B6*6.6~LQ*HE*N381~CLP*000100040283*1*178.3*65.15**MC*2020261038363~NM1*QC*1*PALUMBO*MICHAELA*S***MR*S474311~NM1*82*1*CADDALI*ESTRELLA*A***XX*1164974580~REF*EA*C06C2F8FAB2F4E72B55BB3F1511D75CB~DTM*232*20200909~DTM*233*20200909~SVC*HC:99213*178.3*65.15**1~DTM*472*20200909~CAS*CO*45*113.15~REF*6R*CPTAIYU6J39H~AMT*B6*65.15~LQ*HE*N45~LQ*HE*N381~CLP*000100039991*1*232.97*86.44**MC*2020261038430~NM1*QC*1*PARADISO*CHEYENNE*B***MR*G885608~NM1*82*1*CADDALI*ESTRELLA*A***XX*1164974580~REF*EA*A9F048BB3E9B4717B8FC599AC7AA24FA~DTM*232*20200901~DTM*233*20200901~SVC*HC:99213:25*178.3*65.15**1~DTM*472*20200901~CAS*CO*45*113.15~REF*6R*CPTA8NH9BE31~AMT*B6*65.15~LQ*HE*N45~LQ*HE*N381~SVC*HC:93000*54.67*21.29**1~DTM*472*20200901~CAS*CO*45*33.38~REF*6R*CPTAC0QH6QT3~AMT*B6*21.29~LQ*HE*N381~CLP*000100039954*1*217.66*54.8**MC*2020261038326~NM1*QC*1*PAULSEN*STACY*C***MR*W216187~NM1*82*1*LEWIS*HOLLY*G***XX*1295234128~REF*EA*BF08948619BB45DF927FE1AAFF866C80~DTM*232*20200901~DTM*233*20200901~SVC*HC:90832*217.66*54.8**1~DTM*472*20200901~CAS*CO*45*162.86~REF*6R*CPTAYLW3MVWP~AMT*B6*54.8~LQ*HE*N381~CLP*000100040316*1*272.99*96.14**MC*2020261038623~NM1*QC*1*PAULSEN*STACY*C***MR*W216187~NM1*82*1*CADDALI*ESTRELLA*A***XX*1164974580~REF*EA*86B303CA14654720B9D02F1ABAE078AD~DTM*232*20200909~DTM*233*20200909~SVC*HC:99214*272.99*96.14**1~DTM*472*20200909~CAS*CO*45*176.85~REF*6R*CPTAKK07CWCC~AMT*B6*96.14~LQ*HE*N45~LQ*HE*N381~CLP*000100032500*1*178.3*65.81**MC*2020261038605~NM1*QC*1*PEARCE*HOPE*E***MR*Y742739~NM1*82*1*GRONEMEYER*LEANNE*R***XX*1659521045~REF*EA*C74B6AD6400A4277952A521F70C91A65~DTM*232*20200331~DTM*233*20200331~SVC*HC:99213*178.3*65.81**1~DTM*472*20200331~CAS*CO*45*112.49~REF*6R*CPTA5312BZ7I~AMT*B6*65.81~LQ*HE*N381~CLP*000100039968*1*540.07*189.11**MC*2020261038674~NM1*QC*1*POPE*YVETTE*M***MR*Q003915~NM1*82*1*TSAMBIKOS*RICHARD****XX*1467985713~REF*EA*1EFC865795294072BA7FE2877B29D91E~DTM*232*20200901~DTM*233*20200901~SVC*HC:99204:25*450.07*148.09**1~DTM*472*20200901~CAS*CO*45*301.98~REF*6R*CPTA5ASW8L4T~AMT*B6*148.09~LQ*HE*N45~LQ*HE*N381~SVC*HC:H0049*50*10.81**1~DTM*472*20200901~CAS*CO*45*39.19~REF*6R*CPTACEXFWU3N~AMT*B6*10.81~LQ*HE*N381~SVC*HC:G8431*40*30.21**1~DTM*472*20200901~CAS*CO*45*9.79~REF*6R*CPTACBBM39KJ~AMT*B6*30.21~LQ*HE*N45~LQ*HE*N381~CLP*000100040271*1*272.99*96.14**MC*2020261038640~NM1*QC*1*QUINTANA*PRAXEDES*J***MR*K356151~NM1*74*1*QUNITANA~NM1*82*1*TSAMBIKOS*RICHARD****XX*1467985713~REF*EA*F68FF4BCDFC5443496866D1E99F269D6~DTM*232*20200908~DTM*233*20200908~SVC*HC:99214*272.99*96.14**1~DTM*472*20200908~CAS*CO*45*176.85~REF*6R*CPTAL9KTAXJK~AMT*B6*96.14~LQ*HE*N45~LQ*HE*N381~CLP*000100039945*1*272.99*96.14**MC*2020261038420~NM1*QC*1*REYES*ANGELEQUE*L***MR*L233631~NM1*82*1*TSAMBIKOS*RICHARD****XX*1467985713~REF*EA*BF328642B1A74734A7C05CDE71D419A3~DTM*232*20200901~DTM*233*20200901~SVC*HC:99214*272.99*96.14**1~DTM*472*20200901~CAS*CO*45*176.85~REF*6R*CPTADPEYYT5V~AMT*B6*96.14~LQ*HE*N45~LQ*HE*N381~CLP*000100039939*1*272.99*94.14*2*MC*2020261038489~NM1*QC*1*RICH*ELECTRA*C***MR*P928666~NM1*82*1*TSAMBIKOS*RICHARD****XX*1467985713~REF*EA*FF28B39488AA47BBB06448FFF1A87CC2~DTM*232*20200901~DTM*233*20200901~SVC*HC:99214*272.99*94.14**1~DTM*472*20200901~CAS*PR*3*2~CAS*CO*45*176.85~REF*6R*CPTAM2KQ6SG8~AMT*B6*96.14~LQ*HE*N45~LQ*HE*N381~LQ*HE*N381~CLP*000100040262*1*272.99*94.14*2*MC*2020261038558~NM1*QC*1*RIVERA*JANNETTE****MR*Y173829~NM1*82*1*TSAMBIKOS*RICHARD****XX*1467985713~REF*EA*A42877C52002496E8F2E20F07BA0AE60~DTM*232*20200908~DTM*233*20200908~SVC*HC:99214*272.99*94.14**1~DTM*472*20200908~CAS*PR*3*2~CAS*CO*45*176.85~REF*6R*CPTALADE6R76~AMT*B6*96.14~LQ*HE*N45~LQ*HE*N381~LQ*HE*N381~CLP*000100040272*1*272.99*96.14**MC*2020261038679~NM1*QC*1*RUIZ*RACHEL*M***MR*S803725~NM1*82*1*TSAMBIKOS*RICHARD****XX*1467985713~REF*EA*037F49C94726471BBA1C819B8E487804~DTM*232*20200908~DTM*233*20200908~SVC*HC:99214*272.99*96.14**1~DTM*472*20200908~CAS*CO*45*176.85~REF*6R*CPTA9L6XQOGZ~AMT*B6*96.14~LQ*HE*N45~LQ*HE*N381~CLP*000100040149*1*178.3*63.15*2*MC*2020261038664~NM1*QC*1*SOLIZ*EDUARDO*E***MR*P478476~NM1*82*1*HOOSHMAND-PARSI*KAYHOSROW****XX*1447291851~REF*EA*034D5A2A97BB4890A79CA8129DB8B7E9~DTM*232*20200903~DTM*233*20200903~SVC*HC:99213*178.3*63.15**1~DTM*472*20200903~CAS*PR*3*2~CAS*CO*45*113.15~REF*6R*CPTAS2GSWYPE~AMT*B6*65.15~LQ*HE*N45~LQ*HE*N381~LQ*HE*N381~CLP*000100040132*1*178.3*65.15**MC*2020261038397~NM1*QC*1*TRUJILLO*LALONNIE*S***MR*A496702~NM1*82*1*HOOSHMAND-PARSI*KAYHOSROW****XX*1447291851~REF*EA*3FB07334F8C547069498F59F657959F6~DTM*232*20200903~DTM*233*20200903~SVC*HC:99213*178.3*65.15**1~DTM*472*20200903~CAS*CO*45*113.15~REF*6R*CPTA4B9J8TNL~AMT*B6*65.15~LQ*HE*N45~LQ*HE*N381~CLP*000100040195*1*178.3*65.15**MC*2020261038542~NM1*QC*1*VILLASENOR*MIQUEILA*C***MR*K174349~NM1*82*1*CADDALI*ESTRELLA*A***XX*1164974580~REF*EA*64183055059A46A8AC68F174FDA00DBD~DTM*232*20200908~DTM*233*20200908~SVC*HC:99213*178.3*65.15**1~DTM*472*20200908~CAS*CO*45*113.15~REF*6R*CPTA1IDDAF2E~AMT*B6*65.15~LQ*HE*N45~LQ*HE*N381~CLP*000100040038*1*272.99*94.14*2*MC*2020261038502~NM1*QC*1*WELCH*BRITTANY****MR*P124416~NM1*82*1*CADDALI*ESTRELLA*A***XX*1164974580~REF*EA*AF8276F210A348A8A93B6B66CD05A723~DTM*232*20200902~DTM*233*20200902~SVC*HC:99214*272.99*94.14**1~DTM*472*20200902~CAS*PR*3*2~CAS*CO*45*176.85~REF*6R*CPTASSDRH2NN~AMT*B6*96.14~LQ*HE*N45~LQ*HE*N381~LQ*HE*N381~CLP*000100034189*4*17.08*0**MC*2020261038392~NM1*QC*1*BILEK*CHRISTINA*M***MR*W046857~NM1*82*1*HOOSHMAND-PARSI*KAYHOSROW****XX*1447291851~REF*EA*D4CD55F8F7FA45C8839B490141CF1416~DTM*232*20200505~DTM*233*20200505~SVC*HC:96127*17.08*0**0**1~DTM*472*20200505~CAS*PI*16*17.08~REF*6R*CPTA1YBWXGWR~LQ*HE*N30~LQ*HE*MA92~LQ*HE*MA92~CLP*000100038151*4*272.99*0**MC*2020261038351~NM1*QC*1*DIAZ ZERMENO*MARIA*J***MR*Y492828~NM1*74*1*DIAZ~NM1*82*1*GRONEMEYER*LEANNE*R***XX*1659521045~REF*EA*9AAE5D5642D54127BEC26A90BA2069B8~DTM*232*20200727~DTM*233*20200727~SVC*HC:99214*272.99*0**0**1~DTM*472*20200727~CAS*PI*16*272.99~REF*6R*CPTA5PMHO00U~LQ*HE*N30~LQ*HE*MA92~LQ*HE*MA92~CLP*000100037604*4*88.54*0**MC*2020261038340~NM1*QC*1*LEWIS*ANNA*L***MR*O813730~NM1*82*1*LEWIS*HOLLY*G***XX*1295234128~REF*EA*F1F7F8DE67D840598DF53858CE76DAF7~DTM*232*20200715~DTM*233*20200715~SVC*HC:H0002*88.54*0**0**1~DTM*472*20200715~CAS*PI*5*88.54~REF*6R*CPTA8WWG3XD5~LQ*HE*M77~LQ*HE*N519~CLP*000100032723*4*88.54*0**MC*2020261038339~NM1*QC*1*MENGES*AMY*J***MR*Q984196~NM1*82*1*LEWIS*HOLLY*G***XX*1295234128~REF*EA*527E2DE00B9F4471908F08C512783860~DTM*232*20200402~DTM*233*20200402~SVC*HC:H0002*88.54*0**0**1~DTM*472*20200402~CAS*PI*5*88.54~REF*6R*CPTA0TV2TQ4B~LQ*HE*M77~LQ*HE*M77~LQ*HE*N519~LQ*HE*N519~CLP*000100040308*4*1809*0**MC*2020261038647~NM1*QC*1*SEARS*SHAWN*L***MR*N161061~NM1*82*1*GRONEMEYER*LEANNE*R***XX*1659521045~REF*EA*0C2C5B20B1D54E93ACCBE0640E8E723A~DTM*232*20200909~DTM*233*20200909~SVC*HC:J2315*1805*0**0**380~DTM*472*20200909~CAS*CO*109*1805~REF*6R*CPTA40L4G4SD~LQ*HE*N59~LQ*HE*N381~SVC*HC:81002*4*0**0**1~DTM*472*20200909~CAS*CO*109*4~REF*6R*CPTA0ARWQ4KG~LQ*HE*N59~LQ*HE*N381~CLP*000100026147*4*115*0**MC*2020261038637~NM1*QC*1*STOTSKY*JULIE****MR*Y824733~NM1*82*1*LEWIS*HOLLY*G***XX*1295234128~REF*EA*175985E5631449F68062C2BBE36E1E49~DTM*232*20191203~DTM*233*20191203~SVC*HC:90837*115*0**0**1~DTM*472*20191203~CAS*PI*167*115~REF*6R*CPTA0UIUIXKP~LQ*HE*MA63~LQ*HE*MA92~LQ*HE*MA64~LQ*HE*N56~CLP*000100038829*4*217.66*0**MC*2020261038322~NM1*QC*1*WEEKS*KIMBERLY*D***MR*Y066781~NM1*82*1*LEWIS*HOLLY*G***XX*1295234128~REF*EA*70FA06BD55794B9AAE469E6B9D4CEF5B~DTM*232*20200810~DTM*233*20200810~SVC*HC:90832*217.66*0**0**1~DTM*472*20200810~CAS*PI*16*217.66~REF*6R*CPTAE1RD8TIU~LQ*HE*N30~LQ*HE*MA92~LQ*HE*MA92~CLP*000100035089*4*290.21*0**MC*2020261038325~NM1*QC*1*WEEKS*KIMBERLY*D***MR*Y066781~NM1*82*1*LEWIS*HOLLY*G***XX*1295234128~REF*EA*1859E828C74E4DB3A89C1820321C445C~DTM*232*20200520~DTM*233*20200520~SVC*HC:90834*290.21*0**0**1~DTM*472*20200520~CAS*PI*16*290.21~REF*6R*CPTA082UK42C~LQ*HE*N30~LQ*HE*MA92~LQ*HE*MA92~SE*1074*000010012~GE*1*200000678~IEA*1*200000678~