ISA*00*          *00*          *ZZ*HSMC           *ZZ*HSMC           *201029*0925*^*00501*000000042*0*P*:~
GS*HC*HSMC*HSMC*20201029*0925*42*X*005010X222A1~
ST*835*000010012~
BPR*I*1464.81*C*ACH*CCP*01*081517693*DA*152302017586*1205296137**01*102000076*DA*2838835219*20200403~
TRN*1*890321771*1205296137~
REF*EV*E13833~
DTM*405*20200402~
N1*PR*NOVITAS SOLUTIONS, INC.~
N3*PO BOX 3109~
N4*MECHANICSBURG*PA*170551825~
REF*2U*04112~
PER*CX**TE*8552528782~
PER*BL*NOVITAS SOLUTIONS, INC. EDI SERVICES*TE*8552528782*EX*1*EM*WEBSITEEDI@NOVITAS-SOLUTIONS.COM~
N1*PE*SPANISH PEAKS NEW ALTERNATIV*XX*1508250911~
N3*P.O. BOX 30~
N4*PUEBLO*CO*810011366~
REF*TJ*841158933~
LX*1~
CLP*000100028733*1*134*0*121.2*13*AY02482828 0048469065*11*1~
CAS*CO*45*24.19~
NM1*QC*1*ORTIZ*DEBORAH*M***MR*K925625~
NM1*IL*1*GARDUNO*EDWARD*P***MI*R60138227~
NM1*74*1**BARTHOLOMEW*I***C*XFW975M86248~
NM1*82*1*GRONEMEYER*LEANNE*R***XX*1659521045~
NM1*TT*2*INDIVIDUAL ASSURANCE COMPANY*****PI*30360~
NM1*PR*2*ACME INSURANCE*****XV*123456789~
NM1*GB*Smith*Jane~
MIA*0***13018.4~
MOA***MA01*MA18*N793~
REF*1L*76413696~
REF*LU*53~
DTM*232*20200716~
DTM*036*20190531~
DTM*050*20200612~
PER*CX**TE*8552528782~
AMT*B6*119.92~
QTY*ZK*3~
SVC*HC:99215:25*-160*-25.36**1~
DTM*888*20200716~
CAS*CO*45*43.88**253*2.02~
REF*LU*11~
REF*6R*A78910~
REF*HPI*1234567891~
REF*0K*L12345678910~
AMT*B6*425~
LQ*HE*12345~
BADPLB*1234567890*20000930*CV:9876514*-1.27~
SE*1176*000010012~
GE*1*42~
IEA*1*000000042~

