ISA*00*          *00*          *ZZ*HSMC           *ZZ*HSMC           *201029*0925*^*00501*000000042*0*P*:~
GS*HC*HSMC*HSMC*20201029*0925*42*X*005010X222A1~
ST*835*000010012~
BPR*I*1464.81*C*ACH*CCP*01*081517693*DA*152302017586*1205296137**01*102000076*DA*2838835219*20200403~
TRN*1*890321771*1205296137~
CUR*PR*CAD~
REF*EV*840518917~
REF*F2*FS3.21~
DTM*405*20200402~
N1*PR*NOVITAS SOLUTIONS, INC.~
N3*PO BOX 3109~
N4*MECHANICSBURG*PA*170551825~
REF*SY*841158933~
SE*1176*000010012~
GE*1*42~
IEA*1*000000042~

